dimension,calendardate,datekey,reportperiod,fiscalperiod,workingcapital,marketcap,lastupdated,accoci,assets,assetsavg,assetsc,assetsnc,assetturnover,bvps,capex,cashneq,cashnequsd,cor,consolinc,currentratio,de,debt,debtc,debtnc,debtusd,deferredrev,depamor,deposits,divyield,dps,ebit,ebitda,ebitdamargin,ebitdausd,ebitusd,ebt,eps,epsdil,epsusd,equity,equityavg,equityusd,ev,evebit,evebitda,fcf,fcfps,fxusd,gp,grossmargin,intangibles,intexp,invcap,invcapavg,inventory,investments,investmentsc,investmentsnc,liabilities,liabilitiesc,liabilitiesnc,ncf,ncfbus,ncfcommon,ncfdebt,ncfdiv,ncff,ncfi,ncfinv,ncfo,ncfx,netinc,netinccmn,netinccmnusd,netincdis,netincnci,netmargin,opex,opinc,payables,payoutratio,pb,pe,pe1,ppnenet,prefdivis,price,ps,ps1,receivables,retearn,revenue,revenueusd,rnd,roa,roe,roic,ros,sbcomp,sgna,sharefactor,sharesbas,shareswa,shareswadil,sps,tangibles,taxassets,taxexp,taxliabilities,tbvps
ARQ,2018-12-31,2019-06-06,2019-01-31,2019-Q4,49968000.000000,,2025-03-10,98000.000000,433219000.000000,,331388000.000000,101831000.000000,,-10.873000,,88408000.000000,88408000.000000,,,1.178000,-0.744000,0.000000,0.000000,0.000000,0.000000,290067000.000000,,0.000000,,0.000000,,,,,,,,,,-487793000.000000,,-487793000.000000,,,,,,1.000000,,,8995000.000000,,54396000.000000,,0.000000,103247000.000000,103247000.000000,0.000000,363100000.000000,281420000.000000,81680000.000000,,,,,,,,,,,,,,,,,,,6855000.000000,,,,,73735000.000000,,,,,92476000.000000,-519126000.000000,,,,,,,,,,1.000000,196688971.000000,44863000.000000,,,424224000.000000,0.000000,,0.000000,9.456000
ARQ,2019-03-31,2019-07-19,2019-04-30,2020-Q1,8530000.000000,17121473467.000000,2025-03-10,-186000.000000,457361000.000000,,311251000.000000,146110000.000000,,-10.278000,-17525000.000000,92993000.000000,92993000.000000,29273000.000000,-25977000.000000,1.028000,-0.793000,0.000000,0.000000,0.000000,0.000000,315212000.000000,5019000.000000,0.000000,0.000000,0.000000,-25381000.000000,-20362000.000000,-0.212000,-20362000.000000,-25381000.000000,-25382000.000000,-0.550000,-0.550000,-0.550000,-485177000.000000,,-485177000.000000,17028480467.000000,,,-16110000.000000,-0.341000,1.000000,66804000.000000,0.695000,8688000.000000,1000.000000,52959000.000000,,0.000000,82066000.000000,82066000.000000,0.000000,384626000.000000,302721000.000000,81905000.000000,4585000.000000,0.000000,1510000.000000,0.000000,0.000000,-882000.000000,4138000.000000,21663000.000000,1415000.000000,-86000.000000,-25977000.000000,-25977000.000000,-25977000.000000,0.000000,0.000000,-0.270000,92579000.000000,-25775000.000000,9915000.000000,0.000000,-35.289000,,,86349000.000000,0.000000,83.520000,,,87355000.000000,-521685000.000000,96077000.000000,96077000.000000,23875000.000000,,,,,3752000.000000,68704000.000000,1.000000,204998485.000000,47205000.000000,47205000.000000,2.035000,448673000.000000,0.000000,595000.000000,0.000000,9.505000
ARQ,2019-06-30,2019-09-06,2019-07-31,2020-Q2,663651000.000000,15594540325.000000,2025-03-10,-530000.000000,1171586000.000000,,1005432000.000000,166154000.000000,,5.597000,-22944000.000000,732808000.000000,732808000.000000,31582000.000000,-51889000.000000,2.942000,0.609000,0.000000,0.000000,0.000000,0.000000,369762000.000000,5459000.000000,0.000000,0.000000,0.000000,-51090000.000000,-45631000.000000,-0.422000,-45631000.000000,-51090000.000000,-51254000.000000,-0.400000,-0.400000,-0.400000,728097000.000000,,728097000.000000,14861732325.000000,,,-29158000.000000,-0.224000,1.000000,76526000.000000,0.708000,8518000.000000,164000.000000,88479000.000000,,0.000000,94003000.000000,94003000.000000,0.000000,443489000.000000,341781000.000000,101708000.000000,639815000.000000,0.000000,682372000.000000,0.000000,0.000000,680684000.000000,-34392000.000000,-11448000.000000,-6214000.000000,-263000.000000,-51889000.000000,-51889000.000000,-51889000.000000,0.000000,0.000000,-0.480000,127165000.000000,-50639000.000000,1126000.000000,0.000000,21.418000,,,107989000.000000,0.000000,75.980000,,,115256000.000000,-573574000.000000,108108000.000000,108108000.000000,31630000.000000,,,,,29859000.000000,95535000.000000,1.000000,205245332.000000,130091000.000000,130091000.000000,0.831000,1163068000.000000,0.000000,635000.000000,0.000000,8.940000
ARQ,2019-09-30,2019-12-06,2019-10-31,2020-Q3,637616000.000000,10460178485.000000,2025-03-10,-98000.000000,1256054000.000000,,1053220000.000000,202834000.000000,,3.513000,-31587000.000000,743605000.000000,743605000.000000,37355000.000000,-35505000.000000,2.534000,0.752000,0.000000,0.000000,0.000000,0.000000,447639000.000000,5930000.000000,0.000000,0.000000,0.000000,-34939000.000000,-29009000.000000,-0.232000,-29009000.000000,-34939000.000000,-35071000.000000,-0.170000,-0.170000,-0.170000,717042000.000000,,717042000.000000,9716573485.000000,,,7048000.000000,0.035000,1.000000,87764000.000000,0.701000,8431000.000000,132000.000000,88414000.000000,,0.000000,90083000.000000,90083000.000000,0.000000,539012000.000000,415604000.000000,123408000.000000,10797000.000000,0.000000,824000.000000,0.000000,0.000000,-968000.000000,-27262000.000000,4325000.000000,38635000.000000,392000.000000,-35505000.000000,-35505000.000000,-35505000.000000,0.000000,0.000000,-0.284000,126282000.000000,-38518000.000000,5244000.000000,0.000000,14.588000,,,129504000.000000,0.000000,50.890000,,,145694000.000000,-609079000.000000,125119000.000000,125119000.000000,35992000.000000,,,,,21966000.000000,90290000.000000,1.000000,205544871.000000,204096000.000000,204096000.000000,0.613000,1247623000.000000,0.000000,434000.000000,0.000000,6.113000
ARQ,2019-12-31,2020-03-23,2020-01-31,2020-Q4,678540000.000000,10969809622.000000,2025-03-10,1009000.000000,1404906000.000000,,1171636000.000000,233270000.000000,,5.012000,-15431000.000000,264798000.000000,264798000.000000,43416000.000000,-28408000.000000,2.376000,0.892000,0.000000,0.000000,0.000000,0.000000,571168000.000000,7105000.000000,0.000000,0.000000,0.000000,-27930000.000000,-20825000.000000,-0.137000,-20825000.000000,-27930000.000000,-28075000.000000,-0.070000,-0.070000,-0.070000,742107000.000000,,742107000.000000,10705011622.000000,-77.000000,-92.422000,50676000.000000,0.342000,1.000000,108693000.000000,0.715000,8249000.000000,145000.000000,638763000.000000,,0.000000,648266000.000000,647266000.000000,1000000.000000,662299000.000000,493096000.000000,169203000.000000,-478807000.000000,0.000000,24527000.000000,0.000000,0.000000,27310000.000000,-572115000.000000,-556684000.000000,66107000.000000,-109000.000000,-28408000.000000,-28408000.000000,-28408000.000000,0.000000,0.000000,-0.187000,139825000.000000,-31132000.000000,1345000.000000,0.000000,14.782000,-77.373000,-53.594000,136078000.000000,0.000000,51.450000,22.787000,15.824000,164987000.000000,-637487000.000000,152109000.000000,152109000.000000,38691000.000000,,,,,24363000.000000,101134000.000000,1.000000,213213015.000000,148062000.000000,148062000.000000,1.027000,1396657000.000000,0.000000,333000.000000,0.000000,9.433000
ARQ,2020-03-31,2020-06-03,2020-04-30,2021-Q1,692818000.000000,21188986384.000000,2025-03-10,-1004000.000000,1519396000.000000,,1248462000.000000,270934000.000000,,3.529000,-11576000.000000,1004991000.000000,1004991000.000000,46895000.000000,-19222000.000000,2.247000,1.019000,39580000.000000,6673000.000000,32907000.000000,39580000.000000,635973000.000000,10588000.000000,0.000000,0.000000,0.000000,-18043000.000000,-7455000.000000,-0.042000,-7455000.000000,-18043000.000000,-18186000.000000,-0.090000,-0.090000,-0.090000,752153000.000000,,752153000.000000,20223575384.000000,-153.000000,-196.498000,87001000.000000,0.408000,1.000000,131183000.000000,0.737000,8071000.000000,143000.000000,-9730000.000000,,0.000000,1000000.000000,0.000000,1000000.000000,766243000.000000,555644000.000000,210599000.000000,740193000.000000,0.000000,6393000.000000,0.000000,0.000000,6893000.000000,634711000.000000,646287000.000000,98577000.000000,12000.000000,-19222000.000000,-19222000.000000,-19222000.000000,0.000000,0.000000,-0.108000,153759000.000000,-22576000.000000,6528000.000000,0.000000,28.171000,-156.928000,-134.384000,174834000.000000,0.000000,98.100000,37.608000,37.109000,144187000.000000,-656709000.000000,178078000.000000,178078000.000000,40578000.000000,,,,,23638000.000000,113181000.000000,1.000000,215993745.000000,213129000.000000,213129000.000000,0.836000,1511325000.000000,0.000000,1036000.000000,0.000000,7.091000
ARQ,2020-06-30,2020-09-03,2020-07-31,2021-Q2,712689000.000000,28363751972.000000,2025-03-10,1115000.000000,1616952000.000000,,1315981000.000000,300971000.000000,,3.650000,-22608000.000000,1064734000.000000,1064734000.000000,54391000.000000,-29874000.000000,2.181000,1.043000,44777000.000000,8643000.000000,36134000.000000,44777000.000000,689840000.000000,12179000.000000,0.000000,0.000000,0.000000,-29259000.000000,-17080000.000000,-0.086000,-17080000.000000,-29259000.000000,-29433000.000000,-0.140000,-0.140000,-0.140000,790965000.000000,,790965000.000000,27343794972.000000,-248.000000,-367.677000,32417000.000000,0.150000,1.000000,144580000.000000,0.727000,8478000.000000,174000.000000,-14775000.000000,,0.000000,2000000.000000,0.000000,2000000.000000,824937000.000000,603292000.000000,221645000.000000,59743000.000000,0.000000,27492000.000000,0.000000,0.000000,27542000.000000,-23608000.000000,-1000000.000000,55025000.000000,784000.000000,-29874000.000000,-29874000.000000,-29874000.000000,0.000000,0.000000,-0.150000,174571000.000000,-29991000.000000,10118000.000000,0.000000,35.860000,-250.987000,-275.000000,193757000.000000,0.000000,129.250000,43.351000,42.807000,149236000.000000,-686583000.000000,198971000.000000,198971000.000000,50483000.000000,,,,,37713000.000000,124088000.000000,1.000000,219448758.000000,216695000.000000,216695000.000000,0.918000,1608474000.000000,0.000000,441000.000000,0.000000,7.423000
ARQ,2020-09-30,2020-12-03,2020-10-31,2021-Q3,638757000.000000,35665502089.000000,2025-03-10,615000.000000,1749509000.000000,,1340796000.000000,408713000.000000,,3.708000,-12406000.000000,1059926000.000000,1059926000.000000,61527000.000000,-24531000.000000,1.910000,1.149000,42652000.000000,8646000.000000,34006000.000000,42652000.000000,762674000.000000,13206000.000000,0.000000,0.000000,0.000000,-23887000.000000,-10681000.000000,-0.046000,-10681000.000000,-23887000.000000,-24080000.000000,-0.110000,-0.110000,-0.110000,813485000.000000,,813485000.000000,34648228089.000000,-350.000000,-618.266000,76095000.000000,0.347000,1.000000,170933000.000000,0.735000,99488000.000000,193000.000000,-69292000.000000,,0.000000,2500000.000000,0.000000,2500000.000000,934724000.000000,702039000.000000,232685000.000000,-4808000.000000,-85469000.000000,4921000.000000,0.000000,0.000000,5171000.000000,-98375000.000000,-500000.000000,88501000.000000,-105000.000000,-24531000.000000,-24531000.000000,-24531000.000000,0.000000,0.000000,-0.106000,195092000.000000,-24159000.000000,7494000.000000,0.000000,43.843000,-349.542000,-393.146000,200747000.000000,0.000000,161.190000,46.829000,46.434000,172775000.000000,-711114000.000000,232460000.000000,232460000.000000,57539000.000000,,,,,40610000.000000,137553000.000000,1.000000,221263739.000000,219401000.000000,219401000.000000,1.060000,1650021000.000000,0.000000,451000.000000,0.000000,7.521000
ARQ,2020-12-31,2021-03-18,2021-01-31,2021-Q4,1428721000.000000,42583497518.000000,2025-03-10,2319000.000000,2732533000.000000,,2292274000.000000,440259000.000000,,3.926000,-17073000.000000,1918608000.000000,1918608000.000000,66732000.000000,-19002000.000000,2.654000,2.137000,778992000.000000,8977000.000000,770015000.000000,778992000.000000,911895000.000000,11956000.000000,0.000000,0.000000,0.000000,-15121000.000000,-3165000.000000,-0.012000,-3165000.000000,-15121000.000000,-16170000.000000,-0.090000,-0.090000,-0.090000,870574000.000000,,870574000.000000,41443881518.000000,-480.000000,-1079.802000,97390000.000000,0.439000,1.000000,198197000.000000,0.748000,99243000.000000,1049000.000000,630121000.000000,,0.000000,2500000.000000,0.000000,2500000.000000,1860659000.000000,863553000.000000,997106000.000000,858682000.000000,-48000.000000,24288000.000000,736241000.000000,0.000000,760529000.000000,-17301000.000000,0.000000,114463000.000000,991000.000000,-19002000.000000,-19002000.000000,-19002000.000000,0.000000,0.000000,-0.072000,214000000.000000,-15803000.000000,12065000.000000,0.000000,48.914000,-459.721000,-442.349000,203498000.000000,0.000000,190.210000,48.698000,47.367000,239199000.000000,-730116000.000000,264929000.000000,264929000.000000,66070000.000000,,,,,47714000.000000,147930000.000000,1.000000,223876229.000000,221728000.000000,221728000.000000,1.195000,2633290000.000000,0.000000,2832000.000000,0.000000,11.876000
ARQ,2021-03-31,2021-06-04,2021-04-30,2022-Q1,1055238000.000000,46729249289.000000,2025-03-10,2117000.000000,2881171000.000000,,2038003000.000000,843168000.000000,,3.789000,-30230000.000000,1684997000.000000,1684997000.000000,78505000.000000,-82871000.000000,2.074000,2.388000,779191000.000000,9333000.000000,769858000.000000,779191000.000000,1021991000.000000,16552000.000000,0.000000,0.000000,0.000000,-28757000.000000,-12205000.000000,-0.040000,-12205000.000000,-28757000.000000,-34987000.000000,-0.380000,-0.380000,-0.380000,849264000.000000,,849264000.000000,45823443289.000000,-472.000000,-1062.425000,117303000.000000,0.523000,1.000000,224338000.000000,0.741000,463432000.000000,6230000.000000,529168000.000000,,0.000000,8165000.000000,0.000000,8165000.000000,2027774000.000000,982765000.000000,1045009000.000000,-233611000.000000,-353407000.000000,3754000.000000,-1800000.000000,0.000000,2609000.000000,-384946000.000000,-1309000.000000,147533000.000000,1193000.000000,-85049000.000000,-85049000.000000,-85049000.000000,0.000000,2178000.000000,-0.281000,255685000.000000,-31347000.000000,3468000.000000,0.000000,55.023000,-294.904000,-287.417000,227993000.000000,0.000000,206.940000,46.767000,46.423000,211233000.000000,-815165000.000000,302843000.000000,302843000.000000,78180000.000000,,,,,54362000.000000,177505000.000000,1.000000,225810618.000000,224153000.000000,224153000.000000,1.351000,2417739000.000000,0.000000,50062000.000000,0.000000,10.786000
ARQ,2021-06-30,2021-09-01,2021-07-31,2022-Q2,1115197000.000000,61605148393.000000,2025-03-10,1550000.000000,3136045000.000000,,2252025000.000000,884020000.000000,,3.995000,-34836000.000000,1787051000.000000,1787051000.000000,90432000.000000,-57318000.000000,1.981000,2.460000,777524000.000000,9374000.000000,768150000.000000,777524000.000000,1164357000.000000,18377000.000000,0.000000,0.000000,0.000000,-46784000.000000,-28407000.000000,-0.084000,-28407000.000000,-46784000.000000,-53080000.000000,-0.250000,-0.250000,-0.250000,904268000.000000,,904268000.000000,60595621393.000000,-529.000000,-1112.704000,73639000.000000,0.325000,1.000000,247258000.000000,0.732000,459890000.000000,6296000.000000,529800000.000000,,0.000000,14165000.000000,0.000000,14165000.000000,2224644000.000000,1136828000.000000,1087816000.000000,102054000.000000,-339000.000000,33190000.000000,0.000000,0.000000,36190000.000000,-41175000.000000,-6000000.000000,108475000.000000,-1436000.000000,-57318000.000000,-57318000.000000,-57318000.000000,0.000000,0.000000,-0.170000,294661000.000000,-47403000.000000,19642000.000000,0.000000,68.127000,-331.389000,-325.265000,250686000.000000,0.000000,269.970000,54.138000,53.704000,266540000.000000,-872483000.000000,337690000.000000,337690000.000000,90455000.000000,,,,,76287000.000000,204206000.000000,1.000000,228192571.000000,226362000.000000,226362000.000000,1.492000,2676155000.000000,0.000000,4238000.000000,0.000000,11.822000
ARQ,2021-09-30,2021-12-02,2021-10-31,2022-Q3,1118539000.000000,48012185386.000000,2025-03-10,885000.000000,3299617000.000000,,2360086000.000000,939531000.000000,,4.153000,-35555000.000000,1907508000.000000,1907508000.000000,101664000.000000,-50450000.000000,1.901000,2.468000,776746000.000000,9706000.000000,767040000.000000,776746000.000000,1288196000.000000,20117000.000000,0.000000,0.000000,0.000000,-39579000.000000,-19462000.000000,-0.051000,-19462000.000000,-39579000.000000,-45982000.000000,-0.220000,-0.220000,-0.220000,948182000.000000,,948182000.000000,46881423386.000000,-360.000000,-741.337000,123503000.000000,0.541000,1.000000,278387000.000000,0.732000,456759000.000000,6403000.000000,470549000.000000,,0.000000,22665000.000000,0.000000,22665000.000000,2340047000.000000,1241547000.000000,1098500000.000000,120457000.000000,0.000000,3304000.000000,0.000000,0.000000,7554000.000000,-44735000.000000,-8500000.000000,159058000.000000,-1420000.000000,-50455000.000000,-50455000.000000,-50455000.000000,0.000000,5000.000000,-0.133000,318651000.000000,-40264000.000000,7167000.000000,0.000000,50.636000,-226.661000,-222.713000,276117000.000000,0.000000,209.350000,37.349000,37.178000,283272000.000000,-922938000.000000,380051000.000000,380051000.000000,97630000.000000,,,,,86666000.000000,221021000.000000,1.000000,229339314.000000,228293000.000000,228293000.000000,1.665000,2842858000.000000,0.000000,4473000.000000,0.000000,12.453000
ARQ,2021-12-31,2022-03-16,2022-01-31,2022-Q4,1164122000.000000,43767432328.000000,2025-03-10,-1240000.000000,3618381000.000000,,2570952000.000000,1047429000.000000,,4.466000,-32388000.000000,1996633000.000000,1996633000.000000,112620000.000000,-41739000.000000,1.827000,2.516000,774716000.000000,9820000.000000,764896000.000000,774716000.000000,1529321000.000000,22867000.000000,0.000000,0.000000,0.000000,-22096000.000000,771000.000000,0.002000,771000.000000,-22096000.000000,-28398000.000000,-0.180000,-0.180000,-0.180000,1025764000.000000,,1025764000.000000,42545515328.000000,-310.000000,-717.426000,127330000.000000,0.554000,1.000000,318390000.000000,0.739000,513781000.000000,6302000.000000,475853000.000000,,0.000000,23632000.000000,0.000000,23632000.000000,2580738000.000000,1406830000.000000,1173908000.000000,89125000.000000,-60772000.000000,25928000.000000,0.000000,0.000000,26178000.000000,-93660000.000000,-500000.000000,159718000.000000,-3111000.000000,-41980000.000000,-41980000.000000,-41980000.000000,0.000000,241000.000000,-0.097000,341924000.000000,-23534000.000000,47634000.000000,0.000000,42.668000,-186.401000,-184.136000,292312000.000000,0.000000,189.660000,30.151000,29.678000,368145000.000000,-964918000.000000,431010000.000000,431010000.000000,105018000.000000,,,,,92637000.000000,236906000.000000,1.000000,230767860.000000,229692000.000000,229692000.000000,1.876000,3104600000.000000,0.000000,13582000.000000,0.000000,13.516000
ARQ,2022-03-31,2022-06-03,2022-04-30,2023-Q1,1235955000.000000,37618816896.000000,2025-03-10,-4188000.000000,3835835000.000000,,2733058000.000000,1102777000.000000,,4.769000,-57425000.000000,2152736000.000000,2152736000.000000,126832000.000000,-30409000.000000,1.826000,2.466000,772053000.000000,9967000.000000,762086000.000000,772053000.000000,1692597000.000000,22666000.000000,0.000000,0.000000,0.000000,-21785000.000000,881000.000000,0.002000,881000.000000,-21785000.000000,-28083000.000000,-0.140000,-0.140000,-0.140000,1102541000.000000,,1102541000.000000,36238133896.000000,-278.000000,-784.087000,157532000.000000,0.681000,1.000000,361002000.000000,0.740000,510173000.000000,6298000.000000,447876000.000000,,0.000000,28665000.000000,0.000000,28665000.000000,2718838000.000000,1497103000.000000,1221735000.000000,156103000.000000,0.000000,3106000.000000,0.000000,0.000000,4568000.000000,-60950000.000000,-2825000.000000,214957000.000000,-2472000.000000,-31523000.000000,-31523000.000000,-31523000.000000,0.000000,1114000.000000,-0.065000,384885000.000000,-23883000.000000,11024000.000000,0.000000,34.120000,-207.522000,-205.190000,345010000.000000,0.000000,162.100000,22.986000,22.898000,369130000.000000,-996441000.000000,487834000.000000,487834000.000000,123399000.000000,,,,,102494000.000000,261486000.000000,1.000000,232071665.000000,231179000.000000,231179000.000000,2.110000,3325662000.000000,0.000000,3440000.000000,0.000000,14.386000
ARQ,2022-06-30,2022-08-31,2022-07-31,2023-Q2,1326730000.000000,42617613835.000000,2025-03-10,-5675000.000000,4154236000.000000,,2975980000.000000,1178256000.000000,,5.269000,-74149000.000000,2318858000.000000,2318858000.000000,140567000.000000,-48313000.000000,1.804000,2.375000,771917000.000000,10316000.000000,761601000.000000,771917000.000000,1844152000.000000,24196000.000000,0.000000,0.000000,0.000000,-38172000.000000,-13976000.000000,-0.026000,-13976000.000000,-38172000.000000,-44507000.000000,-0.210000,-0.210000,-0.210000,1225419000.000000,,1225419000.000000,41070672835.000000,-338.000000,-1292.099000,135757000.000000,0.584000,1.000000,394586000.000000,0.737000,505906000.000000,6335000.000000,452139000.000000,,0.000000,35585000.000000,0.000000,35585000.000000,2910889000.000000,1649250000.000000,1261639000.000000,167658000.000000,0.000000,36258000.000000,0.000000,0.000000,38759000.000000,-79149000.000000,-5000000.000000,209906000.000000,-1858000.000000,-49285000.000000,-49285000.000000,-49285000.000000,0.000000,972000.000000,-0.092000,442893000.000000,-48307000.000000,53817000.000000,0.000000,34.778000,-245.999000,-243.480000,411475000.000000,0.000000,182.610000,23.237000,23.155000,418799000.000000,-1045726000.000000,535153000.000000,535153000.000000,137864000.000000,,,,,131550000.000000,305029000.000000,1.000000,233380504.000000,232554000.000000,232554000.000000,2.301000,3648330000.000000,0.000000,4778000.000000,0.000000,15.688000
ARQ,2022-09-30,2022-11-30,2022-10-31,2023-Q3,1386560000.000000,27576430570.000000,2025-03-10,-9184000.000000,4469443000.000000,,3203613000.000000,1265830000.000000,,5.622000,-68774000.000000,2466551000.000000,2466551000.000000,158228000.000000,-54631000.000000,1.763000,2.383000,769040000.000000,10423000.000000,758617000.000000,769040000.000000,2015539000.000000,25916000.000000,0.000000,0.000000,0.000000,-39752000.000000,-13836000.000000,-0.024000,-13836000.000000,-39752000.000000,-46086000.000000,-0.240000,-0.240000,-0.240000,1314289000.000000,,1314289000.000000,25878919570.000000,-212.000000,-989.255000,174077000.000000,0.745000,1.000000,422654000.000000,0.728000,519785000.000000,6334000.000000,435094000.000000,,0.000000,46395000.000000,0.000000,46395000.000000,3131811000.000000,1817053000.000000,1314758000.000000,147664000.000000,-18464000.000000,1477000.000000,-1591000.000000,0.000000,4976000.000000,-97419000.000000,-10181000.000000,242851000.000000,-2744000.000000,-54956000.000000,-54956000.000000,-54956000.000000,0.000000,325000.000000,-0.095000,479076000.000000,-56422000.000000,89289000.000000,0.000000,20.982000,-155.147000,-152.792000,455651000.000000,0.000000,117.650000,13.552000,13.517000,485313000.000000,-1100682000.000000,580882000.000000,580882000.000000,155256000.000000,,,,,140113000.000000,323820000.000000,1.000000,234393800.000000,233785000.000000,233785000.000000,2.485000,3949658000.000000,0.000000,8870000.000000,0.000000,16.894000
ARQ,2022-12-31,2023-03-09,2023-01-31,2023-Q4,1531195000.000000,28699929695.000000,2025-03-10,-1019000.000000,5026540000.000000,,3640267000.000000,1386273000.000000,,6.227000,-63766000.000000,2455369000.000000,2455369000.000000,175604000.000000,-48932000.000000,1.726000,2.418000,783618000.000000,13046000.000000,770572000.000000,783618000.000000,2355113000.000000,30472000.000000,0.000000,0.000000,0.000000,-35815000.000000,-5343000.000000,-0.008000,-5343000.000000,-35815000.000000,-42167000.000000,-0.210000,-0.210000,-0.210000,1463641000.000000,,1463641000.000000,27028178695.000000,-199.000000,-837.460000,209527000.000000,0.891000,1.000000,461763000.000000,0.724000,517534000.000000,6352000.000000,728183000.000000,,0.000000,297270000.000000,250000000.000000,47270000.000000,3539106000.000000,2109072000.000000,1430034000.000000,-11134000.000000,115000.000000,27233000.000000,0.000000,0.000000,29134000.000000,-319140000.000000,-253802000.000000,273293000.000000,5579000.000000,-47481000.000000,-47481000.000000,-47481000.000000,0.000000,-1451000.000000,-0.074000,523263000.000000,-61500000.000000,45372000.000000,0.000000,19.609000,-156.621000,-154.025000,532271000.000000,0.000000,121.680000,12.805000,12.657000,626181000.000000,-1148163000.000000,637367000.000000,637367000.000000,191845000.000000,,,,,152347000.000000,331418000.000000,1.000000,235863985.000000,235050000.000000,235050000.000000,2.712000,4509006000.000000,0.000000,5314000.000000,0.000000,19.183000
ARQ,2023-03-31,2023-06-01,2023-04-30,2024-Q1,1628706000.000000,37356420227.000000,2025-03-10,139000.000000,5137858000.000000,,3708770000.000000,1429088000.000000,,6.790000,-73166000.000000,2829677000.000000,2829677000.000000,169230000.000000,499000.000000,1.783000,2.182000,794366000.000000,16215000.000000,778151000.000000,794366000.000000,2403791000.000000,33675000.000000,0.000000,0.000000,0.000000,11287000.000000,44962000.000000,0.065000,44962000.000000,11287000.000000,4900000.000000,0.000000,0.000000,0.000000,1605301000.000000,,1605301000.000000,35321109227.000000,-345.000000,2991.540000,227726000.000000,0.963000,1.000000,523350000.000000,0.756000,513970000.000000,6387000.000000,508513000.000000,,0.000000,157877000.000000,100000000.000000,57877000.000000,3503499000.000000,2080064000.000000,1423435000.000000,374641000.000000,0.000000,2651000.000000,0.000000,0.000000,7908000.000000,66031000.000000,139487000.000000,300892000.000000,-190000.000000,491000.000000,491000.000000,491000.000000,0.000000,8000.000000,0.001000,542806000.000000,-19456000.000000,16900000.000000,,23.271000,-247.016000,-238.712000,574180000.000000,0.000000,157.550000,15.273000,15.228000,461092000.000000,-1147672000.000000,692580000.000000,692580000.000000,179065000.000000,,,,,130856000.000000,363741000.000000,1.000000,237108348.000000,236414000.000000,240598000.000000,2.930000,4623888000.000000,0.000000,4409000.000000,0.000000,19.558000
ARQ,2023-06-30,2023-08-31,2023-07-31,2024-Q2,1820923000.000000,38929640409.000000,2025-03-10,913000.000000,5520458000.000000,,4050386000.000000,1470072000.000000,,7.726000,-55490000.000000,3167215000.000000,3167215000.000000,182917000.000000,8476000.000000,1.817000,1.986000,790571000.000000,16133000.000000,774438000.000000,790571000.000000,2507642000.000000,37116000.000000,0.000000,0.000000,0.000000,19527000.000000,56643000.000000,0.077000,56643000.000000,19527000.000000,13083000.000000,0.040000,0.030000,0.040000,1838207000.000000,,1838207000.000000,36552996409.000000,-817.000000,443.464000,189291000.000000,0.796000,1.000000,548709000.000000,0.750000,509836000.000000,6444000.000000,404515000.000000,,0.000000,59541000.000000,0.000000,59541000.000000,3650358000.000000,2229463000.000000,1420895000.000000,337551000.000000,0.000000,46906000.000000,0.000000,0.000000,49737000.000000,41760000.000000,98336000.000000,244781000.000000,1273000.000000,8472000.000000,8472000.000000,8472000.000000,0.000000,4000.000000,0.012000,564082000.000000,-15373000.000000,37073000.000000,0.000000,21.178000,-416.476000,-397.634000,607766000.000000,0.000000,163.030000,14.732000,14.678000,539463000.000000,-1139200000.000000,731626000.000000,731626000.000000,179362000.000000,,,,,164777000.000000,384720000.000000,1.000000,238788201.000000,237911000.000000,242144000.000000,3.075000,5010622000.000000,0.000000,4611000.000000,0.000000,21.061000
ARQ,2023-09-30,2023-11-29,2023-10-31,2024-Q3,1728716000.000000,56299548788.000000,2025-03-10,-5280000.000000,5831056000.000000,,4079133000.000000,1751923000.000000,,8.479000,-33894000.000000,2968872000.000000,2968872000.000000,195004000.000000,26669000.000000,1.735000,1.858000,794923000.000000,14430000.000000,780493000.000000,794923000.000000,2543116000.000000,41819000.000000,0.000000,0.000000,0.000000,42771000.000000,84590000.000000,0.108000,84590000.000000,42771000.000000,36268000.000000,0.110000,0.110000,0.110000,2028950000.000000,,2028950000.000000,54125599788.000000,1433.000000,299.281000,239624000.000000,1.001000,1.000000,591010000.000000,0.752000,747101000.000000,6503000.000000,559589000.000000,,0.000000,257063000.000000,197522000.000000,59541000.000000,3770209000.000000,2350417000.000000,1419792000.000000,-197759000.000000,-238749000.000000,2053000.000000,0.000000,0.000000,2053000.000000,-468836000.000000,-195581000.000000,273518000.000000,-4494000.000000,26665000.000000,26665000.000000,26665000.000000,0.000000,4000.000000,0.034000,587847000.000000,3163000.000000,56968000.000000,0.000000,27.748000,-4749.814000,-3907.333000,631978000.000000,0.000000,234.440000,19.771000,19.701000,561872000.000000,-1112535000.000000,786014000.000000,786014000.000000,196072000.000000,,,,,159614000.000000,391775000.000000,1.000000,240144808.000000,239297000.000000,243799000.000000,3.285000,5083955000.000000,0.000000,9603000.000000,0.000000,21.245000
ARQ,2023-12-31,2024-03-07,2024-01-31,2024-Q4,2060028000.000000,79739259169.000000,2025-03-10,-1663000.000000,6646520000.000000,,4757307000.000000,1889213000.000000,,9.565000,-63436000.000000,3375069000.000000,3375069000.000000,208572000.000000,54941000.000000,1.764000,1.870000,792874000.000000,14150000.000000,778724000.000000,792874000.000000,3054099000.000000,46042000.000000,0.000000,0.000000,0.000000,73730000.000000,119772000.000000,0.142000,119772000.000000,73730000.000000,67308000.000000,0.220000,0.220000,0.220000,2303950000.000000,,2303950000.000000,77157064169.000000,524.000000,252.174000,283580000.000000,1.177000,1.000000,636763000.000000,0.753000,752559000.000000,6422000.000000,614487000.000000,,0.000000,155835000.000000,99591000.000000,56244000.000000,4309431000.000000,2697279000.000000,1612152000.000000,406240000.000000,-281000.000000,33460000.000000,0.000000,0.000000,33460000.000000,20395000.000000,95281000.000000,347016000.000000,5369000.000000,53699000.000000,53699000.000000,53699000.000000,0.000000,1242000.000000,0.064000,607092000.000000,29671000.000000,28180000.000000,0.000000,34.610000,892.667000,891.027000,668383000.000000,0.000000,329.680000,26.096000,25.748000,853105000.000000,-1058836000.000000,845335000.000000,845335000.000000,213998000.000000,,,,,176272000.000000,393094000.000000,1.000000,241868658.000000,240878000.000000,247952000.000000,3.509000,5893961000.000000,0.000000,13609000.000000,0.000000,24.469000
ARQ,2024-03-31,2024-06-05,2024-04-30,2025-Q1,2157936000.000000,83273143453.000000,2025-03-10,-4760000.000000,6841985000.000000,,4841622000.000000,2000363000.000000,,10.461000,-60162000.000000,3702437000.000000,3702437000.000000,225003000.000000,46264000.000000,1.804000,1.685000,792976000.000000,16020000.000000,776956000.000000,792976000.000000,3069379000.000000,52056000.000000,0.000000,0.000000,0.000000,56998000.000000,109054000.000000,0.118000,109054000.000000,56998000.000000,50487000.000000,0.180000,0.170000,0.180000,2535540000.000000,,2535540000.000000,80363682453.000000,416.000000,217.165000,323066000.000000,1.333000,1.000000,696033000.000000,0.756000,843997000.000000,6511000.000000,404841000.000000,,0.000000,58419000.000000,0.000000,58419000.000000,4273203000.000000,2683686000.000000,1589517000.000000,327695000.000000,-96376000.000000,823000.000000,0.000000,0.000000,-2518000.000000,-51098000.000000,106049000.000000,383228000.000000,-1917000.000000,42820000.000000,42820000.000000,42820000.000000,0.000000,3444000.000000,0.046000,689097000.000000,6936000.000000,21299000.000000,0.000000,32.842000,632.505000,622.145000,675979000.000000,0.000000,342.180000,25.357000,25.256000,702856000.000000,-1016016000.000000,921036000.000000,921036000.000000,235249000.000000,,,,,183125000.000000,453848000.000000,1.000000,243360639.000000,242389000.000000,250164000.000000,3.800000,5997988000.000000,0.000000,7667000.000000,0.000000,24.745000
ARQ,2024-06-30,2024-08-29,2024-07-31,2025-Q2,2453329000.000000,66593494521.000000,2025-03-10,-3102000.000000,7202474000.000000,,5181648000.000000,2020826000.000000,,11.688000,-53770000.000000,4038536000.000000,4038536000.000000,237401000.000000,46690000.000000,1.899000,1.511000,791973000.000000,17031000.000000,774942000.000000,791973000.000000,3093197000.000000,56379000.000000,0.000000,0.000000,0.000000,64476000.000000,120855000.000000,0.125000,120855000.000000,64476000.000000,57927000.000000,0.190000,0.190000,0.190000,2852915000.000000,,2852915000.000000,63346931521.000000,266.000000,145.870000,272871000.000000,1.118000,1.000000,726471000.000000,0.754000,837682000.000000,6549000.000000,389910000.000000,,0.000000,58246000.000000,0.000000,58246000.000000,4311884000.000000,2728319000.000000,1583565000.000000,335124000.000000,-5000.000000,57740000.000000,0.000000,0.000000,62496000.000000,-54890000.000000,-556000.000000,326641000.000000,877000.000000,47013000.000000,47013000.000000,47013000.000000,0.000000,-323000.000000,0.049000,712813000.000000,13658000.000000,21067000.000000,0.000000,23.342000,391.273000,388.100000,694371000.000000,0.000000,271.670000,18.939000,18.859000,661045000.000000,-969003000.000000,963872000.000000,963872000.000000,250908000.000000,,,,,200877000.000000,461905000.000000,1.000000,245126420.000000,244091000.000000,251265000.000000,3.949000,6364792000.000000,0.000000,10914000.000000,0.000000,26.075000
ARQ,2024-09-30,2024-11-27,2024-10-31,2025-Q3,2571947000.000000,85615383697.000000,2025-03-10,-2026000.000000,7782958000.000000,,5572327000.000000,2210631000.000000,,12.454000,-94975000.000000,4260324000.000000,4260324000.000000,255087000.000000,-16819000.000000,1.857000,1.533000,791951000.000000,15658000.000000,776293000.000000,791951000.000000,3196518000.000000,59181000.000000,0.000000,0.000000,0.000000,-3954000.000000,55227000.000000,0.055000,55227000.000000,-3954000.000000,-10541000.000000,-0.070000,-0.070000,-0.070000,3057933000.000000,,3057933000.000000,82147010697.000000,430.000000,202.878000,231161000.000000,0.941000,1.000000,755091000.000000,0.747000,831370000.000000,6587000.000000,482835000.000000,,0.000000,68246000.000000,0.000000,68246000.000000,4687347000.000000,3000380000.000000,1686967000.000000,221798000.000000,0.000000,844000.000000,0.000000,0.000000,844000.000000,-105581000.000000,-10000000.000000,326136000.000000,399000.000000,-16822000.000000,-16822000.000000,-16822000.000000,0.000000,3000.000000,-0.017000,810814000.000000,-55723000.000000,79214000.000000,0.000000,27.998000,675.680000,668.442000,792856000.000000,0.000000,347.590000,22.889000,22.817000,813922000.000000,-985825000.000000,1010178000.000000,1010178000.000000,275602000.000000,,,,,208888000.000000,535212000.000000,1.000000,246311412.000000,245536000.000000,245536000.000000,4.114000,6951588000.000000,0.000000,6281000.000000,0.000000,28.312000
ARQ,2024-12-31,2025-03-10,2025-01-31,2025-Q4,2652295000.000000,76558182957.000000,2025-03-10,-9593000.000000,8701578000.000000,,6113345000.000000,2588233000.000000,,13.280000,-104914000.000000,4323295000.000000,4323295000.000000,273990000.000000,-92731000.000000,1.766000,1.641000,788901000.000000,13811000.000000,775090000.000000,788901000.000000,3728677000.000000,61623000.000000,0.000000,0.000000,0.000000,-39350000.000000,22273000.000000,0.021000,22273000.000000,-39350000.000000,-46014000.000000,-0.380000,-0.370000,-0.380000,3279494000.000000,,3279494000.000000,73023788957.000000,934.000000,237.546000,240808000.000000,0.975000,1.000000,784548000.000000,0.741000,1045919000.000000,6664000.000000,660215000.000000,,0.000000,72544000.000000,0.000000,72544000.000000,5382661000.000000,3461050000.000000,1921611000.000000,62452000.000000,-213876000.000000,44192000.000000,0.000000,0.000000,46386000.000000,-325019000.000000,-5388000.000000,345722000.000000,-4637000.000000,-92282000.000000,-92282000.000000,-92282000.000000,0.000000,-449000.000000,-0.087000,869849000.000000,-85301000.000000,130887000.000000,0.000000,23.345000,-3972.715000,-3860.750000,831403000.000000,0.000000,308.860000,19.364000,19.120000,1128564000.000000,-1078107000.000000,1058538000.000000,1058538000.000000,315142000.000000,,,,,272531000.000000,554707000.000000,1.000000,247873415.000000,246949000.000000,226759000.000000,4.286000,7655659000.000000,0.000000,46268000.000000,0.000000,31.001000
ART,2018-12-31,2019-06-06,2019-01-31,2019-Q4,49968000.000000,,2025-03-10,98000.000000,433219000.000000,,331388000.000000,101831000.000000,,-10.873000,-42645000.000000,88408000.000000,88408000.000000,87238000.000000,-140077000.000000,1.178000,-0.744000,0.000000,0.000000,0.000000,0.000000,290067000.000000,15398000.000000,0.000000,,0.000000,-138282000.000000,-122884000.000000,-0.492000,-122884000.000000,-138282000.000000,-138710000.000000,-3.120000,-3.120000,-3.120000,-487793000.000000,,-487793000.000000,,,,-65613000.000000,-1.463000,1.000000,162586000.000000,0.651000,8995000.000000,428000.000000,54396000.000000,,0.000000,103247000.000000,103247000.000000,0.000000,363100000.000000,281420000.000000,81680000.000000,25229000.000000,0.000000,1582000.000000,-15960000.000000,0.000000,190389000.000000,-142030000.000000,-99385000.000000,-22968000.000000,-162000.000000,-140077000.000000,-140077000.000000,-140077000.000000,0.000000,0.000000,-0.561000,299450000.000000,-136864000.000000,6855000.000000,0.000000,,,,73735000.000000,0.000000,,,,92476000.000000,-519126000.000000,249824000.000000,249824000.000000,84551000.000000,,,,-0.554000,20505000.000000,214899000.000000,1.000000,196688971.000000,44863000.000000,44863000.000000,5.569000,424224000.000000,0.000000,1367000.000000,0.000000,9.456000
ART,2019-03-31,2019-07-19,2019-04-30,2020-Q1,8530000.000000,17121473467.000000,2025-03-10,-186000.000000,457361000.000000,,311251000.000000,146110000.000000,,-10.278000,,92993000.000000,92993000.000000,,,1.028000,-0.793000,0.000000,0.000000,0.000000,0.000000,315212000.000000,,0.000000,0.000000,0.000000,,,,,,,,,,-485177000.000000,,-485177000.000000,17028480467.000000,,,,,1.000000,,,8688000.000000,,52959000.000000,,0.000000,82066000.000000,82066000.000000,0.000000,384626000.000000,302721000.000000,81905000.000000,,,,,,,,,,,,,,,,,,,9915000.000000,,-35.289000,,,86349000.000000,,83.520000,,,87355000.000000,-521685000.000000,,,,,,,,,,1.000000,204998485.000000,47205000.000000,,,448673000.000000,0.000000,,0.000000,9.505000
ART,2019-06-30,2019-09-06,2019-07-31,2020-Q2,663651000.000000,15594540325.000000,2025-03-10,-530000.000000,1171586000.000000,,1005432000.000000,166154000.000000,,5.597000,,732808000.000000,732808000.000000,,,2.942000,0.609000,0.000000,0.000000,0.000000,0.000000,369762000.000000,,0.000000,0.000000,0.000000,,,,,,,,,,728097000.000000,,728097000.000000,14861732325.000000,,,,,1.000000,,,8518000.000000,,88479000.000000,,0.000000,94003000.000000,94003000.000000,0.000000,443489000.000000,341781000.000000,101708000.000000,,,,,,,,,,,,,,,,,,,1126000.000000,,21.418000,,,107989000.000000,,75.980000,,,115256000.000000,-573574000.000000,,,,,,,,,,1.000000,205245332.000000,130091000.000000,,,1163068000.000000,0.000000,,0.000000,8.940000
ART,2019-09-30,2019-12-06,2019-10-31,2020-Q3,637616000.000000,10460178485.000000,2025-03-10,-98000.000000,1256054000.000000,829555000.000000,1053220000.000000,202834000.000000,,3.513000,,743605000.000000,743605000.000000,,,2.534000,0.752000,0.000000,0.000000,0.000000,0.000000,447639000.000000,,0.000000,0.000000,0.000000,,,,,,,,,,717042000.000000,118042250.000000,717042000.000000,9716573485.000000,,,,,1.000000,,,8431000.000000,,88414000.000000,71062000.000000,0.000000,90083000.000000,90083000.000000,0.000000,539012000.000000,415604000.000000,123408000.000000,,,,,,,,,,,,,,,,,,,5244000.000000,,14.588000,,,129504000.000000,,50.890000,,,145694000.000000,-609079000.000000,,,,,,,,,,1.000000,205544871.000000,204096000.000000,,,1247623000.000000,0.000000,,0.000000,6.113000
ART,2019-12-31,2020-03-23,2020-01-31,2020-Q4,678540000.000000,10969809622.000000,2025-03-10,1009000.000000,1404906000.000000,1072476750.000000,1171636000.000000,233270000.000000,0.449000,5.012000,-87487000.000000,264798000.000000,264798000.000000,141627000.000000,-141779000.000000,2.376000,0.892000,0.000000,0.000000,0.000000,0.000000,571168000.000000,23513000.000000,0.000000,0.000000,0.000000,-139340000.000000,-115827000.000000,-0.241000,-115827000.000000,-139340000.000000,-139782000.000000,-0.960000,-0.960000,-0.960000,742107000.000000,425517250.000000,742107000.000000,10705011622.000000,-77.000000,-92.422000,12456000.000000,0.084000,1.000000,339786000.000000,0.706000,8249000.000000,442000.000000,638763000.000000,217153750.000000,0.000000,648266000.000000,647266000.000000,1000000.000000,662299000.000000,493096000.000000,169203000.000000,176390000.000000,0.000000,709233000.000000,0.000000,0.000000,706144000.000000,-629631000.000000,-542144000.000000,99943000.000000,-66000.000000,-141779000.000000,-141779000.000000,-141779000.000000,0.000000,0.000000,-0.295000,485851000.000000,-146065000.000000,1345000.000000,0.000000,14.782000,-77.373000,-53.594000,136078000.000000,0.000000,51.450000,22.787000,15.824000,164987000.000000,-637487000.000000,481413000.000000,481413000.000000,130188000.000000,-0.132000,-0.333000,-0.642000,-0.289000,79940000.000000,355663000.000000,1.000000,213213015.000000,148062000.000000,148062000.000000,3.251000,1396657000.000000,0.000000,1997000.000000,0.000000,9.433000
ART,2020-03-31,2020-06-03,2020-04-30,2021-Q1,692818000.000000,21188986384.000000,2025-03-10,-1004000.000000,1519396000.000000,1337985500.000000,1248462000.000000,270934000.000000,0.421000,3.529000,-81538000.000000,1004991000.000000,1004991000.000000,159248000.000000,-135024000.000000,2.247000,1.019000,39580000.000000,6673000.000000,32907000.000000,39580000.000000,635973000.000000,29082000.000000,0.000000,0.000000,0.000000,-132002000.000000,-102920000.000000,-0.183000,-102920000.000000,-132002000.000000,-132586000.000000,-0.730000,-0.730000,-0.730000,752153000.000000,734849750.000000,752153000.000000,20223575384.000000,-153.000000,-196.498000,115567000.000000,0.542000,1.000000,404166000.000000,0.717000,8071000.000000,584000.000000,-9730000.000000,201481500.000000,0.000000,1000000.000000,0.000000,1000000.000000,766243000.000000,555644000.000000,210599000.000000,911998000.000000,0.000000,714116000.000000,0.000000,0.000000,713919000.000000,942000.000000,82480000.000000,197105000.000000,32000.000000,-135024000.000000,-135024000.000000,-135024000.000000,0.000000,0.000000,-0.240000,547031000.000000,-142865000.000000,6528000.000000,0.000000,28.171000,-156.928000,-134.384000,174834000.000000,0.000000,98.100000,37.608000,37.109000,144187000.000000,-656709000.000000,563414000.000000,563414000.000000,146891000.000000,-0.101000,-0.184000,-0.655000,-0.234000,99826000.000000,400140000.000000,1.000000,215993745.000000,213129000.000000,213129000.000000,2.644000,1511325000.000000,0.000000,2438000.000000,0.000000,7.091000
ART,2020-06-30,2020-09-03,2020-07-31,2021-Q2,712689000.000000,28363751972.000000,2025-03-10,1115000.000000,1616952000.000000,1449327000.000000,1315981000.000000,300971000.000000,0.451000,3.650000,-81202000.000000,1064734000.000000,1064734000.000000,182057000.000000,-113009000.000000,2.181000,1.043000,44777000.000000,8643000.000000,36134000.000000,44777000.000000,689840000.000000,35802000.000000,0.000000,0.000000,0.000000,-110171000.000000,-74369000.000000,-0.114000,-74369000.000000,-110171000.000000,-110765000.000000,-0.470000,-0.470000,-0.470000,790965000.000000,750566750.000000,790965000.000000,27343794972.000000,-248.000000,-367.677000,177142000.000000,0.817000,1.000000,472220000.000000,0.722000,8478000.000000,594000.000000,-14775000.000000,175668000.000000,0.000000,2000000.000000,0.000000,2000000.000000,824937000.000000,603292000.000000,221645000.000000,331926000.000000,0.000000,59236000.000000,0.000000,0.000000,60777000.000000,11726000.000000,92928000.000000,258344000.000000,1079000.000000,-113009000.000000,-113009000.000000,-113009000.000000,0.000000,0.000000,-0.173000,594437000.000000,-122217000.000000,10118000.000000,0.000000,35.860000,-250.987000,-275.000000,193757000.000000,0.000000,129.250000,43.351000,42.807000,149236000.000000,-686583000.000000,654277000.000000,654277000.000000,165744000.000000,-0.078000,-0.151000,-0.627000,-0.168000,107680000.000000,428693000.000000,1.000000,219448758.000000,216695000.000000,216695000.000000,3.019000,1608474000.000000,0.000000,2244000.000000,0.000000,7.423000
ART,2020-09-30,2020-12-03,2020-10-31,2021-Q3,638757000.000000,35665502089.000000,2025-03-10,615000.000000,1749509000.000000,1572690750.000000,1340796000.000000,408713000.000000,0.484000,3.708000,-62021000.000000,1059926000.000000,1059926000.000000,206229000.000000,-102035000.000000,1.910000,1.149000,42652000.000000,8646000.000000,34006000.000000,42652000.000000,762674000.000000,43078000.000000,0.000000,0.000000,0.000000,-99119000.000000,-56041000.000000,-0.074000,-56041000.000000,-99119000.000000,-99774000.000000,-0.410000,-0.410000,-0.410000,813485000.000000,774677500.000000,813485000.000000,34648228089.000000,-350.000000,-618.266000,246189000.000000,1.122000,1.000000,555389000.000000,0.729000,99488000.000000,655000.000000,-69292000.000000,136241500.000000,0.000000,2500000.000000,0.000000,2500000.000000,934724000.000000,702039000.000000,232685000.000000,316321000.000000,-85469000.000000,63333000.000000,0.000000,0.000000,66916000.000000,-59387000.000000,88103000.000000,308210000.000000,582000.000000,-102035000.000000,-102035000.000000,-102035000.000000,0.000000,0.000000,-0.134000,663247000.000000,-107858000.000000,7494000.000000,0.000000,43.843000,-349.542000,-393.146000,200747000.000000,0.000000,161.190000,46.829000,46.434000,172775000.000000,-711114000.000000,761618000.000000,761618000.000000,187291000.000000,-0.065000,-0.132000,-0.728000,-0.130000,126324000.000000,475956000.000000,1.000000,221263739.000000,219401000.000000,219401000.000000,3.471000,1650021000.000000,0.000000,2261000.000000,0.000000,7.521000
ART,2020-12-31,2021-03-18,2021-01-31,2021-Q4,1428721000.000000,42583497518.000000,2025-03-10,2319000.000000,2732533000.000000,1904597500.000000,2292274000.000000,440259000.000000,0.459000,3.998000,-63663000.000000,1918608000.000000,1918608000.000000,229545000.000000,-92629000.000000,2.654000,2.137000,778992000.000000,8977000.000000,770015000.000000,778992000.000000,911895000.000000,47929000.000000,0.000000,0.000000,0.000000,-86310000.000000,-38381000.000000,-0.044000,-38381000.000000,-86310000.000000,-87869000.000000,-0.430000,-0.430000,-0.430000,870574000.000000,806794250.000000,870574000.000000,41443881518.000000,-480.000000,-1079.802000,292903000.000000,1.345000,1.000000,644893000.000000,0.737000,99243000.000000,1559000.000000,630121000.000000,134081000.000000,0.000000,2500000.000000,0.000000,2500000.000000,1860659000.000000,863553000.000000,997106000.000000,1653810000.000000,-85517000.000000,63094000.000000,736241000.000000,0.000000,800135000.000000,495427000.000000,644787000.000000,356566000.000000,1682000.000000,-92629000.000000,-92629000.000000,-92629000.000000,0.000000,0.000000,-0.106000,737422000.000000,-92529000.000000,12065000.000000,0.000000,48.914000,-459.721000,-442.349000,203498000.000000,0.000000,190.210000,48.698000,47.367000,239199000.000000,-730116000.000000,874438000.000000,874438000.000000,214670000.000000,-0.049000,-0.115000,-0.644000,-0.099000,149675000.000000,522752000.000000,1.000000,223876229.000000,217756000.000000,217756000.000000,4.016000,2633290000.000000,0.000000,4760000.000000,0.000000,12.093000
ART,2021-03-31,2021-06-04,2021-04-30,2022-Q1,1055238000.000000,46729249289.000000,2025-03-10,2117000.000000,2881171000.000000,2245041250.000000,2038003000.000000,843168000.000000,0.445000,3.789000,-82317000.000000,1684997000.000000,1684997000.000000,261155000.000000,-156278000.000000,2.074000,2.388000,779191000.000000,9333000.000000,769858000.000000,779191000.000000,1021991000.000000,53893000.000000,0.000000,0.000000,0.000000,-97024000.000000,-43131000.000000,-0.043000,-43131000.000000,-97024000.000000,-104670000.000000,-0.720000,-0.720000,-0.720000,849264000.000000,831072000.000000,849264000.000000,45823443289.000000,-472.000000,-1062.425000,323205000.000000,1.442000,1.000000,738048000.000000,0.739000,463432000.000000,7646000.000000,529168000.000000,268805500.000000,0.000000,8165000.000000,0.000000,8165000.000000,2027774000.000000,982765000.000000,1045009000.000000,680006000.000000,-438924000.000000,60455000.000000,734441000.000000,0.000000,795851000.000000,-524230000.000000,-2809000.000000,405522000.000000,2863000.000000,-158456000.000000,-158456000.000000,-158456000.000000,0.000000,2178000.000000,-0.159000,839348000.000000,-101300000.000000,3468000.000000,0.000000,55.023000,-294.904000,-287.417000,227993000.000000,0.000000,206.940000,46.767000,46.423000,211233000.000000,-815165000.000000,999203000.000000,999203000.000000,252272000.000000,-0.071000,-0.191000,-0.361000,-0.097000,180399000.000000,587076000.000000,1.000000,225810618.000000,224153000.000000,224153000.000000,4.458000,2417739000.000000,0.000000,53786000.000000,0.000000,10.786000
ART,2021-06-30,2021-09-01,2021-07-31,2022-Q2,1115197000.000000,61605148393.000000,2025-03-10,1550000.000000,3136045000.000000,2624814500.000000,2252025000.000000,884020000.000000,0.434000,3.995000,-94545000.000000,1787051000.000000,1787051000.000000,297196000.000000,-183722000.000000,1.981000,2.460000,777524000.000000,9374000.000000,768150000.000000,777524000.000000,1164357000.000000,60091000.000000,0.000000,0.000000,0.000000,-114549000.000000,-54458000.000000,-0.048000,-54458000.000000,-114549000.000000,-128317000.000000,-0.830000,-0.830000,-0.830000,904268000.000000,859397750.000000,904268000.000000,60595621393.000000,-529.000000,-1112.704000,364427000.000000,1.610000,1.000000,840726000.000000,0.739000,459890000.000000,13768000.000000,529800000.000000,404949250.000000,0.000000,14165000.000000,0.000000,14165000.000000,2224644000.000000,1136828000.000000,1087816000.000000,722317000.000000,-439263000.000000,66153000.000000,734441000.000000,0.000000,804499000.000000,-541797000.000000,-7809000.000000,458972000.000000,643000.000000,-185900000.000000,-185900000.000000,-185900000.000000,0.000000,2178000.000000,-0.163000,959438000.000000,-118712000.000000,19642000.000000,0.000000,68.127000,-331.389000,-325.265000,250686000.000000,0.000000,269.970000,54.138000,53.704000,266540000.000000,-872483000.000000,1137922000.000000,1137922000.000000,292244000.000000,-0.071000,-0.216000,-0.283000,-0.101000,218973000.000000,667194000.000000,1.000000,228192571.000000,226362000.000000,226362000.000000,5.027000,2676155000.000000,0.000000,57583000.000000,0.000000,11.822000
ART,2021-09-30,2021-12-02,2021-10-31,2022-Q3,1118539000.000000,48012185386.000000,2025-03-10,885000.000000,3299617000.000000,3012341500.000000,2360086000.000000,939531000.000000,0.427000,4.153000,-117694000.000000,1907508000.000000,1907508000.000000,337333000.000000,-209641000.000000,1.901000,2.468000,776746000.000000,9706000.000000,767040000.000000,776746000.000000,1288196000.000000,67002000.000000,0.000000,0.000000,0.000000,-130241000.000000,-63239000.000000,-0.049000,-63239000.000000,-130241000.000000,-150219000.000000,-0.940000,-0.940000,-0.940000,948182000.000000,893072000.000000,948182000.000000,46881423386.000000,-360.000000,-741.337000,411835000.000000,1.804000,1.000000,948180000.000000,0.738000,456759000.000000,19978000.000000,470549000.000000,539909500.000000,0.000000,22665000.000000,0.000000,22665000.000000,2340047000.000000,1241547000.000000,1098500000.000000,847582000.000000,-353794000.000000,64536000.000000,734441000.000000,0.000000,806882000.000000,-488157000.000000,-15809000.000000,529529000.000000,-672000.000000,-211824000.000000,-211824000.000000,-211824000.000000,0.000000,2183000.000000,-0.165000,1082997000.000000,-134817000.000000,7167000.000000,0.000000,50.636000,-226.661000,-222.713000,276117000.000000,0.000000,209.350000,37.349000,37.178000,283272000.000000,-922938000.000000,1285513000.000000,1285513000.000000,332335000.000000,-0.070000,-0.237000,-0.241000,-0.101000,265029000.000000,750662000.000000,1.000000,229339314.000000,228293000.000000,228293000.000000,5.631000,2842858000.000000,0.000000,61605000.000000,0.000000,12.453000
ART,2021-12-31,2022-03-16,2022-01-31,2022-Q4,1164122000.000000,43767432328.000000,2025-03-10,-1240000.000000,3618381000.000000,3233803500.000000,2570952000.000000,1047429000.000000,0.449000,4.516000,-133009000.000000,1996633000.000000,1996633000.000000,383221000.000000,-232378000.000000,1.827000,2.516000,774716000.000000,9820000.000000,764896000.000000,774716000.000000,1529321000.000000,77913000.000000,0.000000,0.000000,0.000000,-137216000.000000,-59303000.000000,-0.041000,-59303000.000000,-137216000.000000,-162447000.000000,-1.030000,-1.030000,-1.030000,1025764000.000000,931869500.000000,1025764000.000000,42545515328.000000,-310.000000,-717.426000,441775000.000000,1.945000,1.000000,1068373000.000000,0.736000,513781000.000000,25231000.000000,475853000.000000,501342500.000000,0.000000,23632000.000000,0.000000,23632000.000000,2580738000.000000,1406830000.000000,1173908000.000000,78025000.000000,-414518000.000000,66176000.000000,-1800000.000000,0.000000,72531000.000000,-564516000.000000,-16309000.000000,574784000.000000,-4774000.000000,-234802000.000000,-234802000.000000,-234802000.000000,0.000000,2424000.000000,-0.162000,1210921000.000000,-142548000.000000,47634000.000000,0.000000,42.668000,-186.401000,-184.136000,292312000.000000,0.000000,189.660000,30.151000,29.678000,368145000.000000,-964918000.000000,1451594000.000000,1451594000.000000,371283000.000000,-0.073000,-0.252000,-0.274000,-0.095000,309952000.000000,839638000.000000,1.000000,230767860.000000,227142000.000000,227142000.000000,6.391000,3104600000.000000,0.000000,72355000.000000,0.000000,13.668000
ART,2022-03-31,2022-06-03,2022-04-30,2023-Q1,1235955000.000000,37618816896.000000,2025-03-10,-4188000.000000,3835835000.000000,3472469500.000000,2733058000.000000,1102777000.000000,0.471000,4.769000,-160204000.000000,2152736000.000000,2152736000.000000,431548000.000000,-179916000.000000,1.826000,2.466000,772053000.000000,9967000.000000,762086000.000000,772053000.000000,1692597000.000000,84027000.000000,0.000000,0.000000,0.000000,-130244000.000000,-46217000.000000,-0.028000,-46217000.000000,-130244000.000000,-155543000.000000,-0.790000,-0.790000,-0.790000,1102541000.000000,995188750.000000,1102541000.000000,36238133896.000000,-278.000000,-784.087000,482004000.000000,2.085000,1.000000,1205037000.000000,0.736000,510173000.000000,25299000.000000,447876000.000000,481019500.000000,0.000000,28665000.000000,0.000000,28665000.000000,2718838000.000000,1497103000.000000,1221735000.000000,467739000.000000,-61111000.000000,65528000.000000,0.000000,0.000000,74490000.000000,-240520000.000000,-17825000.000000,642208000.000000,-8439000.000000,-181276000.000000,-181276000.000000,-181276000.000000,0.000000,1360000.000000,-0.111000,1340121000.000000,-135084000.000000,11024000.000000,0.000000,34.120000,-207.522000,-205.190000,345010000.000000,0.000000,162.100000,22.986000,22.898000,369130000.000000,-996441000.000000,1636585000.000000,1636585000.000000,416502000.000000,-0.052000,-0.182000,-0.271000,-0.080000,358084000.000000,923619000.000000,1.000000,232071665.000000,231179000.000000,231179000.000000,7.079000,3325662000.000000,0.000000,25733000.000000,0.000000,14.386000
ART,2022-06-30,2022-08-31,2022-07-31,2023-Q2,1326730000.000000,42617613835.000000,2025-03-10,-5675000.000000,4154236000.000000,3727017250.000000,2975980000.000000,1178256000.000000,0.492000,5.269000,-199517000.000000,2318858000.000000,2318858000.000000,481683000.000000,-170911000.000000,1.804000,2.375000,771917000.000000,10316000.000000,761601000.000000,771917000.000000,1844152000.000000,89846000.000000,0.000000,0.000000,0.000000,-121632000.000000,-31786000.000000,-0.017000,-31786000.000000,-121632000.000000,-146970000.000000,-0.750000,-0.750000,-0.750000,1225419000.000000,1075476500.000000,1225419000.000000,41070672835.000000,-338.000000,-1292.099000,544122000.000000,2.340000,1.000000,1352365000.000000,0.737000,505906000.000000,25338000.000000,452139000.000000,461604250.000000,0.000000,35585000.000000,0.000000,35585000.000000,2910889000.000000,1649250000.000000,1261639000.000000,533343000.000000,-60772000.000000,68596000.000000,0.000000,0.000000,77059000.000000,-278494000.000000,-16825000.000000,743639000.000000,-8861000.000000,-173243000.000000,-173243000.000000,-173243000.000000,0.000000,2332000.000000,-0.094000,1488353000.000000,-135988000.000000,53817000.000000,0.000000,34.778000,-245.999000,-243.480000,411475000.000000,0.000000,182.610000,23.237000,23.155000,418799000.000000,-1045726000.000000,1834048000.000000,1834048000.000000,463911000.000000,-0.046000,-0.161000,-0.263000,-0.066000,413347000.000000,1024442000.000000,1.000000,233380504.000000,232554000.000000,232554000.000000,7.887000,3648330000.000000,0.000000,26273000.000000,0.000000,15.688000
ART,2022-09-30,2022-11-30,2022-10-31,2023-Q3,1386560000.000000,27576430570.000000,2025-03-10,-9184000.000000,4469443000.000000,4019473750.000000,3203613000.000000,1265830000.000000,0.506000,5.622000,-232736000.000000,2466551000.000000,2466551000.000000,538247000.000000,-175092000.000000,1.763000,2.383000,769040000.000000,10423000.000000,758617000.000000,769040000.000000,2015539000.000000,95645000.000000,0.000000,0.000000,0.000000,-121805000.000000,-26160000.000000,-0.013000,-26160000.000000,-121805000.000000,-147074000.000000,-0.770000,-0.770000,-0.770000,1314289000.000000,1167003250.000000,1314289000.000000,25878919570.000000,-212.000000,-989.255000,594696000.000000,2.544000,1.000000,1496632000.000000,0.735000,519785000.000000,25269000.000000,435094000.000000,452740500.000000,0.000000,46395000.000000,0.000000,46395000.000000,3131811000.000000,1817053000.000000,1314758000.000000,560550000.000000,-79236000.000000,66769000.000000,-1591000.000000,0.000000,74481000.000000,-331178000.000000,-18506000.000000,827432000.000000,-10185000.000000,-177744000.000000,-177744000.000000,-177744000.000000,0.000000,2652000.000000,-0.087000,1648778000.000000,-152146000.000000,89289000.000000,0.000000,20.982000,-155.147000,-152.792000,455651000.000000,0.000000,117.650000,13.552000,13.517000,485313000.000000,-1100682000.000000,2034879000.000000,2034879000.000000,521537000.000000,-0.044000,-0.152000,-0.269000,-0.060000,466794000.000000,1127241000.000000,1.000000,234393800.000000,233785000.000000,233785000.000000,8.704000,3949658000.000000,0.000000,30670000.000000,0.000000,16.894000
ART,2022-12-31,2023-03-09,2023-01-31,2023-Q4,1531195000.000000,28699929695.000000,2025-03-10,-1019000.000000,5026540000.000000,4371513500.000000,3640267000.000000,1386273000.000000,0.513000,6.278000,-264114000.000000,2455369000.000000,2455369000.000000,601231000.000000,-182285000.000000,1.726000,2.418000,783618000.000000,13046000.000000,770572000.000000,783618000.000000,2355113000.000000,103250000.000000,0.000000,0.000000,0.000000,-135524000.000000,-32274000.000000,-0.014000,-32274000.000000,-135524000.000000,-160843000.000000,-0.790000,-0.790000,-0.790000,1463641000.000000,1276472500.000000,1463641000.000000,27028178695.000000,-199.000000,-837.460000,676893000.000000,2.903000,1.000000,1640005000.000000,0.732000,517534000.000000,25319000.000000,728183000.000000,515823000.000000,0.000000,297270000.000000,250000000.000000,47270000.000000,3539106000.000000,2109072000.000000,1430034000.000000,460291000.000000,-18349000.000000,68074000.000000,-1591000.000000,0.000000,77437000.000000,-556658000.000000,-271808000.000000,941007000.000000,-1495000.000000,-183245000.000000,-183245000.000000,-183245000.000000,0.000000,960000.000000,-0.082000,1830117000.000000,-190112000.000000,45372000.000000,0.000000,19.609000,-156.621000,-154.025000,532271000.000000,0.000000,121.680000,12.805000,12.657000,626181000.000000,-1148163000.000000,2241236000.000000,2241236000.000000,608364000.000000,-0.042000,-0.144000,-0.263000,-0.060000,526504000.000000,1221753000.000000,1.000000,235863985.000000,233139000.000000,233139000.000000,9.613000,4509006000.000000,0.000000,22402000.000000,0.000000,19.340000
ART,2023-03-31,2023-06-01,2023-04-30,2024-Q1,1628706000.000000,37356420227.000000,2025-03-10,139000.000000,5137858000.000000,4697019250.000000,3708770000.000000,1429088000.000000,0.521000,6.790000,-279855000.000000,2829677000.000000,2829677000.000000,643629000.000000,-151377000.000000,1.783000,2.182000,794366000.000000,16215000.000000,778151000.000000,794366000.000000,2403791000.000000,114259000.000000,0.000000,0.000000,0.000000,-102452000.000000,11807000.000000,0.005000,11807000.000000,-102452000.000000,-127860000.000000,-0.660000,-0.660000,-0.660000,1605301000.000000,1402162500.000000,1605301000.000000,35321109227.000000,-345.000000,2991.540000,747087000.000000,3.160000,1.000000,1802353000.000000,0.737000,513970000.000000,25408000.000000,508513000.000000,530982250.000000,0.000000,157877000.000000,100000000.000000,57877000.000000,3503499000.000000,2080064000.000000,1423435000.000000,678829000.000000,-18349000.000000,67619000.000000,-1591000.000000,0.000000,80777000.000000,-429677000.000000,-129496000.000000,1026942000.000000,787000.000000,-151231000.000000,-151231000.000000,-151231000.000000,0.000000,-146000.000000,-0.062000,1988038000.000000,-185685000.000000,16900000.000000,0.000000,23.271000,-247.016000,-238.712000,574180000.000000,0.000000,157.550000,15.273000,15.228000,461092000.000000,-1147672000.000000,2445982000.000000,2445982000.000000,664030000.000000,-0.032000,-0.108000,-0.193000,-0.042000,554866000.000000,1324008000.000000,1.000000,237108348.000000,236414000.000000,240598000.000000,10.346000,4623888000.000000,0.000000,23371000.000000,0.000000,19.558000
ART,2023-06-30,2023-08-31,2023-07-31,2024-Q2,1820923000.000000,38929640409.000000,2025-03-10,913000.000000,5520458000.000000,5038574750.000000,4050386000.000000,1470072000.000000,0.524000,7.726000,-261196000.000000,3167215000.000000,3167215000.000000,685979000.000000,-94588000.000000,1.817000,1.986000,790571000.000000,16133000.000000,774438000.000000,790571000.000000,2507642000.000000,127179000.000000,0.000000,0.000000,0.000000,-44753000.000000,82426000.000000,0.031000,82426000.000000,-44753000.000000,-70270000.000000,-0.410000,-0.420000,-0.410000,1838207000.000000,1555359500.000000,1838207000.000000,36552996409.000000,-817.000000,443.464000,800621000.000000,3.365000,1.000000,1956476000.000000,0.740000,509836000.000000,25517000.000000,404515000.000000,519076250.000000,0.000000,59541000.000000,0.000000,59541000.000000,3650358000.000000,2229463000.000000,1420895000.000000,848722000.000000,-18349000.000000,78267000.000000,-1591000.000000,0.000000,91755000.000000,-308768000.000000,-26160000.000000,1061817000.000000,3918000.000000,-93474000.000000,-93474000.000000,-93474000.000000,0.000000,-1114000.000000,-0.035000,2109227000.000000,-152751000.000000,37073000.000000,0.000000,21.178000,-416.476000,-397.634000,607766000.000000,0.000000,163.030000,14.732000,14.678000,539463000.000000,-1139200000.000000,2642455000.000000,2642455000.000000,705528000.000000,-0.019000,-0.060000,-0.086000,-0.017000,588093000.000000,1403699000.000000,1.000000,238788201.000000,237911000.000000,242144000.000000,11.107000,5010622000.000000,0.000000,23204000.000000,0.000000,21.061000
ART,2023-09-30,2023-11-29,2023-10-31,2024-Q3,1728716000.000000,56299548788.000000,2025-03-10,-5280000.000000,5831056000.000000,5378978000.000000,4079133000.000000,1751923000.000000,0.529000,8.479000,-226316000.000000,2968872000.000000,2968872000.000000,722755000.000000,-13288000.000000,1.735000,1.858000,794923000.000000,14430000.000000,780493000.000000,794923000.000000,2543116000.000000,143082000.000000,0.000000,0.000000,0.000000,37770000.000000,180852000.000000,0.064000,180852000.000000,37770000.000000,12084000.000000,-0.060000,-0.070000,-0.060000,2028950000.000000,1734024750.000000,2028950000.000000,54125599788.000000,1433.000000,299.281000,866168000.000000,3.620000,1.000000,2124832000.000000,0.746000,747101000.000000,25686000.000000,559589000.000000,550200000.000000,0.000000,257063000.000000,197522000.000000,59541000.000000,3770209000.000000,2350417000.000000,1419792000.000000,503299000.000000,-238634000.000000,78843000.000000,0.000000,0.000000,88832000.000000,-680185000.000000,-211560000.000000,1092484000.000000,2168000.000000,-11853000.000000,-11853000.000000,-11853000.000000,0.000000,-1435000.000000,-0.004000,2217998000.000000,-93166000.000000,56968000.000000,0.000000,27.748000,-4749.814000,-3907.333000,631978000.000000,0.000000,234.440000,19.771000,19.701000,561872000.000000,-1112535000.000000,2847587000.000000,2847587000.000000,746344000.000000,-0.002000,-0.007000,0.069000,0.013000,607594000.000000,1471654000.000000,1.000000,240144808.000000,239297000.000000,243799000.000000,11.900000,5083955000.000000,0.000000,23937000.000000,0.000000,21.245000
ART,2023-12-31,2024-03-07,2024-01-31,2024-Q4,2060028000.000000,79739259169.000000,2025-03-10,-1663000.000000,6646520000.000000,5783973000.000000,4757307000.000000,1889213000.000000,0.528000,9.655000,-225986000.000000,3375069000.000000,3375069000.000000,755723000.000000,90585000.000000,1.764000,1.870000,792874000.000000,14150000.000000,778724000.000000,792874000.000000,3054099000.000000,158652000.000000,0.000000,0.000000,0.000000,147315000.000000,305967000.000000,0.100000,305967000.000000,147315000.000000,121559000.000000,0.370000,0.370000,0.370000,2303950000.000000,1944102000.000000,2303950000.000000,77157064169.000000,524.000000,252.174000,940221000.000000,3.940000,1.000000,2299832000.000000,0.753000,752559000.000000,25756000.000000,614487000.000000,521776000.000000,0.000000,155835000.000000,99591000.000000,56244000.000000,4309431000.000000,2697279000.000000,1612152000.000000,920673000.000000,-239030000.000000,85070000.000000,0.000000,0.000000,93158000.000000,-340650000.000000,137523000.000000,1166207000.000000,1958000.000000,89327000.000000,89327000.000000,89327000.000000,0.000000,1258000.000000,0.029000,2301827000.000000,-1995000.000000,28180000.000000,0.000000,34.610000,892.667000,891.027000,668383000.000000,0.000000,329.680000,26.096000,25.748000,853105000.000000,-1058836000.000000,3055555000.000000,3055555000.000000,768497000.000000,0.015000,0.046000,0.282000,0.048000,631519000.000000,1533330000.000000,1.000000,241868658.000000,238637000.000000,243635000.000000,12.804000,5893961000.000000,0.000000,32232000.000000,0.000000,24.698000
ART,2024-03-31,2024-06-05,2024-04-30,2025-Q1,2157936000.000000,83273143453.000000,2025-03-10,-4760000.000000,6841985000.000000,6210004750.000000,4841622000.000000,2000363000.000000,0.529000,10.461000,-212982000.000000,3702437000.000000,3702437000.000000,811496000.000000,136350000.000000,1.804000,1.685000,792976000.000000,16020000.000000,776956000.000000,792976000.000000,3069379000.000000,177033000.000000,0.000000,0.000000,0.000000,193026000.000000,370059000.000000,0.113000,370059000.000000,193026000.000000,167146000.000000,0.550000,0.530000,0.550000,2535540000.000000,2176661750.000000,2535540000.000000,80363682453.000000,416.000000,217.165000,1035561000.000000,4.272000,1.000000,2472515000.000000,0.753000,843997000.000000,25880000.000000,404841000.000000,495858000.000000,0.000000,58419000.000000,0.000000,58419000.000000,4273203000.000000,2683686000.000000,1589517000.000000,873727000.000000,-335406000.000000,83242000.000000,0.000000,0.000000,82732000.000000,-457779000.000000,104085000.000000,1248543000.000000,231000.000000,131656000.000000,131656000.000000,131656000.000000,0.000000,4694000.000000,0.040000,2448118000.000000,24397000.000000,21299000.000000,0.000000,32.842000,632.505000,622.145000,675979000.000000,0.000000,342.180000,25.357000,25.256000,702856000.000000,-1016016000.000000,3284011000.000000,3284011000.000000,824681000.000000,0.021000,0.060000,0.389000,0.059000,683788000.000000,1623437000.000000,1.000000,243360639.000000,242389000.000000,250164000.000000,13.549000,5997988000.000000,0.000000,35490000.000000,0.000000,24.745000
ART,2024-06-30,2024-08-29,2024-07-31,2025-Q2,2453329000.000000,66593494521.000000,2025-03-10,-3102000.000000,7202474000.000000,6630508750.000000,5181648000.000000,2020826000.000000,0.530000,11.688000,-211262000.000000,4038536000.000000,4038536000.000000,865980000.000000,174564000.000000,1.899000,1.511000,791973000.000000,17031000.000000,774942000.000000,791973000.000000,3093197000.000000,196296000.000000,0.000000,0.000000,0.000000,237975000.000000,434271000.000000,0.124000,434271000.000000,237975000.000000,211990000.000000,0.700000,0.690000,0.700000,2852915000.000000,2430338750.000000,2852915000.000000,63346931521.000000,266.000000,145.870000,1119141000.000000,4.585000,1.000000,2650277000.000000,0.754000,837682000.000000,25985000.000000,389910000.000000,492206750.000000,0.000000,58246000.000000,0.000000,58246000.000000,4311884000.000000,2728319000.000000,1583565000.000000,871300000.000000,-335411000.000000,94076000.000000,0.000000,0.000000,95491000.000000,-554429000.000000,5193000.000000,1330403000.000000,-165000.000000,170197000.000000,170197000.000000,170197000.000000,0.000000,4367000.000000,0.048000,2596849000.000000,53428000.000000,21067000.000000,0.000000,23.342000,391.273000,388.100000,694371000.000000,0.000000,271.670000,18.939000,18.859000,661045000.000000,-969003000.000000,3516257000.000000,3516257000.000000,896227000.000000,0.026000,0.070000,0.483000,0.068000,719888000.000000,1700622000.000000,1.000000,245126420.000000,244091000.000000,251265000.000000,14.406000,6364792000.000000,0.000000,41793000.000000,0.000000,26.075000
ART,2024-09-30,2024-11-27,2024-10-31,2025-Q3,2571947000.000000,85615383697.000000,2025-03-10,-2026000.000000,7782958000.000000,7118484250.000000,5572327000.000000,2210631000.000000,0.525000,12.454000,-272343000.000000,4260324000.000000,4260324000.000000,926063000.000000,131076000.000000,1.857000,1.533000,791951000.000000,15658000.000000,776293000.000000,791951000.000000,3196518000.000000,213658000.000000,0.000000,0.000000,0.000000,191250000.000000,404908000.000000,0.108000,404908000.000000,191250000.000000,165181000.000000,0.520000,0.510000,0.520000,3057933000.000000,2687584500.000000,3057933000.000000,82147010697.000000,430.000000,202.878000,1110678000.000000,4.523000,1.000000,2814358000.000000,0.752000,831370000.000000,26069000.000000,482835000.000000,473018250.000000,0.000000,68246000.000000,0.000000,68246000.000000,4687347000.000000,3000380000.000000,1686967000.000000,1290857000.000000,-96662000.000000,92867000.000000,0.000000,0.000000,94282000.000000,-191174000.000000,190774000.000000,1383021000.000000,4728000.000000,126710000.000000,126710000.000000,126710000.000000,0.000000,4366000.000000,0.034000,2819816000.000000,-5458000.000000,79214000.000000,0.000000,27.998000,675.680000,668.442000,792856000.000000,0.000000,347.590000,22.889000,22.817000,813922000.000000,-985825000.000000,3740421000.000000,3740421000.000000,975757000.000000,0.018000,0.047000,0.404000,0.051000,769162000.000000,1844059000.000000,1.000000,246311412.000000,245536000.000000,245536000.000000,15.234000,6951588000.000000,0.000000,38471000.000000,0.000000,28.312000
ART,2024-12-31,2025-03-10,2025-01-31,2025-Q4,2652295000.000000,76558182957.000000,2025-03-10,-9593000.000000,8701578000.000000,7632248750.000000,6113345000.000000,2588233000.000000,0.518000,13.399000,-313821000.000000,4323295000.000000,4323295000.000000,991481000.000000,-16596000.000000,1.766000,1.641000,788901000.000000,13811000.000000,775090000.000000,788901000.000000,3728677000.000000,229239000.000000,0.000000,0.000000,0.000000,78170000.000000,307409000.000000,0.078000,307409000.000000,78170000.000000,51859000.000000,-0.080000,-0.080000,-0.080000,3279494000.000000,2931470500.000000,3279494000.000000,73023788957.000000,934.000000,237.546000,1067906000.000000,4.363000,1.000000,2962143000.000000,0.749000,1045919000.000000,26311000.000000,660215000.000000,484450250.000000,0.000000,72544000.000000,0.000000,72544000.000000,5382661000.000000,3461050000.000000,1921611000.000000,947069000.000000,-310257000.000000,103599000.000000,0.000000,0.000000,107208000.000000,-536588000.000000,90105000.000000,1381727000.000000,-5278000.000000,-19271000.000000,-19271000.000000,-19271000.000000,0.000000,2675000.000000,-0.005000,3082573000.000000,-120430000.000000,130887000.000000,0.000000,23.345000,-3972.715000,-3860.750000,831403000.000000,0.000000,308.860000,19.364000,19.120000,1128564000.000000,-1078107000.000000,3953624000.000000,3953624000.000000,1076901000.000000,-0.003000,-0.007000,0.161000,0.020000,865421000.000000,2005672000.000000,1.000000,247873415.000000,244750000.000000,244750000.000000,16.154000,7655659000.000000,0.000000,71130000.000000,0.000000,31.280000
ARY,2018-12-31,2019-06-06,2019-01-31,2019-FY,49968000.000000,,2025-03-10,98000.000000,433219000.000000,,331388000.000000,101831000.000000,,-10.873000,-42645000.000000,88408000.000000,88408000.000000,87238000.000000,-140077000.000000,1.178000,-0.744000,0.000000,0.000000,0.000000,0.000000,290067000.000000,15398000.000000,0.000000,,0.000000,-138282000.000000,-122884000.000000,-0.492000,-122884000.000000,-138282000.000000,-138710000.000000,-3.120000,-3.120000,-3.120000,-487793000.000000,,-487793000.000000,,,,-65613000.000000,-1.463000,1.000000,162586000.000000,0.651000,8995000.000000,428000.000000,54396000.000000,,0.000000,103247000.000000,103247000.000000,0.000000,363100000.000000,281420000.000000,81680000.000000,25229000.000000,0.000000,1582000.000000,-15960000.000000,0.000000,190389000.000000,-142030000.000000,-99385000.000000,-22968000.000000,-162000.000000,-140077000.000000,-140077000.000000,-140077000.000000,0.000000,0.000000,-0.561000,299450000.000000,-136864000.000000,6855000.000000,0.000000,,,,73735000.000000,0.000000,,,,92476000.000000,-519126000.000000,249824000.000000,249824000.000000,84551000.000000,,,,-0.554000,20505000.000000,214899000.000000,1.000000,196688971.000000,44863000.000000,44863000.000000,5.569000,424224000.000000,0.000000,1367000.000000,0.000000,9.456000
ARY,2019-12-31,2020-03-23,2020-01-31,2020-FY,678540000.000000,10969809622.000000,2025-03-10,1009000.000000,1404906000.000000,1072476750.000000,1171636000.000000,233270000.000000,0.449000,5.012000,-87487000.000000,264798000.000000,264798000.000000,141627000.000000,-141779000.000000,2.376000,0.892000,0.000000,0.000000,0.000000,0.000000,571168000.000000,23513000.000000,0.000000,0.000000,0.000000,-139340000.000000,-115827000.000000,-0.241000,-115827000.000000,-139340000.000000,-139782000.000000,-0.960000,-0.960000,-0.960000,742107000.000000,425517250.000000,742107000.000000,10705011622.000000,-77.000000,-92.422000,12456000.000000,0.084000,1.000000,339786000.000000,0.706000,8249000.000000,442000.000000,638763000.000000,217153750.000000,0.000000,648266000.000000,647266000.000000,1000000.000000,662299000.000000,493096000.000000,169203000.000000,176390000.000000,0.000000,709233000.000000,0.000000,0.000000,706144000.000000,-629631000.000000,-542144000.000000,99943000.000000,-66000.000000,-141779000.000000,-141779000.000000,-141779000.000000,0.000000,0.000000,-0.295000,485851000.000000,-146065000.000000,1345000.000000,0.000000,14.782000,-77.373000,-53.594000,136078000.000000,0.000000,51.450000,22.787000,15.824000,164987000.000000,-637487000.000000,481413000.000000,481413000.000000,130188000.000000,-0.132000,-0.333000,-0.642000,-0.289000,79940000.000000,355663000.000000,1.000000,213213015.000000,148062000.000000,148062000.000000,3.251000,1396657000.000000,0.000000,1997000.000000,0.000000,9.433000
ARY,2020-12-31,2021-03-18,2021-01-31,2021-FY,1428721000.000000,42583497518.000000,2025-03-10,2319000.000000,2732533000.000000,1904597500.000000,2292274000.000000,440259000.000000,0.459000,3.998000,-63663000.000000,1918608000.000000,1918608000.000000,229545000.000000,-92629000.000000,2.654000,2.137000,778992000.000000,8977000.000000,770015000.000000,778992000.000000,911895000.000000,47929000.000000,0.000000,0.000000,0.000000,-86310000.000000,-38381000.000000,-0.044000,-38381000.000000,-86310000.000000,-87869000.000000,-0.430000,-0.430000,-0.430000,870574000.000000,806794250.000000,870574000.000000,41443881518.000000,-480.000000,-1079.802000,292903000.000000,1.345000,1.000000,644893000.000000,0.737000,99243000.000000,1559000.000000,630121000.000000,134081000.000000,0.000000,2500000.000000,0.000000,2500000.000000,1860659000.000000,863553000.000000,997106000.000000,1653810000.000000,-85517000.000000,63094000.000000,736241000.000000,0.000000,800135000.000000,495427000.000000,644787000.000000,356566000.000000,1682000.000000,-92629000.000000,-92629000.000000,-92629000.000000,0.000000,0.000000,-0.106000,737422000.000000,-92529000.000000,12065000.000000,0.000000,48.914000,-459.721000,-442.349000,203498000.000000,0.000000,190.210000,48.698000,47.367000,239199000.000000,-730116000.000000,874438000.000000,874438000.000000,214670000.000000,-0.049000,-0.115000,-0.644000,-0.099000,149675000.000000,522752000.000000,1.000000,223876229.000000,217756000.000000,217756000.000000,4.016000,2633290000.000000,0.000000,4760000.000000,0.000000,12.093000
ARY,2021-12-31,2022-03-16,2022-01-31,2022-FY,1164122000.000000,43767432328.000000,2025-03-10,-1240000.000000,3618381000.000000,3233803500.000000,2570952000.000000,1047429000.000000,0.449000,4.516000,-133009000.000000,1996633000.000000,1996633000.000000,383221000.000000,-232378000.000000,1.827000,2.516000,774716000.000000,9820000.000000,764896000.000000,774716000.000000,1529321000.000000,77913000.000000,0.000000,0.000000,0.000000,-137216000.000000,-59303000.000000,-0.041000,-59303000.000000,-137216000.000000,-162447000.000000,-1.030000,-1.030000,-1.030000,1025764000.000000,931869500.000000,1025764000.000000,42545515328.000000,-310.000000,-717.426000,441775000.000000,1.945000,1.000000,1068373000.000000,0.736000,513781000.000000,25231000.000000,475853000.000000,501342500.000000,0.000000,23632000.000000,0.000000,23632000.000000,2580738000.000000,1406830000.000000,1173908000.000000,78025000.000000,-414518000.000000,66176000.000000,-1800000.000000,0.000000,72531000.000000,-564516000.000000,-16309000.000000,574784000.000000,-4774000.000000,-234802000.000000,-234802000.000000,-234802000.000000,0.000000,2424000.000000,-0.162000,1210921000.000000,-142548000.000000,47634000.000000,0.000000,42.668000,-186.401000,-184.136000,292312000.000000,0.000000,189.660000,30.151000,29.678000,368145000.000000,-964918000.000000,1451594000.000000,1451594000.000000,371283000.000000,-0.073000,-0.252000,-0.274000,-0.095000,309952000.000000,839638000.000000,1.000000,230767860.000000,227142000.000000,227142000.000000,6.391000,3104600000.000000,0.000000,72355000.000000,0.000000,13.668000
ARY,2022-12-31,2023-03-09,2023-01-31,2023-FY,1531195000.000000,28699929695.000000,2025-03-10,-1019000.000000,5026540000.000000,4371513500.000000,3640267000.000000,1386273000.000000,0.513000,6.278000,-264114000.000000,2455369000.000000,2455369000.000000,601231000.000000,-182285000.000000,1.726000,2.418000,783618000.000000,13046000.000000,770572000.000000,783618000.000000,2355113000.000000,103250000.000000,0.000000,0.000000,0.000000,-135524000.000000,-32274000.000000,-0.014000,-32274000.000000,-135524000.000000,-160843000.000000,-0.790000,-0.790000,-0.790000,1463641000.000000,1276472500.000000,1463641000.000000,27028178695.000000,-199.000000,-837.460000,676893000.000000,2.903000,1.000000,1640005000.000000,0.732000,517534000.000000,25319000.000000,728183000.000000,515823000.000000,0.000000,297270000.000000,250000000.000000,47270000.000000,3539106000.000000,2109072000.000000,1430034000.000000,460291000.000000,-18349000.000000,68074000.000000,-1591000.000000,0.000000,77437000.000000,-556658000.000000,-271808000.000000,941007000.000000,-1495000.000000,-183245000.000000,-183245000.000000,-183245000.000000,0.000000,960000.000000,-0.082000,1830117000.000000,-190112000.000000,45372000.000000,0.000000,19.609000,-156.621000,-154.025000,532271000.000000,0.000000,121.680000,12.805000,12.657000,626181000.000000,-1148163000.000000,2241236000.000000,2241236000.000000,608364000.000000,-0.042000,-0.144000,-0.263000,-0.060000,526504000.000000,1221753000.000000,1.000000,235863985.000000,233139000.000000,233139000.000000,9.613000,4509006000.000000,0.000000,22402000.000000,0.000000,19.340000
ARY,2023-12-31,2024-03-07,2024-01-31,2024-FY,2060028000.000000,79739259169.000000,2025-03-10,-1663000.000000,6646520000.000000,5783973000.000000,4757307000.000000,1889213000.000000,0.528000,9.655000,-225986000.000000,3375069000.000000,3375069000.000000,755723000.000000,90585000.000000,1.764000,1.870000,792874000.000000,14150000.000000,778724000.000000,792874000.000000,3054099000.000000,158652000.000000,0.000000,0.000000,0.000000,147315000.000000,305967000.000000,0.100000,305967000.000000,147315000.000000,121559000.000000,0.370000,0.370000,0.370000,2303950000.000000,1944102000.000000,2303950000.000000,77157064169.000000,524.000000,252.174000,940221000.000000,3.940000,1.000000,2299832000.000000,0.753000,752559000.000000,25756000.000000,614487000.000000,521776000.000000,0.000000,155835000.000000,99591000.000000,56244000.000000,4309431000.000000,2697279000.000000,1612152000.000000,920673000.000000,-239030000.000000,85070000.000000,0.000000,0.000000,93158000.000000,-340650000.000000,137523000.000000,1166207000.000000,1958000.000000,89327000.000000,89327000.000000,89327000.000000,0.000000,1258000.000000,0.029000,2301827000.000000,-1995000.000000,28180000.000000,0.000000,34.610000,892.667000,891.027000,668383000.000000,0.000000,329.680000,26.096000,25.748000,853105000.000000,-1058836000.000000,3055555000.000000,3055555000.000000,768497000.000000,0.015000,0.046000,0.282000,0.048000,631519000.000000,1533330000.000000,1.000000,241868658.000000,238637000.000000,243635000.000000,12.804000,5893961000.000000,0.000000,32232000.000000,0.000000,24.698000
ARY,2024-12-31,2025-03-10,2025-01-31,2025-FY,2652295000.000000,76558182957.000000,2025-03-10,-9593000.000000,8701578000.000000,7632248750.000000,6113345000.000000,2588233000.000000,0.518000,13.399000,-313821000.000000,4323295000.000000,4323295000.000000,991481000.000000,-16596000.000000,1.766000,1.641000,788901000.000000,13811000.000000,775090000.000000,788901000.000000,3728677000.000000,229239000.000000,0.000000,0.000000,0.000000,78170000.000000,307409000.000000,0.078000,307409000.000000,78170000.000000,51859000.000000,-0.080000,-0.080000,-0.080000,3279494000.000000,2931470500.000000,3279494000.000000,73023788957.000000,934.000000,237.546000,1067906000.000000,4.363000,1.000000,2962143000.000000,0.749000,1045919000.000000,26311000.000000,660215000.000000,484450250.000000,0.000000,72544000.000000,0.000000,72544000.000000,5382661000.000000,3461050000.000000,1921611000.000000,947069000.000000,-310257000.000000,103599000.000000,0.000000,0.000000,107208000.000000,-536588000.000000,90105000.000000,1381727000.000000,-5278000.000000,-19271000.000000,-19271000.000000,-19271000.000000,0.000000,2675000.000000,-0.005000,3082573000.000000,-120430000.000000,130887000.000000,0.000000,23.345000,-3972.715000,-3860.750000,831403000.000000,0.000000,308.860000,19.364000,19.120000,1128564000.000000,-1078107000.000000,3953624000.000000,3953624000.000000,1076901000.000000,-0.003000,-0.007000,0.161000,0.020000,865421000.000000,2005672000.000000,1.000000,247873415.000000,244750000.000000,244750000.000000,16.154000,7655659000.000000,0.000000,71130000.000000,0.000000,31.280000
MRQ,2017-12-31,2018-01-31,2018-01-31,2018-Q4,-12279000.000000,,2025-03-10,970000.000000,217703000.000000,,153611000.000000,64092000.000000,,-8.823000,,63179000.000000,63179000.000000,,,0.926000,-0.639000,15971000.000000,0.000000,15971000.000000,15971000.000000,158950000.000000,,0.000000,,0.000000,,,,,,,,,,-369474000.000000,,-369474000.000000,,,,,,1.000000,,,10157000.000000,,-5552000.000000,,0.000000,2791000.000000,2791000.000000,0.000000,236161000.000000,165890000.000000,70271000.000000,,,,,,,,,,,,,,,,,,,12261000.000000,,,,,40754000.000000,,,,,59614000.000000,-378948000.000000,,,,,,,,,,1.000000,,41876000.000000,,,207546000.000000,0.000000,,0.000000,4.956000
MRQ,2018-03-31,2018-04-30,2018-04-30,2019-Q1,,,2025-03-10,,,,,,,,-10356000.000000,,,19394000.000000,-33617000.000000,,,,,,,,3149000.000000,,,0.000000,-33304000.000000,-30155000.000000,-0.638000,-30155000.000000,-33304000.000000,-33496000.000000,-0.770000,-0.770000,-0.770000,,,,,,,-16749000.000000,-0.384000,1.000000,27895000.000000,0.590000,,192000.000000,,,,,,,,,,-13774000.000000,0.000000,751000.000000,198000.000000,0.000000,449000.000000,-7756000.000000,2600000.000000,-6393000.000000,-74000.000000,-33617000.000000,-33617000.000000,-33617000.000000,0.000000,0.000000,-0.711000,61009000.000000,-33114000.000000,,0.000000,,,,,0.000000,,,,,,47289000.000000,47289000.000000,17615000.000000,,,,,1719000.000000,43394000.000000,1.000000,,43614000.000000,43614000.000000,1.084000,,,121000.000000,,
MRQ,2018-06-30,2018-07-31,2018-07-31,2019-Q2,,,2025-03-10,,,,,,,,-6913000.000000,,,18575000.000000,-32877000.000000,,,,,,,,3648000.000000,,,0.000000,-32279000.000000,-28631000.000000,-0.514000,-28631000.000000,-32279000.000000,-32515000.000000,-0.750000,-0.750000,-0.750000,,,,,,,-35657000.000000,-0.808000,1.000000,37126000.000000,0.667000,,236000.000000,,,,,,,,,,66129000.000000,0.000000,-1567000.000000,-16158000.000000,0.000000,182171000.000000,-87117000.000000,-80204000.000000,-28744000.000000,-181000.000000,-32877000.000000,-32877000.000000,-32877000.000000,0.000000,0.000000,-0.590000,67553000.000000,-30427000.000000,,0.000000,,,,,0.000000,,,,,,55701000.000000,55701000.000000,18963000.000000,,,,,2224000.000000,48590000.000000,1.000000,,44105000.000000,44105000.000000,1.263000,,,362000.000000,,
MRQ,2018-09-30,2018-10-31,2018-10-31,2019-Q3,,,2025-03-10,,,,,,,,-9437000.000000,,,22274000.000000,-42323000.000000,,,,,,,,3837000.000000,,,0.000000,-41788000.000000,-37951000.000000,-0.572000,-37951000.000000,-41788000.000000,-41788000.000000,-0.930000,-0.930000,-0.930000,,,,,,,-13076000.000000,-0.289000,1.000000,44105000.000000,0.664000,,0.000000,,,,,,,,,,-32072000.000000,0.000000,1278000.000000,0.000000,0.000000,8094000.000000,-36486000.000000,-27049000.000000,-3639000.000000,-41000.000000,-42323000.000000,-42323000.000000,-42323000.000000,0.000000,0.000000,-0.638000,86196000.000000,-42091000.000000,,0.000000,,,,,0.000000,,,,,,66379000.000000,66379000.000000,25968000.000000,,,,,13460000.000000,60228000.000000,1.000000,,45287000.000000,45287000.000000,1.466000,,,535000.000000,,
MRQ,2018-12-31,2019-01-31,2019-01-31,2019-Q4,49968000.000000,,2025-03-10,98000.000000,433219000.000000,,331388000.000000,101831000.000000,,-10.508000,-15939000.000000,88408000.000000,88408000.000000,26995000.000000,-31260000.000000,1.178000,-0.744000,0.000000,0.000000,0.000000,0.000000,290067000.000000,4764000.000000,0.000000,,0.000000,-30911000.000000,-26147000.000000,-0.325000,-26147000.000000,-30911000.000000,-30911000.000000,-0.670000,-0.670000,-0.670000,-487793000.000000,,-487793000.000000,,,,-131000.000000,-0.003000,1.000000,53460000.000000,0.664000,8995000.000000,0.000000,54396000.000000,,0.000000,103247000.000000,103247000.000000,0.000000,363100000.000000,281420000.000000,81680000.000000,4946000.000000,0.000000,1120000.000000,0.000000,0.000000,-325000.000000,-10671000.000000,5268000.000000,15808000.000000,134000.000000,-31260000.000000,-31260000.000000,-31260000.000000,0.000000,0.000000,-0.389000,84692000.000000,-31232000.000000,6855000.000000,0.000000,,,,73735000.000000,0.000000,,,,92476000.000000,-519126000.000000,80455000.000000,80455000.000000,22005000.000000,,,,,3102000.000000,62687000.000000,1.000000,196688971.000000,46420000.000000,46420000.000000,1.733000,424224000.000000,0.000000,349000.000000,0.000000,9.139000
MRQ,2019-03-31,2019-04-30,2019-04-30,2020-Q1,8530000.000000,,2025-03-10,-186000.000000,457361000.000000,,311251000.000000,146110000.000000,,-10.278000,-17525000.000000,92993000.000000,92993000.000000,29273000.000000,-25977000.000000,1.028000,-0.793000,0.000000,0.000000,0.000000,0.000000,315212000.000000,5019000.000000,0.000000,,0.000000,-25381000.000000,-20362000.000000,-0.212000,-20362000.000000,-25381000.000000,-25382000.000000,-0.550000,-0.550000,-0.550000,-485177000.000000,,-485177000.000000,,,,-16110000.000000,-0.341000,1.000000,66804000.000000,0.695000,8688000.000000,1000.000000,52959000.000000,,0.000000,82066000.000000,82066000.000000,0.000000,384626000.000000,302721000.000000,81905000.000000,4585000.000000,0.000000,1510000.000000,0.000000,0.000000,-882000.000000,4138000.000000,21663000.000000,1415000.000000,-86000.000000,-25977000.000000,-25977000.000000,-25977000.000000,0.000000,0.000000,-0.270000,92579000.000000,-25775000.000000,9915000.000000,0.000000,,,,86349000.000000,0.000000,,,,87355000.000000,-521685000.000000,96077000.000000,96077000.000000,23875000.000000,,,,,3752000.000000,68704000.000000,1.000000,196688971.000000,47205000.000000,47205000.000000,2.035000,448673000.000000,0.000000,595000.000000,0.000000,9.505000
MRQ,2019-06-30,2019-07-31,2019-07-31,2020-Q2,663651000.000000,18259215059.000000,2025-03-10,-530000.000000,1171586000.000000,,1005432000.000000,166154000.000000,,5.597000,-22944000.000000,732808000.000000,732808000.000000,31582000.000000,-51889000.000000,2.942000,0.609000,0.000000,0.000000,0.000000,0.000000,369762000.000000,5459000.000000,0.000000,0.000000,0.000000,-51090000.000000,-45631000.000000,-0.422000,-45631000.000000,-51090000.000000,-51254000.000000,-0.400000,-0.400000,-0.400000,728097000.000000,,728097000.000000,18166222059.000000,-122.000000,-139.642000,-29158000.000000,-0.224000,1.000000,76526000.000000,0.708000,8518000.000000,164000.000000,88479000.000000,,0.000000,94003000.000000,94003000.000000,0.000000,443489000.000000,341781000.000000,101708000.000000,639815000.000000,0.000000,682372000.000000,0.000000,0.000000,680684000.000000,-34392000.000000,-11448000.000000,-6214000.000000,-263000.000000,-51889000.000000,-51889000.000000,-51889000.000000,0.000000,0.000000,-0.480000,127165000.000000,-50639000.000000,1126000.000000,0.000000,25.078000,-120.563000,-34.929000,107989000.000000,0.000000,89.070000,52.018000,33.010000,115256000.000000,-573574000.000000,108108000.000000,108108000.000000,31630000.000000,,,,,29859000.000000,95535000.000000,1.000000,204998485.000000,130091000.000000,130091000.000000,0.831000,1163068000.000000,0.000000,635000.000000,0.000000,8.940000
MRQ,2019-09-30,2019-10-31,2019-10-31,2020-Q3,637616000.000000,10243794520.000000,2025-03-10,-98000.000000,1256054000.000000,,1053220000.000000,202834000.000000,,3.513000,-31587000.000000,743605000.000000,743605000.000000,37355000.000000,-35505000.000000,2.534000,0.752000,0.000000,0.000000,0.000000,0.000000,447639000.000000,5930000.000000,0.000000,0.000000,0.000000,-34939000.000000,-29009000.000000,-0.232000,-29009000.000000,-34939000.000000,-35071000.000000,-0.170000,-0.170000,-0.170000,717042000.000000,,717042000.000000,9510986520.000000,-67.000000,-78.507000,7048000.000000,0.035000,1.000000,87764000.000000,0.701000,8431000.000000,132000.000000,88414000.000000,,0.000000,90083000.000000,90083000.000000,0.000000,539012000.000000,415604000.000000,123408000.000000,10797000.000000,0.000000,824000.000000,0.000000,0.000000,-968000.000000,-27262000.000000,4325000.000000,38635000.000000,392000.000000,-35505000.000000,-35505000.000000,-35505000.000000,0.000000,0.000000,-0.284000,126282000.000000,-38518000.000000,5244000.000000,0.000000,14.286000,-70.827000,-27.883000,129504000.000000,0.000000,49.910000,25.000000,24.860000,145694000.000000,-609079000.000000,125119000.000000,125119000.000000,35992000.000000,,,,,21966000.000000,90290000.000000,1.000000,205245332.000000,204096000.000000,204096000.000000,0.613000,1247623000.000000,0.000000,434000.000000,0.000000,6.113000
MRQ,2019-12-31,2020-01-31,2020-01-31,2020-Q4,678540000.000000,12556736169.000000,2025-03-10,1009000.000000,1404906000.000000,,1171636000.000000,233270000.000000,,5.012000,-15431000.000000,264798000.000000,264798000.000000,43416000.000000,-28408000.000000,2.376000,0.892000,0.000000,0.000000,0.000000,0.000000,571168000.000000,7105000.000000,0.000000,0.000000,0.000000,-27930000.000000,-20825000.000000,-0.137000,-20825000.000000,-27930000.000000,-28075000.000000,-0.070000,-0.070000,-0.070000,742107000.000000,,742107000.000000,11813131169.000000,-85.000000,-101.989000,50676000.000000,0.342000,1.000000,108693000.000000,0.715000,8249000.000000,145000.000000,638763000.000000,,0.000000,648266000.000000,647266000.000000,1000000.000000,662299000.000000,493096000.000000,169203000.000000,-478807000.000000,0.000000,24527000.000000,0.000000,0.000000,27310000.000000,-572115000.000000,-556684000.000000,66107000.000000,-109000.000000,-28408000.000000,-28408000.000000,-28408000.000000,0.000000,0.000000,-0.187000,139825000.000000,-31132000.000000,1345000.000000,0.000000,16.920000,-88.566000,-63.635000,136078000.000000,0.000000,61.090000,26.083000,18.789000,164987000.000000,-637487000.000000,152109000.000000,152109000.000000,38691000.000000,,,,,24363000.000000,101134000.000000,1.000000,205544871.000000,148062000.000000,148062000.000000,1.027000,1396657000.000000,0.000000,333000.000000,0.000000,9.433000
MRQ,2020-03-31,2020-04-30,2020-04-30,2021-Q1,692818000.000000,14425992595.000000,2025-03-10,-1004000.000000,1519396000.000000,,1248462000.000000,270934000.000000,,3.529000,-11576000.000000,1004991000.000000,1004991000.000000,46895000.000000,-19222000.000000,2.247000,1.019000,39580000.000000,6673000.000000,32907000.000000,39580000.000000,635973000.000000,10588000.000000,0.000000,0.000000,0.000000,-18043000.000000,-7455000.000000,-0.042000,-7455000.000000,-18043000.000000,-18186000.000000,-0.090000,-0.090000,-0.090000,752153000.000000,,752153000.000000,14161194595.000000,-107.000000,-137.594000,87001000.000000,0.408000,1.000000,131183000.000000,0.737000,8071000.000000,143000.000000,-9730000.000000,,0.000000,1000000.000000,0.000000,1000000.000000,766243000.000000,555644000.000000,210599000.000000,740193000.000000,0.000000,6393000.000000,0.000000,0.000000,6893000.000000,634711000.000000,646287000.000000,98577000.000000,12000.000000,-19222000.000000,-19222000.000000,-19222000.000000,0.000000,0.000000,-0.108000,153759000.000000,-22576000.000000,6528000.000000,0.000000,19.180000,-106.840000,-92.685000,174834000.000000,0.000000,67.660000,25.605000,25.595000,144187000.000000,-656709000.000000,178078000.000000,178078000.000000,40578000.000000,,,,,23638000.000000,113181000.000000,1.000000,213213015.000000,213129000.000000,213129000.000000,0.836000,1511325000.000000,0.000000,1036000.000000,0.000000,7.091000
MRQ,2020-06-30,2020-07-31,2020-07-31,2021-Q2,712689000.000000,24450491934.000000,2025-03-10,1115000.000000,1616952000.000000,,1315981000.000000,300971000.000000,,3.650000,-22608000.000000,1064734000.000000,1064734000.000000,54391000.000000,-29874000.000000,2.181000,1.043000,44777000.000000,8643000.000000,36134000.000000,44777000.000000,689840000.000000,12179000.000000,0.000000,0.000000,0.000000,-29259000.000000,-17080000.000000,-0.086000,-17080000.000000,-29259000.000000,-29433000.000000,-0.140000,-0.140000,-0.140000,790965000.000000,,790965000.000000,23485080934.000000,-213.000000,-315.791000,32417000.000000,0.150000,1.000000,144580000.000000,0.727000,8478000.000000,174000.000000,-14775000.000000,,0.000000,2000000.000000,0.000000,2000000.000000,824937000.000000,603292000.000000,221645000.000000,59743000.000000,0.000000,27492000.000000,0.000000,0.000000,27542000.000000,-23608000.000000,-1000000.000000,55025000.000000,784000.000000,-29874000.000000,-29874000.000000,-29874000.000000,0.000000,0.000000,-0.150000,174571000.000000,-29991000.000000,10118000.000000,0.000000,30.912000,-216.359000,-240.851000,193757000.000000,0.000000,113.200000,37.370000,37.492000,149236000.000000,-686583000.000000,198971000.000000,198971000.000000,50483000.000000,,,,,37713000.000000,124088000.000000,1.000000,215993745.000000,216695000.000000,216695000.000000,0.918000,1608474000.000000,0.000000,441000.000000,0.000000,7.423000
MRQ,2020-09-30,2020-10-31,2020-10-31,2021-Q3,638757000.000000,27176534191.000000,2025-03-10,615000.000000,1749509000.000000,,1340796000.000000,408713000.000000,,3.708000,-12406000.000000,1059926000.000000,1059926000.000000,61527000.000000,-24531000.000000,1.910000,1.149000,42652000.000000,8646000.000000,34006000.000000,42652000.000000,762674000.000000,13206000.000000,0.000000,0.000000,0.000000,-23887000.000000,-10681000.000000,-0.046000,-10681000.000000,-23887000.000000,-24080000.000000,-0.110000,-0.110000,-0.110000,813485000.000000,,813485000.000000,26156577191.000000,-264.000000,-466.740000,76095000.000000,0.347000,1.000000,170933000.000000,0.735000,99488000.000000,193000.000000,-69292000.000000,,0.000000,2500000.000000,0.000000,2500000.000000,934724000.000000,702039000.000000,232685000.000000,-4808000.000000,-85469000.000000,4921000.000000,0.000000,0.000000,5171000.000000,-98375000.000000,-500000.000000,88501000.000000,-105000.000000,-24531000.000000,-24531000.000000,-24531000.000000,0.000000,0.000000,-0.106000,195092000.000000,-24159000.000000,7494000.000000,0.000000,33.408000,-266.345000,-302.049000,200747000.000000,0.000000,123.840000,35.683000,35.675000,172775000.000000,-711114000.000000,232460000.000000,232460000.000000,57539000.000000,,,,,40610000.000000,137553000.000000,1.000000,219448758.000000,219401000.000000,219401000.000000,1.060000,1650021000.000000,0.000000,451000.000000,0.000000,7.521000
MRQ,2020-12-31,2021-01-31,2021-01-31,2021-Q4,1428721000.000000,47748714876.000000,2025-03-10,2319000.000000,2732533000.000000,,2292274000.000000,440259000.000000,,3.926000,-17073000.000000,1918608000.000000,1918608000.000000,66732000.000000,-19002000.000000,2.654000,2.137000,778992000.000000,8977000.000000,770015000.000000,778992000.000000,911895000.000000,11971000.000000,0.000000,0.000000,0.000000,-15121000.000000,-3150000.000000,-0.012000,-3150000.000000,-15121000.000000,-16170000.000000,-0.090000,-0.090000,-0.090000,870574000.000000,,870574000.000000,46731440876.000000,-541.000000,-1218.043000,97390000.000000,0.439000,1.000000,198197000.000000,0.748000,99243000.000000,1049000.000000,630121000.000000,,0.000000,2500000.000000,0.000000,2500000.000000,1860659000.000000,863553000.000000,997106000.000000,858682000.000000,-48000.000000,24288000.000000,736241000.000000,0.000000,760529000.000000,-17301000.000000,0.000000,114463000.000000,991000.000000,-19002000.000000,-19002000.000000,-19002000.000000,0.000000,0.000000,-0.072000,214000000.000000,-15803000.000000,12065000.000000,0.000000,54.847000,-515.483000,-501.860000,203498000.000000,0.000000,215.800000,54.605000,53.739000,239199000.000000,-730116000.000000,264929000.000000,264929000.000000,66070000.000000,,,,,47714000.000000,147930000.000000,1.000000,221263739.000000,221728000.000000,221728000.000000,1.195000,2633290000.000000,0.000000,2832000.000000,0.000000,11.876000
MRQ,2021-03-31,2021-04-30,2021-04-30,2022-Q1,1055238000.000000,46680432509.000000,2025-03-10,2117000.000000,2881171000.000000,,2038003000.000000,843168000.000000,,3.789000,-30230000.000000,1684997000.000000,1684997000.000000,78505000.000000,-82871000.000000,2.074000,2.388000,779191000.000000,9333000.000000,769858000.000000,779191000.000000,1021991000.000000,16571000.000000,0.000000,0.000000,0.000000,-28757000.000000,-12186000.000000,-0.040000,-12186000.000000,-28757000.000000,-34987000.000000,-0.380000,-0.380000,-0.380000,849264000.000000,,849264000.000000,45540816509.000000,-469.000000,-1056.705000,117303000.000000,0.523000,1.000000,224338000.000000,0.741000,463432000.000000,6230000.000000,529168000.000000,,0.000000,8165000.000000,0.000000,8165000.000000,2027774000.000000,982765000.000000,1045009000.000000,-233611000.000000,-353407000.000000,3754000.000000,-1800000.000000,0.000000,2609000.000000,-384946000.000000,-1309000.000000,147533000.000000,1193000.000000,-85049000.000000,-85049000.000000,-85049000.000000,0.000000,2178000.000000,-0.281000,255685000.000000,-31347000.000000,3468000.000000,0.000000,54.966000,-294.596000,-289.597000,227993000.000000,0.000000,208.510000,46.718000,46.775000,211233000.000000,-815165000.000000,302843000.000000,302843000.000000,78180000.000000,,,,,54362000.000000,177505000.000000,1.000000,223876229.000000,224153000.000000,224153000.000000,1.351000,2417739000.000000,0.000000,50062000.000000,0.000000,10.786000
MRQ,2021-06-30,2021-07-31,2021-07-31,2022-Q2,1115197000.000000,57267830831.000000,2025-03-10,1550000.000000,3136045000.000000,,2252025000.000000,884020000.000000,,3.995000,-34836000.000000,1787051000.000000,1787051000.000000,90432000.000000,-57318000.000000,1.981000,2.460000,777524000.000000,9374000.000000,768150000.000000,777524000.000000,1164357000.000000,18602000.000000,0.000000,0.000000,0.000000,-46784000.000000,-28182000.000000,-0.083000,-28182000.000000,-46784000.000000,-53080000.000000,-0.250000,-0.250000,-0.250000,904268000.000000,,904268000.000000,56362024831.000000,-492.000000,-1039.909000,73639000.000000,0.325000,1.000000,247258000.000000,0.732000,459890000.000000,6296000.000000,529800000.000000,,0.000000,14165000.000000,0.000000,14165000.000000,2224644000.000000,1136828000.000000,1087816000.000000,102054000.000000,-339000.000000,33190000.000000,0.000000,0.000000,36190000.000000,-41175000.000000,-6000000.000000,108475000.000000,-1436000.000000,-57318000.000000,-57318000.000000,-57318000.000000,0.000000,0.000000,-0.170000,294661000.000000,-47403000.000000,19642000.000000,0.000000,63.331000,-308.057000,-305.554000,250686000.000000,0.000000,253.610000,50.327000,50.450000,266540000.000000,-872483000.000000,337690000.000000,337690000.000000,90455000.000000,,,,,76287000.000000,204206000.000000,1.000000,225810618.000000,226362000.000000,226362000.000000,1.492000,2676155000.000000,0.000000,4238000.000000,0.000000,11.822000
MRQ,2021-09-30,2021-10-31,2021-10-31,2022-Q3,1118539000.000000,64304666508.000000,2025-03-10,885000.000000,3299617000.000000,,2360086000.000000,939531000.000000,,4.153000,-35555000.000000,1907508000.000000,1907508000.000000,101664000.000000,-50450000.000000,1.901000,2.468000,776746000.000000,9706000.000000,767040000.000000,776746000.000000,1288196000.000000,20132000.000000,0.000000,0.000000,0.000000,-39579000.000000,-19447000.000000,-0.051000,-19447000.000000,-39579000.000000,-45982000.000000,-0.220000,-0.220000,-0.220000,948182000.000000,,948182000.000000,63295139508.000000,-486.000000,-1005.243000,123503000.000000,0.541000,1.000000,278387000.000000,0.732000,456759000.000000,6403000.000000,470549000.000000,,0.000000,22665000.000000,0.000000,22665000.000000,2340047000.000000,1241547000.000000,1098500000.000000,120457000.000000,0.000000,3304000.000000,0.000000,0.000000,7554000.000000,-44735000.000000,-8500000.000000,159058000.000000,-1420000.000000,-50455000.000000,-50455000.000000,-50455000.000000,0.000000,5000.000000,-0.133000,318651000.000000,-40264000.000000,7167000.000000,0.000000,67.819000,-303.576000,-299.787000,276117000.000000,0.000000,281.800000,50.023000,50.045000,283272000.000000,-922938000.000000,380051000.000000,380051000.000000,97630000.000000,,,,,86666000.000000,221021000.000000,1.000000,228192571.000000,228293000.000000,228293000.000000,1.665000,2842858000.000000,0.000000,4473000.000000,0.000000,12.453000
MRQ,2021-12-31,2022-01-31,2022-01-31,2022-Q4,1164122000.000000,41427853681.000000,2025-03-10,-1240000.000000,3618381000.000000,,2570952000.000000,1047429000.000000,,4.466000,-32388000.000000,1996633000.000000,1996633000.000000,112620000.000000,-41739000.000000,1.827000,2.516000,774716000.000000,9820000.000000,764896000.000000,774716000.000000,1529321000.000000,22608000.000000,0.000000,0.000000,0.000000,-22096000.000000,512000.000000,0.001000,512000.000000,-22096000.000000,-28398000.000000,-0.180000,-0.180000,-0.180000,1025764000.000000,,1025764000.000000,40297091681.000000,-294.000000,-679.512000,127330000.000000,0.554000,1.000000,318390000.000000,0.739000,513781000.000000,6302000.000000,475853000.000000,,0.000000,23632000.000000,0.000000,23632000.000000,2580738000.000000,1406830000.000000,1173908000.000000,89125000.000000,-60772000.000000,25928000.000000,0.000000,0.000000,26178000.000000,-93660000.000000,-500000.000000,159718000.000000,-3111000.000000,-41980000.000000,-41980000.000000,-41980000.000000,0.000000,241000.000000,-0.097000,341924000.000000,-23534000.000000,47634000.000000,0.000000,40.387000,-176.437000,-175.379000,292312000.000000,0.000000,180.640000,28.540000,28.266000,368145000.000000,-964918000.000000,431010000.000000,431010000.000000,105018000.000000,,,,,92637000.000000,236906000.000000,1.000000,229339314.000000,229692000.000000,229692000.000000,1.876000,3104600000.000000,0.000000,13582000.000000,0.000000,13.516000
MRQ,2022-03-31,2022-04-30,2022-04-30,2023-Q1,1235955000.000000,45867419854.000000,2025-03-10,-4188000.000000,3835835000.000000,,2733058000.000000,1102777000.000000,,4.769000,-57425000.000000,2152736000.000000,2152736000.000000,126832000.000000,-30409000.000000,1.826000,2.466000,772053000.000000,9967000.000000,762086000.000000,772053000.000000,1692597000.000000,22666000.000000,0.000000,0.000000,0.000000,-21785000.000000,881000.000000,0.002000,881000.000000,-21785000.000000,-28083000.000000,-0.140000,-0.140000,-0.140000,1102541000.000000,,1102541000.000000,44645502854.000000,-343.000000,-965.600000,157532000.000000,0.681000,1.000000,361002000.000000,0.740000,510173000.000000,6298000.000000,447876000.000000,,0.000000,28665000.000000,0.000000,28665000.000000,2718838000.000000,1497103000.000000,1221735000.000000,156103000.000000,0.000000,3106000.000000,0.000000,0.000000,4568000.000000,-60950000.000000,-2825000.000000,214957000.000000,-2472000.000000,-31523000.000000,-31523000.000000,-31523000.000000,0.000000,1114000.000000,-0.065000,384885000.000000,-23883000.000000,11024000.000000,0.000000,41.602000,-253.025000,-251.595000,345010000.000000,0.000000,198.760000,28.026000,28.076000,369130000.000000,-996441000.000000,487834000.000000,487834000.000000,123399000.000000,,,,,102494000.000000,261486000.000000,1.000000,230767860.000000,231179000.000000,231179000.000000,2.110000,3325662000.000000,0.000000,3440000.000000,0.000000,14.386000
MRQ,2022-06-30,2022-07-31,2022-07-31,2023-Q2,1326730000.000000,42608357694.000000,2025-03-10,-5675000.000000,4154236000.000000,,2975980000.000000,1178256000.000000,,5.269000,-74149000.000000,2318858000.000000,2318858000.000000,140567000.000000,-48313000.000000,1.804000,2.375000,771917000.000000,10316000.000000,761601000.000000,771917000.000000,1844152000.000000,24196000.000000,0.000000,0.000000,0.000000,-38172000.000000,-13976000.000000,-0.026000,-13976000.000000,-38172000.000000,-44507000.000000,-0.210000,-0.210000,-0.210000,1225419000.000000,,1225419000.000000,41227674694.000000,-339.000000,-1287.158000,135757000.000000,0.584000,1.000000,394586000.000000,0.737000,505906000.000000,6335000.000000,452139000.000000,,0.000000,35585000.000000,0.000000,35585000.000000,2910889000.000000,1649250000.000000,1261639000.000000,167658000.000000,0.000000,36258000.000000,0.000000,0.000000,38759000.000000,-79149000.000000,-5000000.000000,209906000.000000,-1858000.000000,-49285000.000000,-49285000.000000,-49285000.000000,0.000000,972000.000000,-0.092000,442893000.000000,-48307000.000000,53817000.000000,0.000000,34.770000,-245.946000,-244.800000,411475000.000000,0.000000,183.600000,23.232000,23.280000,418799000.000000,-1045726000.000000,535153000.000000,535153000.000000,137864000.000000,,,,,131550000.000000,305029000.000000,1.000000,232071665.000000,232554000.000000,232554000.000000,2.301000,3648330000.000000,0.000000,4778000.000000,0.000000,15.688000
MRQ,2022-09-30,2022-10-31,2022-10-31,2023-Q3,1386560000.000000,37620937245.000000,2025-03-10,-9184000.000000,4469443000.000000,,3203613000.000000,1265830000.000000,,5.622000,-68774000.000000,2466551000.000000,2466551000.000000,158228000.000000,-54631000.000000,1.763000,2.383000,769040000.000000,10423000.000000,758617000.000000,769040000.000000,2015539000.000000,25916000.000000,0.000000,0.000000,0.000000,-39752000.000000,-13836000.000000,-0.024000,-13836000.000000,-39752000.000000,-46086000.000000,-0.240000,-0.240000,-0.240000,1314289000.000000,,1314289000.000000,36073996245.000000,-296.000000,-1365.457000,174077000.000000,0.745000,1.000000,422654000.000000,0.728000,519785000.000000,6334000.000000,435094000.000000,,0.000000,46395000.000000,0.000000,46395000.000000,3131811000.000000,1817053000.000000,1314758000.000000,147664000.000000,-18464000.000000,1477000.000000,-1591000.000000,0.000000,4976000.000000,-97419000.000000,-10181000.000000,242851000.000000,-2744000.000000,-54956000.000000,-54956000.000000,-54956000.000000,0.000000,325000.000000,-0.095000,479076000.000000,-56422000.000000,89289000.000000,0.000000,28.625000,-211.658000,-209.351000,455651000.000000,0.000000,161.200000,18.488000,18.520000,485313000.000000,-1100682000.000000,580882000.000000,580882000.000000,155256000.000000,,,,,140113000.000000,323820000.000000,1.000000,233380504.000000,233785000.000000,233785000.000000,2.485000,3949658000.000000,0.000000,8870000.000000,0.000000,16.894000
MRQ,2022-12-31,2023-01-31,2023-01-31,2023-Q4,1531195000.000000,24822303420.000000,2025-03-10,-1019000.000000,5026540000.000000,,3640267000.000000,1386273000.000000,,6.227000,-63766000.000000,2455369000.000000,2455369000.000000,175604000.000000,-48932000.000000,1.726000,2.418000,783618000.000000,13046000.000000,770572000.000000,783618000.000000,2355113000.000000,30472000.000000,0.000000,0.000000,0.000000,-35815000.000000,-5343000.000000,-0.008000,-5343000.000000,-35815000.000000,-42167000.000000,-0.210000,-0.210000,-0.210000,1463641000.000000,,1463641000.000000,23124792420.000000,-171.000000,-716.515000,209527000.000000,0.891000,1.000000,461763000.000000,0.724000,517534000.000000,6352000.000000,728183000.000000,,0.000000,297270000.000000,250000000.000000,47270000.000000,3539106000.000000,2109072000.000000,1430034000.000000,-11134000.000000,115000.000000,27233000.000000,0.000000,0.000000,29134000.000000,-319140000.000000,-253802000.000000,273293000.000000,5579000.000000,-47481000.000000,-47481000.000000,-47481000.000000,0.000000,-1451000.000000,-0.074000,523263000.000000,-61500000.000000,45372000.000000,0.000000,16.959000,-135.460000,-134.051000,532271000.000000,0.000000,105.900000,11.075000,11.016000,626181000.000000,-1148163000.000000,637367000.000000,637367000.000000,191845000.000000,,,,,152347000.000000,331418000.000000,1.000000,234393800.000000,235050000.000000,235050000.000000,2.712000,4509006000.000000,0.000000,5314000.000000,0.000000,19.183000
MRQ,2023-03-31,2023-04-30,2023-04-30,2024-Q1,1628706000.000000,28315471399.000000,2025-03-10,139000.000000,5137858000.000000,,3708770000.000000,1429088000.000000,,6.790000,-73166000.000000,2829677000.000000,2829677000.000000,169230000.000000,499000.000000,1.783000,2.182000,794366000.000000,16215000.000000,778151000.000000,794366000.000000,2403791000.000000,33675000.000000,0.000000,0.000000,0.000000,11287000.000000,44962000.000000,0.065000,44962000.000000,11287000.000000,4900000.000000,0.000000,0.000000,0.000000,1605301000.000000,,1605301000.000000,26643720399.000000,-260.000000,2256.604000,227726000.000000,0.963000,1.000000,523350000.000000,0.756000,513970000.000000,6387000.000000,508513000.000000,,0.000000,157877000.000000,100000000.000000,57877000.000000,3503499000.000000,2080064000.000000,1423435000.000000,374641000.000000,0.000000,2651000.000000,0.000000,0.000000,7908000.000000,66031000.000000,139487000.000000,300892000.000000,-190000.000000,491000.000000,491000.000000,491000.000000,0.000000,8000.000000,0.001000,542806000.000000,-19456000.000000,16900000.000000,,17.639000,-187.233000,-181.894000,574180000.000000,0.000000,120.050000,11.576000,11.603000,461092000.000000,-1147672000.000000,692580000.000000,692580000.000000,179065000.000000,,,,,130856000.000000,363741000.000000,1.000000,235863985.000000,236414000.000000,240598000.000000,2.930000,4623888000.000000,0.000000,4409000.000000,0.000000,19.558000
MRQ,2023-06-30,2023-07-31,2023-07-31,2024-Q2,1820923000.000000,38330935538.000000,2025-03-10,913000.000000,5520458000.000000,,4050386000.000000,1470072000.000000,,7.726000,-55490000.000000,3167215000.000000,3167215000.000000,182917000.000000,8476000.000000,1.817000,1.986000,790571000.000000,16133000.000000,774438000.000000,790571000.000000,2507642000.000000,37116000.000000,0.000000,0.000000,0.000000,19527000.000000,56643000.000000,0.077000,56643000.000000,19527000.000000,13083000.000000,0.040000,0.030000,0.040000,1838207000.000000,,1838207000.000000,36295624538.000000,-811.000000,440.342000,189291000.000000,0.796000,1.000000,548709000.000000,0.750000,509836000.000000,6444000.000000,404515000.000000,,0.000000,59541000.000000,0.000000,59541000.000000,3650358000.000000,2229463000.000000,1420895000.000000,337551000.000000,0.000000,46906000.000000,0.000000,0.000000,49737000.000000,41760000.000000,98336000.000000,244781000.000000,1273000.000000,8472000.000000,8472000.000000,8472000.000000,0.000000,4000.000000,0.012000,564082000.000000,-15373000.000000,37073000.000000,0.000000,20.852000,-410.071000,-394.293000,607766000.000000,0.000000,161.660000,14.506000,14.555000,539463000.000000,-1139200000.000000,731626000.000000,731626000.000000,179362000.000000,,,,,164777000.000000,384720000.000000,1.000000,237108348.000000,237911000.000000,242144000.000000,3.075000,5010622000.000000,0.000000,4611000.000000,0.000000,21.061000
MRQ,2023-09-30,2023-10-31,2023-10-31,2024-Q3,1728716000.000000,42210590291.000000,2025-03-10,-5280000.000000,5831056000.000000,,4079133000.000000,1751923000.000000,,8.479000,-33894000.000000,2968872000.000000,2968872000.000000,195004000.000000,26669000.000000,1.735000,1.858000,794923000.000000,14430000.000000,780493000.000000,794923000.000000,2543116000.000000,41819000.000000,0.000000,0.000000,0.000000,42771000.000000,84590000.000000,0.108000,84590000.000000,42771000.000000,36268000.000000,0.110000,0.110000,0.110000,2028950000.000000,,2028950000.000000,39833946291.000000,1055.000000,220.257000,239624000.000000,1.001000,1.000000,591010000.000000,0.752000,747101000.000000,6503000.000000,559589000.000000,,0.000000,257063000.000000,197522000.000000,59541000.000000,3770209000.000000,2350417000.000000,1419792000.000000,-197759000.000000,-238749000.000000,2053000.000000,0.000000,0.000000,2053000.000000,-468836000.000000,-195581000.000000,273518000.000000,-4494000.000000,26665000.000000,26665000.000000,26665000.000000,0.000000,4000.000000,0.034000,587847000.000000,3163000.000000,56968000.000000,0.000000,20.804000,-3561.174000,-2946.167000,631978000.000000,0.000000,176.770000,14.823000,14.855000,561872000.000000,-1112535000.000000,786014000.000000,786014000.000000,196072000.000000,,,,,159614000.000000,391775000.000000,1.000000,238788201.000000,239297000.000000,243799000.000000,3.285000,5083955000.000000,0.000000,9603000.000000,0.000000,21.245000
MRQ,2023-12-31,2024-01-31,2024-01-31,2024-Q4,2060028000.000000,70242356340.000000,2025-03-10,-1663000.000000,6646520000.000000,,4757307000.000000,1889213000.000000,,9.565000,-63436000.000000,3375069000.000000,3375069000.000000,208572000.000000,54941000.000000,1.764000,1.870000,792874000.000000,14150000.000000,778724000.000000,792874000.000000,3054099000.000000,46042000.000000,0.000000,0.000000,0.000000,73730000.000000,119772000.000000,0.142000,119772000.000000,73730000.000000,67308000.000000,0.220000,0.220000,0.220000,2303950000.000000,,2303950000.000000,68068407340.000000,462.000000,222.470000,283580000.000000,1.177000,1.000000,636763000.000000,0.753000,752559000.000000,6422000.000000,614487000.000000,,0.000000,155835000.000000,99591000.000000,56244000.000000,4309431000.000000,2697279000.000000,1612152000.000000,406240000.000000,-281000.000000,33460000.000000,0.000000,0.000000,33460000.000000,20395000.000000,95281000.000000,347016000.000000,5369000.000000,53699000.000000,53699000.000000,53699000.000000,0.000000,1242000.000000,0.064000,607092000.000000,29671000.000000,28180000.000000,0.000000,30.488000,786.351000,790.541000,668383000.000000,0.000000,292.500000,22.988000,22.844000,853105000.000000,-1058836000.000000,845335000.000000,845335000.000000,213998000.000000,,,,,176272000.000000,393094000.000000,1.000000,240144808.000000,240878000.000000,247952000.000000,3.509000,5893961000.000000,0.000000,13609000.000000,0.000000,24.469000
MRQ,2024-03-31,2024-04-30,2024-04-30,2025-Q1,2157936000.000000,70756257211.000000,2025-03-10,-4760000.000000,6841985000.000000,,4841622000.000000,2000363000.000000,,10.461000,-60162000.000000,3702437000.000000,3702437000.000000,225003000.000000,46264000.000000,1.804000,1.685000,792976000.000000,16020000.000000,776956000.000000,792976000.000000,3069379000.000000,52056000.000000,0.000000,0.000000,0.000000,56998000.000000,109054000.000000,0.118000,109054000.000000,56998000.000000,50487000.000000,0.180000,0.170000,0.180000,2535540000.000000,,2535540000.000000,68174062211.000000,353.000000,184.225000,323066000.000000,1.333000,1.000000,696033000.000000,0.756000,843997000.000000,6511000.000000,404841000.000000,,0.000000,58419000.000000,0.000000,58419000.000000,4273203000.000000,2683686000.000000,1589517000.000000,327695000.000000,-96376000.000000,823000.000000,0.000000,0.000000,-2518000.000000,-51098000.000000,106049000.000000,383228000.000000,-1917000.000000,42820000.000000,42820000.000000,42820000.000000,0.000000,3444000.000000,0.046000,689097000.000000,6936000.000000,21299000.000000,0.000000,27.906000,537.433000,531.891000,675979000.000000,0.000000,292.540000,21.546000,21.592000,702856000.000000,-1016016000.000000,921036000.000000,921036000.000000,235249000.000000,,,,,183125000.000000,453848000.000000,1.000000,241868658.000000,242389000.000000,250164000.000000,3.800000,5997988000.000000,0.000000,7667000.000000,0.000000,24.745000
MRQ,2024-06-30,2024-07-31,2024-07-31,2025-Q2,2453329000.000000,56449933822.000000,2025-03-10,-3102000.000000,7202474000.000000,,5181648000.000000,2020826000.000000,,11.688000,-53770000.000000,4038536000.000000,4038536000.000000,237401000.000000,46690000.000000,1.899000,1.511000,791973000.000000,17031000.000000,774942000.000000,791973000.000000,3093197000.000000,56379000.000000,0.000000,0.000000,0.000000,64476000.000000,120855000.000000,0.125000,120855000.000000,64476000.000000,57927000.000000,0.190000,0.190000,0.190000,2852915000.000000,,2852915000.000000,53540472822.000000,225.000000,123.288000,272871000.000000,1.118000,1.000000,726471000.000000,0.754000,837682000.000000,6549000.000000,389910000.000000,,0.000000,58246000.000000,0.000000,58246000.000000,4311884000.000000,2728319000.000000,1583565000.000000,335124000.000000,-5000.000000,57740000.000000,0.000000,0.000000,62496000.000000,-54890000.000000,-556000.000000,326641000.000000,877000.000000,47013000.000000,47013000.000000,47013000.000000,0.000000,-323000.000000,0.049000,712813000.000000,13658000.000000,21067000.000000,0.000000,19.787000,331.674000,331.371000,694371000.000000,0.000000,231.960000,16.054000,16.102000,661045000.000000,-969003000.000000,963872000.000000,963872000.000000,250908000.000000,,,,,200877000.000000,461905000.000000,1.000000,243360639.000000,244091000.000000,251265000.000000,3.949000,6364792000.000000,0.000000,10914000.000000,0.000000,26.075000
MRQ,2024-09-30,2024-10-31,2024-10-31,2025-Q3,2571947000.000000,72770680305.000000,2025-03-10,-2026000.000000,7782958000.000000,,5572327000.000000,2210631000.000000,,12.454000,-94975000.000000,4260324000.000000,4260324000.000000,255087000.000000,-16819000.000000,1.857000,1.533000,791951000.000000,15658000.000000,776293000.000000,791951000.000000,3196518000.000000,59181000.000000,0.000000,0.000000,0.000000,-3954000.000000,55227000.000000,0.055000,55227000.000000,-3954000.000000,-10541000.000000,-0.070000,-0.070000,-0.070000,3057933000.000000,,3057933000.000000,69524117305.000000,364.000000,171.703000,231161000.000000,0.941000,1.000000,755091000.000000,0.747000,831370000.000000,6587000.000000,482835000.000000,,0.000000,68246000.000000,0.000000,68246000.000000,4687347000.000000,3000380000.000000,1686967000.000000,221798000.000000,0.000000,844000.000000,0.000000,0.000000,844000.000000,-105581000.000000,-10000000.000000,326136000.000000,399000.000000,-16822000.000000,-16822000.000000,-16822000.000000,0.000000,3000.000000,-0.017000,810814000.000000,-55723000.000000,79214000.000000,0.000000,23.797000,574.309000,570.904000,792856000.000000,0.000000,296.870000,19.455000,19.488000,813922000.000000,-985825000.000000,1010178000.000000,1010178000.000000,275602000.000000,,,,,208888000.000000,535212000.000000,1.000000,245126420.000000,245536000.000000,245536000.000000,4.114000,6951588000.000000,0.000000,6281000.000000,0.000000,28.312000
MRQ,2024-12-31,2025-01-31,2025-01-31,2025-Q4,2652295000.000000,98049183775.000000,2025-03-10,-9593000.000000,8701578000.000000,,6113345000.000000,2588233000.000000,,13.280000,-104914000.000000,4323295000.000000,4323295000.000000,273990000.000000,-92731000.000000,1.766000,1.641000,788901000.000000,13811000.000000,775090000.000000,788901000.000000,3728677000.000000,61623000.000000,0.000000,0.000000,0.000000,-39350000.000000,22273000.000000,0.021000,22273000.000000,-39350000.000000,-46014000.000000,-0.380000,-0.370000,-0.380000,3279494000.000000,,3279494000.000000,94580810775.000000,1210.000000,307.671000,240808000.000000,0.975000,1.000000,784548000.000000,0.741000,1045919000.000000,6664000.000000,660215000.000000,,0.000000,72544000.000000,0.000000,72544000.000000,5382661000.000000,3461050000.000000,1921611000.000000,62452000.000000,-213876000.000000,44192000.000000,0.000000,0.000000,46386000.000000,-325019000.000000,-5388000.000000,345722000.000000,-4637000.000000,-92282000.000000,-92282000.000000,-92282000.000000,0.000000,-449000.000000,-0.087000,869849000.000000,-85301000.000000,130887000.000000,0.000000,29.898000,-5087.914000,-4975.875000,831403000.000000,0.000000,398.070000,24.800000,24.643000,1128564000.000000,-1078107000.000000,1058538000.000000,1058538000.000000,315142000.000000,,,,,272531000.000000,554707000.000000,1.000000,246311412.000000,246949000.000000,226759000.000000,4.286000,7655659000.000000,0.000000,46268000.000000,0.000000,31.001000
MRT,2016-12-31,2017-01-31,2017-01-31,2017-Q4,,,2025-03-10,,,,,,,,-12147000.000000,,,34006000.000000,-91340000.000000,,,,,,,,3021000.000000,,,0.000000,-90638000.000000,-87617000.000000,-1.661000,-87617000.000000,-90638000.000000,-91253000.000000,-2.730000,-2.730000,-2.730000,,,,,,,-64145000.000000,-1.615000,1.000000,18739000.000000,0.355000,,615000.000000,,,,,,,,,,-46392000.000000,0.000000,767000.000000,16940000.000000,0.000000,17460000.000000,-11854000.000000,793000.000000,-51998000.000000,0.000000,-91340000.000000,-108352000.000000,-108352000.000000,0.000000,0.000000,-2.054000,109295000.000000,-90556000.000000,,0.000000,,,,,17012000.000000,,,,,,52745000.000000,52745000.000000,39145000.000000,,,,-1.718000,1994000.000000,70150000.000000,1.000000,,39706000.000000,39706000.000000,1.328000,,,87000.000000,,
MRT,2017-12-31,2018-01-31,2018-01-31,2018-Q4,-12279000.000000,,2025-03-10,970000.000000,217703000.000000,,153611000.000000,64092000.000000,,-8.823000,-29448000.000000,63179000.000000,63179000.000000,54486000.000000,-135490000.000000,0.926000,-0.639000,15971000.000000,0.000000,15971000.000000,15971000.000000,158950000.000000,7739000.000000,0.000000,,0.000000,-132913000.000000,-125174000.000000,-1.054000,-125174000.000000,-132913000.000000,-134561000.000000,-3.380000,-3.380000,-3.380000,-369474000.000000,,-369474000.000000,,,,-88214000.000000,-2.107000,1.000000,64266000.000000,0.541000,10157000.000000,1648000.000000,-5552000.000000,,0.000000,2791000.000000,2791000.000000,0.000000,236161000.000000,165890000.000000,70271000.000000,40353000.000000,-6471000.000000,3701000.000000,-6935000.000000,0.000000,126831000.000000,-28330000.000000,7896000.000000,-58766000.000000,618000.000000,-135490000.000000,-141343000.000000,-141343000.000000,0.000000,0.000000,-1.190000,195706000.000000,-131440000.000000,12261000.000000,0.000000,,,,40754000.000000,5853000.000000,,,,59614000.000000,-378948000.000000,118752000.000000,118752000.000000,58887000.000000,,,,-1.119000,12343000.000000,136819000.000000,1.000000,,41876000.000000,41876000.000000,2.836000,207546000.000000,0.000000,929000.000000,0.000000,4.956000
MRT,2018-03-31,2018-04-30,2018-04-30,2019-Q1,,,2025-03-10,,,,,,,,,,,,,,,,,,,,,,,0.000000,,,,,,,,,,,,,,,,,,1.000000,,,,,,,,,,,,,,,,,,,,,,,,,,,,,,,,,,,,,,,,,,,,,,,,,,,,,1.000000,,43614000.000000,,,,,,,
MRT,2018-06-30,2018-07-31,2018-07-31,2019-Q2,,,2025-03-10,,,,,,,,,,,,,,,,,,,,,,,0.000000,,,,,,,,,,,,,,,,,,1.000000,,,,,,,,,,,,,,,,,,,,,,,,,,,,,,,,,,,,,,,,,,,,,,,,,,,,,1.000000,,44105000.000000,,,,,,,
MRT,2018-09-30,2018-10-31,2018-10-31,2019-Q3,,,2025-03-10,,,,,,,,,,,,,,,,,,,,,,,0.000000,,,,,,,,,,,,,,,,,,1.000000,,,,,,,,,,,,,,,,,,,,,,,,,,,,,,,,,,,,,,,,,,,,,,,,,,,,,1.000000,,45287000.000000,,,,,,,
MRT,2018-12-31,2019-01-31,2019-01-31,2019-Q4,49968000.000000,,2025-03-10,98000.000000,433219000.000000,325461000.000000,331388000.000000,101831000.000000,0.768000,-10.873000,-42645000.000000,88408000.000000,88408000.000000,87238000.000000,-140077000.000000,1.178000,-0.744000,0.000000,0.000000,0.000000,0.000000,290067000.000000,15398000.000000,0.000000,,0.000000,-138282000.000000,-122884000.000000,-0.492000,-122884000.000000,-138282000.000000,-138710000.000000,-3.120000,-3.120000,-3.120000,-487793000.000000,-428633500.000000,-487793000.000000,,,,-65613000.000000,-1.463000,1.000000,162586000.000000,0.651000,8995000.000000,428000.000000,54396000.000000,24422000.000000,0.000000,103247000.000000,103247000.000000,0.000000,363100000.000000,281420000.000000,81680000.000000,25229000.000000,0.000000,1582000.000000,-15960000.000000,0.000000,190389000.000000,-142030000.000000,-99385000.000000,-22968000.000000,-162000.000000,-140077000.000000,-140077000.000000,-140077000.000000,0.000000,0.000000,-0.561000,299450000.000000,-136864000.000000,6855000.000000,0.000000,,,,73735000.000000,0.000000,,,,92476000.000000,-519126000.000000,249824000.000000,249824000.000000,84551000.000000,-0.430000,0.327000,-5.662000,-0.554000,20505000.000000,214899000.000000,1.000000,196688971.000000,44863000.000000,44863000.000000,5.569000,424224000.000000,0.000000,1367000.000000,0.000000,9.456000
MRT,2019-03-31,2019-04-30,2019-04-30,2020-Q1,8530000.000000,,2025-03-10,-186000.000000,457361000.000000,,311251000.000000,146110000.000000,,-10.278000,-49814000.000000,92993000.000000,92993000.000000,97117000.000000,-132437000.000000,1.028000,-0.793000,0.000000,0.000000,0.000000,0.000000,315212000.000000,17268000.000000,0.000000,,0.000000,-130359000.000000,-113091000.000000,-0.379000,-113091000.000000,-130359000.000000,-130596000.000000,-2.900000,-2.900000,-2.900000,-485177000.000000,,-485177000.000000,,,,-64974000.000000,-1.376000,1.000000,201495000.000000,0.675000,8688000.000000,237000.000000,52959000.000000,,0.000000,82066000.000000,82066000.000000,0.000000,384626000.000000,302721000.000000,81905000.000000,43588000.000000,0.000000,2341000.000000,-16158000.000000,0.000000,189058000.000000,-130136000.000000,-80322000.000000,-15160000.000000,-174000.000000,-132437000.000000,-132437000.000000,-132437000.000000,0.000000,0.000000,-0.444000,331020000.000000,-129525000.000000,9915000.000000,0.000000,,,,86349000.000000,0.000000,,,,87355000.000000,-521685000.000000,298612000.000000,298612000.000000,90811000.000000,,,,-0.437000,22538000.000000,240209000.000000,1.000000,196688971.000000,47205000.000000,47205000.000000,6.326000,448673000.000000,0.000000,1841000.000000,0.000000,9.505000
MRT,2019-06-30,2019-07-31,2019-07-31,2020-Q2,663651000.000000,18259215059.000000,2025-03-10,-530000.000000,1171586000.000000,,1005432000.000000,166154000.000000,,5.597000,-65845000.000000,732808000.000000,732808000.000000,110124000.000000,-151449000.000000,2.942000,0.609000,0.000000,0.000000,0.000000,0.000000,369762000.000000,19079000.000000,0.000000,0.000000,0.000000,-149170000.000000,-130091000.000000,-0.371000,-130091000.000000,-149170000.000000,-149335000.000000,-2.550000,-2.550000,-2.550000,728097000.000000,,728097000.000000,18166222059.000000,-122.000000,-139.642000,-58475000.000000,-0.449000,1.000000,240895000.000000,0.686000,8518000.000000,165000.000000,88479000.000000,,0.000000,94003000.000000,94003000.000000,0.000000,443489000.000000,341781000.000000,101708000.000000,617274000.000000,0.000000,686280000.000000,0.000000,0.000000,687571000.000000,-77411000.000000,-11566000.000000,7370000.000000,-256000.000000,-151449000.000000,-151449000.000000,-151449000.000000,0.000000,0.000000,-0.431000,390632000.000000,-149737000.000000,1126000.000000,0.000000,25.078000,-120.563000,-34.929000,107989000.000000,0.000000,89.070000,52.018000,33.010000,115256000.000000,-573574000.000000,351019000.000000,351019000.000000,103478000.000000,,,,-0.425000,50173000.000000,287154000.000000,1.000000,204998485.000000,130091000.000000,130091000.000000,2.698000,1163068000.000000,0.000000,2114000.000000,0.000000,8.940000
MRT,2019-09-30,2019-10-31,2019-10-31,2020-Q3,637616000.000000,10243794520.000000,2025-03-10,-98000.000000,1256054000.000000,829555000.000000,1053220000.000000,202834000.000000,0.494000,3.513000,-87995000.000000,743605000.000000,743605000.000000,125205000.000000,-144631000.000000,2.534000,0.752000,0.000000,0.000000,0.000000,0.000000,447639000.000000,21172000.000000,0.000000,0.000000,0.000000,-142321000.000000,-121149000.000000,-0.296000,-121149000.000000,-142321000.000000,-142618000.000000,-1.790000,-1.790000,-1.790000,717042000.000000,118042250.000000,717042000.000000,9510986520.000000,-67.000000,-78.507000,-38351000.000000,-0.188000,1.000000,284554000.000000,0.694000,8431000.000000,297000.000000,88414000.000000,71062000.000000,0.000000,90083000.000000,90083000.000000,0.000000,539012000.000000,415604000.000000,123408000.000000,660143000.000000,0.000000,685826000.000000,0.000000,0.000000,678509000.000000,-68187000.000000,19808000.000000,49644000.000000,177000.000000,-144631000.000000,-144631000.000000,-144631000.000000,0.000000,0.000000,-0.353000,430718000.000000,-146164000.000000,5244000.000000,0.000000,14.286000,-70.827000,-27.883000,129504000.000000,0.000000,49.910000,25.000000,24.860000,145694000.000000,-609079000.000000,409759000.000000,409759000.000000,113502000.000000,-0.174000,-1.225000,-2.003000,-0.347000,58679000.000000,317216000.000000,1.000000,205245332.000000,204096000.000000,204096000.000000,2.008000,1247623000.000000,0.000000,2013000.000000,0.000000,6.113000
MRT,2019-12-31,2020-01-31,2020-01-31,2020-Q4,678540000.000000,12556736169.000000,2025-03-10,1009000.000000,1404906000.000000,1072476750.000000,1171636000.000000,233270000.000000,0.449000,5.012000,-87487000.000000,264798000.000000,264798000.000000,141627000.000000,-141779000.000000,2.376000,0.892000,0.000000,0.000000,0.000000,0.000000,571168000.000000,23513000.000000,0.000000,0.000000,0.000000,-139340000.000000,-115827000.000000,-0.241000,-115827000.000000,-139340000.000000,-139782000.000000,-0.960000,-0.960000,-0.960000,742107000.000000,425517250.000000,742107000.000000,11813131169.000000,-85.000000,-101.989000,12456000.000000,0.084000,1.000000,339786000.000000,0.706000,8249000.000000,442000.000000,638763000.000000,217153750.000000,0.000000,648266000.000000,647266000.000000,1000000.000000,662299000.000000,493096000.000000,169203000.000000,176390000.000000,0.000000,709233000.000000,0.000000,0.000000,706144000.000000,-629631000.000000,-542144000.000000,99943000.000000,-66000.000000,-141779000.000000,-141779000.000000,-141779000.000000,0.000000,0.000000,-0.295000,485851000.000000,-146065000.000000,1345000.000000,0.000000,16.920000,-88.566000,-63.635000,136078000.000000,0.000000,61.090000,26.083000,18.789000,164987000.000000,-637487000.000000,481413000.000000,481413000.000000,130188000.000000,-0.132000,-0.333000,-0.642000,-0.289000,79940000.000000,355663000.000000,1.000000,205544871.000000,148062000.000000,148062000.000000,3.251000,1396657000.000000,0.000000,1997000.000000,0.000000,9.433000
MRT,2020-03-31,2020-04-30,2020-04-30,2021-Q1,692818000.000000,14425992595.000000,2025-03-10,-1004000.000000,1519396000.000000,1337985500.000000,1248462000.000000,270934000.000000,0.421000,3.529000,-81538000.000000,1004991000.000000,1004991000.000000,159248000.000000,-135024000.000000,2.247000,1.019000,39580000.000000,6673000.000000,32907000.000000,39580000.000000,635973000.000000,29082000.000000,0.000000,0.000000,0.000000,-132002000.000000,-102920000.000000,-0.183000,-102920000.000000,-132002000.000000,-132586000.000000,-0.730000,-0.730000,-0.730000,752153000.000000,734849750.000000,752153000.000000,14161194595.000000,-107.000000,-137.594000,115567000.000000,0.542000,1.000000,404166000.000000,0.717000,8071000.000000,584000.000000,-9730000.000000,201481500.000000,0.000000,1000000.000000,0.000000,1000000.000000,766243000.000000,555644000.000000,210599000.000000,911998000.000000,0.000000,714116000.000000,0.000000,0.000000,713919000.000000,942000.000000,82480000.000000,197105000.000000,32000.000000,-135024000.000000,-135024000.000000,-135024000.000000,0.000000,0.000000,-0.240000,547031000.000000,-142865000.000000,6528000.000000,0.000000,19.180000,-106.840000,-92.685000,174834000.000000,0.000000,67.660000,25.605000,25.595000,144187000.000000,-656709000.000000,563414000.000000,563414000.000000,146891000.000000,-0.101000,-0.184000,-0.655000,-0.234000,99826000.000000,400140000.000000,1.000000,213213015.000000,213129000.000000,213129000.000000,2.644000,1511325000.000000,0.000000,2438000.000000,0.000000,7.091000
MRT,2020-06-30,2020-07-31,2020-07-31,2021-Q2,712689000.000000,24450491934.000000,2025-03-10,1115000.000000,1616952000.000000,1449327000.000000,1315981000.000000,300971000.000000,0.451000,3.650000,-81202000.000000,1064734000.000000,1064734000.000000,182057000.000000,-113009000.000000,2.181000,1.043000,44777000.000000,8643000.000000,36134000.000000,44777000.000000,689840000.000000,35802000.000000,0.000000,0.000000,0.000000,-110171000.000000,-74369000.000000,-0.114000,-74369000.000000,-110171000.000000,-110765000.000000,-0.470000,-0.470000,-0.470000,790965000.000000,750566750.000000,790965000.000000,23485080934.000000,-213.000000,-315.791000,177142000.000000,0.817000,1.000000,472220000.000000,0.722000,8478000.000000,594000.000000,-14775000.000000,175668000.000000,0.000000,2000000.000000,0.000000,2000000.000000,824937000.000000,603292000.000000,221645000.000000,331926000.000000,0.000000,59236000.000000,0.000000,0.000000,60777000.000000,11726000.000000,92928000.000000,258344000.000000,1079000.000000,-113009000.000000,-113009000.000000,-113009000.000000,0.000000,0.000000,-0.173000,594437000.000000,-122217000.000000,10118000.000000,0.000000,30.912000,-216.359000,-240.851000,193757000.000000,0.000000,113.200000,37.370000,37.492000,149236000.000000,-686583000.000000,654277000.000000,654277000.000000,165744000.000000,-0.078000,-0.151000,-0.627000,-0.168000,107680000.000000,428693000.000000,1.000000,215993745.000000,216695000.000000,216695000.000000,3.019000,1608474000.000000,0.000000,2244000.000000,0.000000,7.423000
MRT,2020-09-30,2020-10-31,2020-10-31,2021-Q3,638757000.000000,27176534191.000000,2025-03-10,615000.000000,1749509000.000000,1572690750.000000,1340796000.000000,408713000.000000,0.484000,3.708000,-62021000.000000,1059926000.000000,1059926000.000000,206229000.000000,-102035000.000000,1.910000,1.149000,42652000.000000,8646000.000000,34006000.000000,42652000.000000,762674000.000000,43078000.000000,0.000000,0.000000,0.000000,-99119000.000000,-56041000.000000,-0.074000,-56041000.000000,-99119000.000000,-99774000.000000,-0.410000,-0.410000,-0.410000,813485000.000000,774677500.000000,813485000.000000,26156577191.000000,-264.000000,-466.740000,246189000.000000,1.122000,1.000000,555389000.000000,0.729000,99488000.000000,655000.000000,-69292000.000000,136241500.000000,0.000000,2500000.000000,0.000000,2500000.000000,934724000.000000,702039000.000000,232685000.000000,316321000.000000,-85469000.000000,63333000.000000,0.000000,0.000000,66916000.000000,-59387000.000000,88103000.000000,308210000.000000,582000.000000,-102035000.000000,-102035000.000000,-102035000.000000,0.000000,0.000000,-0.134000,663247000.000000,-107858000.000000,7494000.000000,0.000000,33.408000,-266.345000,-302.049000,200747000.000000,0.000000,123.840000,35.683000,35.675000,172775000.000000,-711114000.000000,761618000.000000,761618000.000000,187291000.000000,-0.065000,-0.132000,-0.728000,-0.130000,126324000.000000,475956000.000000,1.000000,219448758.000000,219401000.000000,219401000.000000,3.471000,1650021000.000000,0.000000,2261000.000000,0.000000,7.521000
MRT,2020-12-31,2021-01-31,2021-01-31,2021-Q4,1428721000.000000,47748714876.000000,2025-03-10,2319000.000000,2732533000.000000,1904597500.000000,2292274000.000000,440259000.000000,0.459000,3.998000,-63663000.000000,1918608000.000000,1918608000.000000,229545000.000000,-92629000.000000,2.654000,2.137000,778992000.000000,8977000.000000,770015000.000000,778992000.000000,911895000.000000,47944000.000000,0.000000,0.000000,0.000000,-86310000.000000,-38366000.000000,-0.044000,-38366000.000000,-86310000.000000,-87869000.000000,-0.430000,-0.430000,-0.430000,870574000.000000,806794250.000000,870574000.000000,46731440876.000000,-541.000000,-1218.043000,292903000.000000,1.345000,1.000000,644893000.000000,0.737000,99243000.000000,1559000.000000,630121000.000000,134081000.000000,0.000000,2500000.000000,0.000000,2500000.000000,1860659000.000000,863553000.000000,997106000.000000,1653810000.000000,-85517000.000000,63094000.000000,736241000.000000,0.000000,800135000.000000,495427000.000000,644787000.000000,356566000.000000,1682000.000000,-92629000.000000,-92629000.000000,-92629000.000000,0.000000,0.000000,-0.106000,737422000.000000,-92529000.000000,12065000.000000,0.000000,54.847000,-515.483000,-501.860000,203498000.000000,0.000000,215.800000,54.605000,53.739000,239199000.000000,-730116000.000000,874438000.000000,874438000.000000,214670000.000000,-0.049000,-0.115000,-0.644000,-0.099000,149675000.000000,522752000.000000,1.000000,221263739.000000,217756000.000000,217756000.000000,4.016000,2633290000.000000,0.000000,4760000.000000,0.000000,12.093000
MRT,2021-03-31,2021-04-30,2021-04-30,2022-Q1,1055238000.000000,46680432509.000000,2025-03-10,2117000.000000,2881171000.000000,2245041250.000000,2038003000.000000,843168000.000000,0.445000,3.789000,-82317000.000000,1684997000.000000,1684997000.000000,261155000.000000,-156278000.000000,2.074000,2.388000,779191000.000000,9333000.000000,769858000.000000,779191000.000000,1021991000.000000,53927000.000000,0.000000,0.000000,0.000000,-97024000.000000,-43097000.000000,-0.043000,-43097000.000000,-97024000.000000,-104670000.000000,-0.720000,-0.720000,-0.720000,849264000.000000,831072000.000000,849264000.000000,45540816509.000000,-469.000000,-1056.705000,323205000.000000,1.442000,1.000000,738048000.000000,0.739000,463432000.000000,7646000.000000,529168000.000000,268805500.000000,0.000000,8165000.000000,0.000000,8165000.000000,2027774000.000000,982765000.000000,1045009000.000000,680006000.000000,-438924000.000000,60455000.000000,734441000.000000,0.000000,795851000.000000,-524230000.000000,-2809000.000000,405522000.000000,2863000.000000,-158456000.000000,-158456000.000000,-158456000.000000,0.000000,2178000.000000,-0.159000,839348000.000000,-101300000.000000,3468000.000000,0.000000,54.966000,-294.596000,-289.597000,227993000.000000,0.000000,208.510000,46.718000,46.775000,211233000.000000,-815165000.000000,999203000.000000,999203000.000000,252272000.000000,-0.071000,-0.191000,-0.361000,-0.097000,180399000.000000,587076000.000000,1.000000,223876229.000000,224153000.000000,224153000.000000,4.458000,2417739000.000000,0.000000,53786000.000000,0.000000,10.786000
MRT,2021-06-30,2021-07-31,2021-07-31,2022-Q2,1115197000.000000,57267830831.000000,2025-03-10,1550000.000000,3136045000.000000,2624814500.000000,2252025000.000000,884020000.000000,0.434000,3.995000,-94545000.000000,1787051000.000000,1787051000.000000,297196000.000000,-183722000.000000,1.981000,2.460000,777524000.000000,9374000.000000,768150000.000000,777524000.000000,1164357000.000000,60350000.000000,0.000000,0.000000,0.000000,-114549000.000000,-54199000.000000,-0.048000,-54199000.000000,-114549000.000000,-128317000.000000,-0.830000,-0.830000,-0.830000,904268000.000000,859397750.000000,904268000.000000,56362024831.000000,-492.000000,-1039.909000,364427000.000000,1.610000,1.000000,840726000.000000,0.739000,459890000.000000,13768000.000000,529800000.000000,404949250.000000,0.000000,14165000.000000,0.000000,14165000.000000,2224644000.000000,1136828000.000000,1087816000.000000,722317000.000000,-439263000.000000,66153000.000000,734441000.000000,0.000000,804499000.000000,-541797000.000000,-7809000.000000,458972000.000000,643000.000000,-185900000.000000,-185900000.000000,-185900000.000000,0.000000,2178000.000000,-0.163000,959438000.000000,-118712000.000000,19642000.000000,0.000000,63.331000,-308.057000,-305.554000,250686000.000000,0.000000,253.610000,50.327000,50.450000,266540000.000000,-872483000.000000,1137922000.000000,1137922000.000000,292244000.000000,-0.071000,-0.216000,-0.283000,-0.101000,218973000.000000,667194000.000000,1.000000,225810618.000000,226362000.000000,226362000.000000,5.027000,2676155000.000000,0.000000,57583000.000000,0.000000,11.822000
MRT,2021-09-30,2021-10-31,2021-10-31,2022-Q3,1118539000.000000,64304666508.000000,2025-03-10,885000.000000,3299617000.000000,3012341500.000000,2360086000.000000,939531000.000000,0.427000,4.153000,-117694000.000000,1907508000.000000,1907508000.000000,337333000.000000,-209641000.000000,1.901000,2.468000,776746000.000000,9706000.000000,767040000.000000,776746000.000000,1288196000.000000,67276000.000000,0.000000,0.000000,0.000000,-130241000.000000,-62965000.000000,-0.049000,-62965000.000000,-130241000.000000,-150219000.000000,-0.940000,-0.940000,-0.940000,948182000.000000,893072000.000000,948182000.000000,63295139508.000000,-486.000000,-1005.243000,411835000.000000,1.804000,1.000000,948180000.000000,0.738000,456759000.000000,19978000.000000,470549000.000000,539909500.000000,0.000000,22665000.000000,0.000000,22665000.000000,2340047000.000000,1241547000.000000,1098500000.000000,847582000.000000,-353794000.000000,64536000.000000,734441000.000000,0.000000,806882000.000000,-488157000.000000,-15809000.000000,529529000.000000,-672000.000000,-211824000.000000,-211824000.000000,-211824000.000000,0.000000,2183000.000000,-0.165000,1082997000.000000,-134817000.000000,7167000.000000,0.000000,67.819000,-303.576000,-299.787000,276117000.000000,0.000000,281.800000,50.023000,50.045000,283272000.000000,-922938000.000000,1285513000.000000,1285513000.000000,332335000.000000,-0.070000,-0.237000,-0.241000,-0.101000,265029000.000000,750662000.000000,1.000000,228192571.000000,228293000.000000,228293000.000000,5.631000,2842858000.000000,0.000000,61605000.000000,0.000000,12.453000
MRT,2021-12-31,2022-01-31,2022-01-31,2022-Q4,1164122000.000000,41427853681.000000,2025-03-10,-1240000.000000,3618381000.000000,3233803500.000000,2570952000.000000,1047429000.000000,0.449000,4.516000,-133009000.000000,1996633000.000000,1996633000.000000,383221000.000000,-232378000.000000,1.827000,2.516000,774716000.000000,9820000.000000,764896000.000000,774716000.000000,1529321000.000000,77913000.000000,0.000000,0.000000,0.000000,-137216000.000000,-59303000.000000,-0.041000,-59303000.000000,-137216000.000000,-162447000.000000,-1.030000,-1.030000,-1.030000,1025764000.000000,931869500.000000,1025764000.000000,40297091681.000000,-294.000000,-679.512000,441775000.000000,1.945000,1.000000,1068373000.000000,0.736000,513781000.000000,25231000.000000,475853000.000000,501342500.000000,0.000000,23632000.000000,0.000000,23632000.000000,2580738000.000000,1406830000.000000,1173908000.000000,78025000.000000,-414518000.000000,66176000.000000,-1800000.000000,0.000000,72531000.000000,-564516000.000000,-16309000.000000,574784000.000000,-4774000.000000,-234802000.000000,-234802000.000000,-234802000.000000,0.000000,2424000.000000,-0.162000,1210921000.000000,-142548000.000000,47634000.000000,0.000000,40.387000,-176.437000,-175.379000,292312000.000000,0.000000,180.640000,28.540000,28.266000,368145000.000000,-964918000.000000,1451594000.000000,1451594000.000000,371283000.000000,-0.073000,-0.252000,-0.274000,-0.095000,309952000.000000,839638000.000000,1.000000,229339314.000000,227142000.000000,227142000.000000,6.391000,3104600000.000000,0.000000,72355000.000000,0.000000,13.668000
MRT,2022-03-31,2022-04-30,2022-04-30,2023-Q1,1235955000.000000,45867419854.000000,2025-03-10,-4188000.000000,3835835000.000000,3472469500.000000,2733058000.000000,1102777000.000000,0.471000,4.769000,-160204000.000000,2152736000.000000,2152736000.000000,431548000.000000,-179916000.000000,1.826000,2.466000,772053000.000000,9967000.000000,762086000.000000,772053000.000000,1692597000.000000,84008000.000000,0.000000,0.000000,0.000000,-130244000.000000,-46236000.000000,-0.028000,-46236000.000000,-130244000.000000,-155543000.000000,-0.790000,-0.790000,-0.790000,1102541000.000000,995188750.000000,1102541000.000000,44645502854.000000,-343.000000,-965.600000,482004000.000000,2.085000,1.000000,1205037000.000000,0.736000,510173000.000000,25299000.000000,447876000.000000,481019500.000000,0.000000,28665000.000000,0.000000,28665000.000000,2718838000.000000,1497103000.000000,1221735000.000000,467739000.000000,-61111000.000000,65528000.000000,0.000000,0.000000,74490000.000000,-240520000.000000,-17825000.000000,642208000.000000,-8439000.000000,-181276000.000000,-181276000.000000,-181276000.000000,0.000000,1360000.000000,-0.111000,1340121000.000000,-135084000.000000,11024000.000000,0.000000,41.602000,-253.025000,-251.595000,345010000.000000,0.000000,198.760000,28.026000,28.076000,369130000.000000,-996441000.000000,1636585000.000000,1636585000.000000,416502000.000000,-0.052000,-0.182000,-0.271000,-0.080000,358084000.000000,923619000.000000,1.000000,230767860.000000,231179000.000000,231179000.000000,7.079000,3325662000.000000,0.000000,25733000.000000,0.000000,14.386000
MRT,2022-06-30,2022-07-31,2022-07-31,2023-Q2,1326730000.000000,42608357694.000000,2025-03-10,-5675000.000000,4154236000.000000,3727017250.000000,2975980000.000000,1178256000.000000,0.492000,5.269000,-199517000.000000,2318858000.000000,2318858000.000000,481683000.000000,-170911000.000000,1.804000,2.375000,771917000.000000,10316000.000000,761601000.000000,771917000.000000,1844152000.000000,89602000.000000,0.000000,0.000000,0.000000,-121632000.000000,-32030000.000000,-0.017000,-32030000.000000,-121632000.000000,-146970000.000000,-0.750000,-0.750000,-0.750000,1225419000.000000,1075476500.000000,1225419000.000000,41227674694.000000,-339.000000,-1287.158000,544122000.000000,2.340000,1.000000,1352365000.000000,0.737000,505906000.000000,25338000.000000,452139000.000000,461604250.000000,0.000000,35585000.000000,0.000000,35585000.000000,2910889000.000000,1649250000.000000,1261639000.000000,533343000.000000,-60772000.000000,68596000.000000,0.000000,0.000000,77059000.000000,-278494000.000000,-16825000.000000,743639000.000000,-8861000.000000,-173243000.000000,-173243000.000000,-173243000.000000,0.000000,2332000.000000,-0.094000,1488353000.000000,-135988000.000000,53817000.000000,0.000000,34.770000,-245.946000,-244.800000,411475000.000000,0.000000,183.600000,23.232000,23.280000,418799000.000000,-1045726000.000000,1834048000.000000,1834048000.000000,463911000.000000,-0.046000,-0.161000,-0.263000,-0.066000,413347000.000000,1024442000.000000,1.000000,232071665.000000,232554000.000000,232554000.000000,7.887000,3648330000.000000,0.000000,26273000.000000,0.000000,15.688000
MRT,2022-09-30,2022-10-31,2022-10-31,2023-Q3,1386560000.000000,37620937245.000000,2025-03-10,-9184000.000000,4469443000.000000,4019473750.000000,3203613000.000000,1265830000.000000,0.506000,5.622000,-232736000.000000,2466551000.000000,2466551000.000000,538247000.000000,-175092000.000000,1.763000,2.383000,769040000.000000,10423000.000000,758617000.000000,769040000.000000,2015539000.000000,95386000.000000,0.000000,0.000000,0.000000,-121805000.000000,-26419000.000000,-0.013000,-26419000.000000,-121805000.000000,-147074000.000000,-0.770000,-0.770000,-0.770000,1314289000.000000,1167003250.000000,1314289000.000000,36073996245.000000,-296.000000,-1365.457000,594696000.000000,2.544000,1.000000,1496632000.000000,0.735000,519785000.000000,25269000.000000,435094000.000000,452740500.000000,0.000000,46395000.000000,0.000000,46395000.000000,3131811000.000000,1817053000.000000,1314758000.000000,560550000.000000,-79236000.000000,66769000.000000,-1591000.000000,0.000000,74481000.000000,-331178000.000000,-18506000.000000,827432000.000000,-10185000.000000,-177744000.000000,-177744000.000000,-177744000.000000,0.000000,2652000.000000,-0.087000,1648778000.000000,-152146000.000000,89289000.000000,0.000000,28.625000,-211.658000,-209.351000,455651000.000000,0.000000,161.200000,18.488000,18.520000,485313000.000000,-1100682000.000000,2034879000.000000,2034879000.000000,521537000.000000,-0.044000,-0.152000,-0.269000,-0.060000,466794000.000000,1127241000.000000,1.000000,233380504.000000,233785000.000000,233785000.000000,8.704000,3949658000.000000,0.000000,30670000.000000,0.000000,16.894000
MRT,2022-12-31,2023-01-31,2023-01-31,2023-Q4,1531195000.000000,24822303420.000000,2025-03-10,-1019000.000000,5026540000.000000,4371513500.000000,3640267000.000000,1386273000.000000,0.513000,6.278000,-264114000.000000,2455369000.000000,2455369000.000000,601231000.000000,-182285000.000000,1.726000,2.418000,783618000.000000,13046000.000000,770572000.000000,783618000.000000,2355113000.000000,103250000.000000,0.000000,0.000000,0.000000,-135524000.000000,-32274000.000000,-0.014000,-32274000.000000,-135524000.000000,-160843000.000000,-0.790000,-0.790000,-0.790000,1463641000.000000,1276472500.000000,1463641000.000000,23124792420.000000,-171.000000,-716.515000,676893000.000000,2.903000,1.000000,1640005000.000000,0.732000,517534000.000000,25319000.000000,728183000.000000,515823000.000000,0.000000,297270000.000000,250000000.000000,47270000.000000,3539106000.000000,2109072000.000000,1430034000.000000,460291000.000000,-18349000.000000,68074000.000000,-1591000.000000,0.000000,77437000.000000,-556658000.000000,-271808000.000000,941007000.000000,-1495000.000000,-183245000.000000,-183245000.000000,-183245000.000000,0.000000,960000.000000,-0.082000,1830117000.000000,-190112000.000000,45372000.000000,0.000000,16.959000,-135.460000,-134.051000,532271000.000000,0.000000,105.900000,11.075000,11.016000,626181000.000000,-1148163000.000000,2241236000.000000,2241236000.000000,608364000.000000,-0.042000,-0.144000,-0.263000,-0.060000,526504000.000000,1221753000.000000,1.000000,234393800.000000,233139000.000000,233139000.000000,9.613000,4509006000.000000,0.000000,22402000.000000,0.000000,19.340000
MRT,2023-03-31,2023-04-30,2023-04-30,2024-Q1,1628706000.000000,28315471399.000000,2025-03-10,139000.000000,5137858000.000000,4697019250.000000,3708770000.000000,1429088000.000000,0.521000,6.790000,-279855000.000000,2829677000.000000,2829677000.000000,643629000.000000,-151377000.000000,1.783000,2.182000,794366000.000000,16215000.000000,778151000.000000,794366000.000000,2403791000.000000,114259000.000000,0.000000,0.000000,0.000000,-102452000.000000,11807000.000000,0.005000,11807000.000000,-102452000.000000,-127860000.000000,-0.660000,-0.660000,-0.660000,1605301000.000000,1402162500.000000,1605301000.000000,26643720399.000000,-260.000000,2256.604000,747087000.000000,3.160000,1.000000,1802353000.000000,0.737000,513970000.000000,25408000.000000,508513000.000000,530982250.000000,0.000000,157877000.000000,100000000.000000,57877000.000000,3503499000.000000,2080064000.000000,1423435000.000000,678829000.000000,-18349000.000000,67619000.000000,-1591000.000000,0.000000,80777000.000000,-429677000.000000,-129496000.000000,1026942000.000000,787000.000000,-151231000.000000,-151231000.000000,-151231000.000000,0.000000,-146000.000000,-0.062000,1988038000.000000,-185685000.000000,16900000.000000,0.000000,17.639000,-187.233000,-181.894000,574180000.000000,0.000000,120.050000,11.576000,11.603000,461092000.000000,-1147672000.000000,2445982000.000000,2445982000.000000,664030000.000000,-0.032000,-0.108000,-0.193000,-0.042000,554866000.000000,1324008000.000000,1.000000,235863985.000000,236414000.000000,240598000.000000,10.346000,4623888000.000000,0.000000,23371000.000000,0.000000,19.558000
MRT,2023-06-30,2023-07-31,2023-07-31,2024-Q2,1820923000.000000,38330935538.000000,2025-03-10,913000.000000,5520458000.000000,5038574750.000000,4050386000.000000,1470072000.000000,0.524000,7.726000,-261196000.000000,3167215000.000000,3167215000.000000,685979000.000000,-94588000.000000,1.817000,1.986000,790571000.000000,16133000.000000,774438000.000000,790571000.000000,2507642000.000000,127179000.000000,0.000000,0.000000,0.000000,-44753000.000000,82426000.000000,0.031000,82426000.000000,-44753000.000000,-70270000.000000,-0.410000,-0.420000,-0.410000,1838207000.000000,1555359500.000000,1838207000.000000,36295624538.000000,-811.000000,440.342000,800621000.000000,3.365000,1.000000,1956476000.000000,0.740000,509836000.000000,25517000.000000,404515000.000000,519076250.000000,0.000000,59541000.000000,0.000000,59541000.000000,3650358000.000000,2229463000.000000,1420895000.000000,848722000.000000,-18349000.000000,78267000.000000,-1591000.000000,0.000000,91755000.000000,-308768000.000000,-26160000.000000,1061817000.000000,3918000.000000,-93474000.000000,-93474000.000000,-93474000.000000,0.000000,-1114000.000000,-0.035000,2109227000.000000,-152751000.000000,37073000.000000,0.000000,20.852000,-410.071000,-394.293000,607766000.000000,0.000000,161.660000,14.506000,14.555000,539463000.000000,-1139200000.000000,2642455000.000000,2642455000.000000,705528000.000000,-0.019000,-0.060000,-0.086000,-0.017000,588093000.000000,1403699000.000000,1.000000,237108348.000000,237911000.000000,242144000.000000,11.107000,5010622000.000000,0.000000,23204000.000000,0.000000,21.061000
MRT,2023-09-30,2023-10-31,2023-10-31,2024-Q3,1728716000.000000,42210590291.000000,2025-03-10,-5280000.000000,5831056000.000000,5378978000.000000,4079133000.000000,1751923000.000000,0.529000,8.479000,-226316000.000000,2968872000.000000,2968872000.000000,722755000.000000,-13288000.000000,1.735000,1.858000,794923000.000000,14430000.000000,780493000.000000,794923000.000000,2543116000.000000,143082000.000000,0.000000,0.000000,0.000000,37770000.000000,180852000.000000,0.064000,180852000.000000,37770000.000000,12084000.000000,-0.060000,-0.070000,-0.060000,2028950000.000000,1734024750.000000,2028950000.000000,39833946291.000000,1055.000000,220.257000,866168000.000000,3.620000,1.000000,2124832000.000000,0.746000,747101000.000000,25686000.000000,559589000.000000,550200000.000000,0.000000,257063000.000000,197522000.000000,59541000.000000,3770209000.000000,2350417000.000000,1419792000.000000,503299000.000000,-238634000.000000,78843000.000000,0.000000,0.000000,88832000.000000,-680185000.000000,-211560000.000000,1092484000.000000,2168000.000000,-11853000.000000,-11853000.000000,-11853000.000000,0.000000,-1435000.000000,-0.004000,2217998000.000000,-93166000.000000,56968000.000000,0.000000,20.804000,-3561.174000,-2946.167000,631978000.000000,0.000000,176.770000,14.823000,14.855000,561872000.000000,-1112535000.000000,2847587000.000000,2847587000.000000,746344000.000000,-0.002000,-0.007000,0.069000,0.013000,607594000.000000,1471654000.000000,1.000000,238788201.000000,239297000.000000,243799000.000000,11.900000,5083955000.000000,0.000000,23937000.000000,0.000000,21.245000
MRT,2023-12-31,2024-01-31,2024-01-31,2024-Q4,2060028000.000000,70242356340.000000,2025-03-10,-1663000.000000,6646520000.000000,5783973000.000000,4757307000.000000,1889213000.000000,0.528000,9.655000,-225986000.000000,3375069000.000000,3375069000.000000,755723000.000000,90585000.000000,1.764000,1.870000,792874000.000000,14150000.000000,778724000.000000,792874000.000000,3054099000.000000,158652000.000000,0.000000,0.000000,0.000000,147315000.000000,305967000.000000,0.100000,305967000.000000,147315000.000000,121559000.000000,0.370000,0.370000,0.370000,2303950000.000000,1944102000.000000,2303950000.000000,68068407340.000000,462.000000,222.470000,940221000.000000,3.940000,1.000000,2299832000.000000,0.753000,752559000.000000,25756000.000000,614487000.000000,521776000.000000,0.000000,155835000.000000,99591000.000000,56244000.000000,4309431000.000000,2697279000.000000,1612152000.000000,920673000.000000,-239030000.000000,85070000.000000,0.000000,0.000000,93158000.000000,-340650000.000000,137523000.000000,1166207000.000000,1958000.000000,89327000.000000,89327000.000000,89327000.000000,0.000000,1258000.000000,0.029000,2301827000.000000,-1995000.000000,28180000.000000,0.000000,30.488000,786.351000,790.541000,668383000.000000,0.000000,292.500000,22.988000,22.844000,853105000.000000,-1058836000.000000,3055555000.000000,3055555000.000000,768497000.000000,0.015000,0.046000,0.282000,0.048000,631519000.000000,1533330000.000000,1.000000,240144808.000000,238637000.000000,243635000.000000,12.804000,5893961000.000000,0.000000,32232000.000000,0.000000,24.698000
MRT,2024-03-31,2024-04-30,2024-04-30,2025-Q1,2157936000.000000,70756257211.000000,2025-03-10,-4760000.000000,6841985000.000000,6210004750.000000,4841622000.000000,2000363000.000000,0.529000,10.461000,-212982000.000000,3702437000.000000,3702437000.000000,811496000.000000,136350000.000000,1.804000,1.685000,792976000.000000,16020000.000000,776956000.000000,792976000.000000,3069379000.000000,177033000.000000,0.000000,0.000000,0.000000,193026000.000000,370059000.000000,0.113000,370059000.000000,193026000.000000,167146000.000000,0.550000,0.530000,0.550000,2535540000.000000,2176661750.000000,2535540000.000000,68174062211.000000,353.000000,184.225000,1035561000.000000,4.272000,1.000000,2472515000.000000,0.753000,843997000.000000,25880000.000000,404841000.000000,495858000.000000,0.000000,58419000.000000,0.000000,58419000.000000,4273203000.000000,2683686000.000000,1589517000.000000,873727000.000000,-335406000.000000,83242000.000000,0.000000,0.000000,82732000.000000,-457779000.000000,104085000.000000,1248543000.000000,231000.000000,131656000.000000,131656000.000000,131656000.000000,0.000000,4694000.000000,0.040000,2448118000.000000,24397000.000000,21299000.000000,0.000000,27.906000,537.433000,531.891000,675979000.000000,0.000000,292.540000,21.546000,21.592000,702856000.000000,-1016016000.000000,3284011000.000000,3284011000.000000,824681000.000000,0.021000,0.060000,0.389000,0.059000,683788000.000000,1623437000.000000,1.000000,241868658.000000,242389000.000000,250164000.000000,13.549000,5997988000.000000,0.000000,35490000.000000,0.000000,24.745000
MRT,2024-06-30,2024-07-31,2024-07-31,2025-Q2,2453329000.000000,56449933822.000000,2025-03-10,-3102000.000000,7202474000.000000,6630508750.000000,5181648000.000000,2020826000.000000,0.530000,11.688000,-211262000.000000,4038536000.000000,4038536000.000000,865980000.000000,174564000.000000,1.899000,1.511000,791973000.000000,17031000.000000,774942000.000000,791973000.000000,3093197000.000000,196296000.000000,0.000000,0.000000,0.000000,237975000.000000,434271000.000000,0.124000,434271000.000000,237975000.000000,211990000.000000,0.700000,0.690000,0.700000,2852915000.000000,2430338750.000000,2852915000.000000,53540472822.000000,225.000000,123.288000,1119141000.000000,4.585000,1.000000,2650277000.000000,0.754000,837682000.000000,25985000.000000,389910000.000000,492206750.000000,0.000000,58246000.000000,0.000000,58246000.000000,4311884000.000000,2728319000.000000,1583565000.000000,871300000.000000,-335411000.000000,94076000.000000,0.000000,0.000000,95491000.000000,-554429000.000000,5193000.000000,1330403000.000000,-165000.000000,170197000.000000,170197000.000000,170197000.000000,0.000000,4367000.000000,0.048000,2596849000.000000,53428000.000000,21067000.000000,0.000000,19.787000,331.674000,331.371000,694371000.000000,0.000000,231.960000,16.054000,16.102000,661045000.000000,-969003000.000000,3516257000.000000,3516257000.000000,896227000.000000,0.026000,0.070000,0.483000,0.068000,719888000.000000,1700622000.000000,1.000000,243360639.000000,244091000.000000,251265000.000000,14.406000,6364792000.000000,0.000000,41793000.000000,0.000000,26.075000
MRT,2024-09-30,2024-10-31,2024-10-31,2025-Q3,2571947000.000000,72770680305.000000,2025-03-10,-2026000.000000,7782958000.000000,7118484250.000000,5572327000.000000,2210631000.000000,0.525000,12.454000,-272343000.000000,4260324000.000000,4260324000.000000,926063000.000000,131076000.000000,1.857000,1.533000,791951000.000000,15658000.000000,776293000.000000,791951000.000000,3196518000.000000,213658000.000000,0.000000,0.000000,0.000000,191250000.000000,404908000.000000,0.108000,404908000.000000,191250000.000000,165181000.000000,0.520000,0.510000,0.520000,3057933000.000000,2687584500.000000,3057933000.000000,69524117305.000000,364.000000,171.703000,1110678000.000000,4.523000,1.000000,2814358000.000000,0.752000,831370000.000000,26069000.000000,482835000.000000,473018250.000000,0.000000,68246000.000000,0.000000,68246000.000000,4687347000.000000,3000380000.000000,1686967000.000000,1290857000.000000,-96662000.000000,92867000.000000,0.000000,0.000000,94282000.000000,-191174000.000000,190774000.000000,1383021000.000000,4728000.000000,126710000.000000,126710000.000000,126710000.000000,0.000000,4366000.000000,0.034000,2819816000.000000,-5458000.000000,79214000.000000,0.000000,23.797000,574.309000,570.904000,792856000.000000,0.000000,296.870000,19.455000,19.488000,813922000.000000,-985825000.000000,3740421000.000000,3740421000.000000,975757000.000000,0.018000,0.047000,0.404000,0.051000,769162000.000000,1844059000.000000,1.000000,245126420.000000,245536000.000000,245536000.000000,15.234000,6951588000.000000,0.000000,38471000.000000,0.000000,28.312000
MRT,2024-12-31,2025-01-31,2025-01-31,2025-Q4,2652295000.000000,98049183775.000000,2025-03-10,-9593000.000000,8701578000.000000,7632248750.000000,6113345000.000000,2588233000.000000,0.518000,13.399000,-313821000.000000,4323295000.000000,4323295000.000000,991481000.000000,-16596000.000000,1.766000,1.641000,788901000.000000,13811000.000000,775090000.000000,788901000.000000,3728677000.000000,229239000.000000,0.000000,0.000000,0.000000,78170000.000000,307409000.000000,0.078000,307409000.000000,78170000.000000,51859000.000000,-0.080000,-0.080000,-0.080000,3279494000.000000,2931470500.000000,3279494000.000000,94580810775.000000,1210.000000,307.671000,1067906000.000000,4.363000,1.000000,2962143000.000000,0.749000,1045919000.000000,26311000.000000,660215000.000000,484450250.000000,0.000000,72544000.000000,0.000000,72544000.000000,5382661000.000000,3461050000.000000,1921611000.000000,947069000.000000,-310257000.000000,103599000.000000,0.000000,0.000000,107208000.000000,-536588000.000000,90105000.000000,1381727000.000000,-5278000.000000,-19271000.000000,-19271000.000000,-19271000.000000,0.000000,2675000.000000,-0.005000,3082573000.000000,-120430000.000000,130887000.000000,0.000000,29.898000,-5087.914000,-4975.875000,831403000.000000,0.000000,398.070000,24.800000,24.643000,1128564000.000000,-1078107000.000000,3953624000.000000,3953624000.000000,1076901000.000000,-0.003000,-0.007000,0.161000,0.020000,865421000.000000,2005672000.000000,1.000000,246311412.000000,244750000.000000,244750000.000000,16.154000,7655659000.000000,0.000000,71130000.000000,0.000000,31.280000
MRY,2016-12-31,2017-01-31,2017-01-31,2017-FY,,,2025-03-10,,,,,,,,-12147000.000000,,,34006000.000000,-91340000.000000,,,,,,,,3021000.000000,,,0.000000,-90638000.000000,-87617000.000000,-1.661000,-87617000.000000,-90638000.000000,-91253000.000000,-2.730000,-2.730000,-2.730000,,,,,,,-64145000.000000,-1.615000,1.000000,18739000.000000,0.355000,,615000.000000,,,,,,,,,,-46392000.000000,0.000000,767000.000000,16940000.000000,0.000000,17460000.000000,-11854000.000000,793000.000000,-51998000.000000,0.000000,-91340000.000000,-108352000.000000,-108352000.000000,0.000000,0.000000,-2.054000,109295000.000000,-90556000.000000,,0.000000,,,,,17012000.000000,,,,,,52745000.000000,52745000.000000,39145000.000000,,,,-1.718000,1994000.000000,70150000.000000,1.000000,,39706000.000000,39706000.000000,1.328000,,,87000.000000,,
MRY,2017-12-31,2018-01-31,2018-01-31,2018-FY,-12279000.000000,,2025-03-10,970000.000000,217703000.000000,,153611000.000000,64092000.000000,,-8.823000,-29448000.000000,63179000.000000,63179000.000000,54486000.000000,-135490000.000000,0.926000,-0.639000,15971000.000000,0.000000,15971000.000000,15971000.000000,158950000.000000,7739000.000000,0.000000,,0.000000,-132913000.000000,-125174000.000000,-1.054000,-125174000.000000,-132913000.000000,-134561000.000000,-3.380000,-3.380000,-3.380000,-369474000.000000,,-369474000.000000,,,,-88214000.000000,-2.107000,1.000000,64266000.000000,0.541000,10157000.000000,1648000.000000,-5552000.000000,,0.000000,2791000.000000,2791000.000000,0.000000,236161000.000000,165890000.000000,70271000.000000,40353000.000000,-6471000.000000,3701000.000000,-6935000.000000,0.000000,126831000.000000,-28330000.000000,7896000.000000,-58766000.000000,618000.000000,-135490000.000000,-141343000.000000,-141343000.000000,0.000000,0.000000,-1.190000,195706000.000000,-131440000.000000,12261000.000000,0.000000,,,,40754000.000000,5853000.000000,,,,59614000.000000,-378948000.000000,118752000.000000,118752000.000000,58887000.000000,,,,-1.119000,12343000.000000,136819000.000000,1.000000,,41876000.000000,41876000.000000,2.836000,207546000.000000,0.000000,929000.000000,0.000000,4.956000
MRY,2018-12-31,2019-01-31,2019-01-31,2019-FY,49968000.000000,,2025-03-10,98000.000000,433219000.000000,325461000.000000,331388000.000000,101831000.000000,0.768000,-10.873000,-42645000.000000,88408000.000000,88408000.000000,87238000.000000,-140077000.000000,1.178000,-0.744000,0.000000,0.000000,0.000000,0.000000,290067000.000000,15398000.000000,0.000000,,0.000000,-138282000.000000,-122884000.000000,-0.492000,-122884000.000000,-138282000.000000,-138710000.000000,-3.120000,-3.120000,-3.120000,-487793000.000000,-428633500.000000,-487793000.000000,,,,-65613000.000000,-1.463000,1.000000,162586000.000000,0.651000,8995000.000000,428000.000000,54396000.000000,24422000.000000,0.000000,103247000.000000,103247000.000000,0.000000,363100000.000000,281420000.000000,81680000.000000,25229000.000000,0.000000,1582000.000000,-15960000.000000,0.000000,190389000.000000,-142030000.000000,-99385000.000000,-22968000.000000,-162000.000000,-140077000.000000,-140077000.000000,-140077000.000000,0.000000,0.000000,-0.561000,299450000.000000,-136864000.000000,6855000.000000,0.000000,,,,73735000.000000,0.000000,,,,92476000.000000,-519126000.000000,249824000.000000,249824000.000000,84551000.000000,-0.430000,0.327000,-5.662000,-0.554000,20505000.000000,214899000.000000,1.000000,196688971.000000,44863000.000000,44863000.000000,5.569000,424224000.000000,0.000000,1367000.000000,0.000000,9.456000
MRY,2019-12-31,2020-01-31,2020-01-31,2020-FY,678540000.000000,12556736169.000000,2025-03-10,1009000.000000,1404906000.000000,1072476750.000000,1171636000.000000,233270000.000000,0.449000,5.012000,-87487000.000000,264798000.000000,264798000.000000,141627000.000000,-141779000.000000,2.376000,0.892000,0.000000,0.000000,0.000000,0.000000,571168000.000000,23513000.000000,0.000000,0.000000,0.000000,-139340000.000000,-115827000.000000,-0.241000,-115827000.000000,-139340000.000000,-139782000.000000,-0.960000,-0.960000,-0.960000,742107000.000000,425517250.000000,742107000.000000,11813131169.000000,-85.000000,-101.989000,12456000.000000,0.084000,1.000000,339786000.000000,0.706000,8249000.000000,442000.000000,638763000.000000,217153750.000000,0.000000,648266000.000000,647266000.000000,1000000.000000,662299000.000000,493096000.000000,169203000.000000,176390000.000000,0.000000,709233000.000000,0.000000,0.000000,706144000.000000,-629631000.000000,-542144000.000000,99943000.000000,-66000.000000,-141779000.000000,-141779000.000000,-141779000.000000,0.000000,0.000000,-0.295000,485851000.000000,-146065000.000000,1345000.000000,0.000000,16.920000,-88.566000,-63.635000,136078000.000000,0.000000,61.090000,26.083000,18.789000,164987000.000000,-637487000.000000,481413000.000000,481413000.000000,130188000.000000,-0.132000,-0.333000,-0.642000,-0.289000,79940000.000000,355663000.000000,1.000000,205544871.000000,148062000.000000,148062000.000000,3.251000,1396657000.000000,0.000000,1997000.000000,0.000000,9.433000
MRY,2020-12-31,2021-01-31,2021-01-31,2021-FY,1428721000.000000,47748714876.000000,2025-03-10,2319000.000000,2732533000.000000,1904597500.000000,2292274000.000000,440259000.000000,0.459000,3.998000,-63663000.000000,1918608000.000000,1918608000.000000,229545000.000000,-92629000.000000,2.654000,2.137000,778992000.000000,8977000.000000,770015000.000000,778992000.000000,911895000.000000,47944000.000000,0.000000,0.000000,0.000000,-86310000.000000,-38366000.000000,-0.044000,-38366000.000000,-86310000.000000,-87869000.000000,-0.430000,-0.430000,-0.430000,870574000.000000,806794250.000000,870574000.000000,46731440876.000000,-541.000000,-1218.043000,292903000.000000,1.345000,1.000000,644893000.000000,0.737000,99243000.000000,1559000.000000,630121000.000000,134081000.000000,0.000000,2500000.000000,0.000000,2500000.000000,1860659000.000000,863553000.000000,997106000.000000,1653810000.000000,-85517000.000000,63094000.000000,736241000.000000,0.000000,800135000.000000,495427000.000000,644787000.000000,356566000.000000,1682000.000000,-92629000.000000,-92629000.000000,-92629000.000000,0.000000,0.000000,-0.106000,737422000.000000,-92529000.000000,12065000.000000,0.000000,54.847000,-515.483000,-501.860000,203498000.000000,0.000000,215.800000,54.605000,53.739000,239199000.000000,-730116000.000000,874438000.000000,874438000.000000,214670000.000000,-0.049000,-0.115000,-0.644000,-0.099000,149675000.000000,522752000.000000,1.000000,221263739.000000,217756000.000000,217756000.000000,4.016000,2633290000.000000,0.000000,4760000.000000,0.000000,12.093000
MRY,2021-12-31,2022-01-31,2022-01-31,2022-FY,1164122000.000000,41427853681.000000,2025-03-10,-1240000.000000,3618381000.000000,3233803500.000000,2570952000.000000,1047429000.000000,0.449000,4.516000,-133009000.000000,1996633000.000000,1996633000.000000,383221000.000000,-232378000.000000,1.827000,2.516000,774716000.000000,9820000.000000,764896000.000000,774716000.000000,1529321000.000000,77913000.000000,0.000000,0.000000,0.000000,-137216000.000000,-59303000.000000,-0.041000,-59303000.000000,-137216000.000000,-162447000.000000,-1.030000,-1.030000,-1.030000,1025764000.000000,931869500.000000,1025764000.000000,40297091681.000000,-294.000000,-679.512000,441775000.000000,1.945000,1.000000,1068373000.000000,0.736000,513781000.000000,25231000.000000,475853000.000000,501342500.000000,0.000000,23632000.000000,0.000000,23632000.000000,2580738000.000000,1406830000.000000,1173908000.000000,78025000.000000,-414518000.000000,66176000.000000,-1800000.000000,0.000000,72531000.000000,-564516000.000000,-16309000.000000,574784000.000000,-4774000.000000,-234802000.000000,-234802000.000000,-234802000.000000,0.000000,2424000.000000,-0.162000,1210921000.000000,-142548000.000000,47634000.000000,0.000000,40.387000,-176.437000,-175.379000,292312000.000000,0.000000,180.640000,28.540000,28.266000,368145000.000000,-964918000.000000,1451594000.000000,1451594000.000000,371283000.000000,-0.073000,-0.252000,-0.274000,-0.095000,309952000.000000,839638000.000000,1.000000,229339314.000000,227142000.000000,227142000.000000,6.391000,3104600000.000000,0.000000,72355000.000000,0.000000,13.668000
MRY,2022-12-31,2023-01-31,2023-01-31,2023-FY,1531195000.000000,24822303420.000000,2025-03-10,-1019000.000000,5026540000.000000,4371513500.000000,3640267000.000000,1386273000.000000,0.513000,6.278000,-264114000.000000,2455369000.000000,2455369000.000000,601231000.000000,-182285000.000000,1.726000,2.418000,783618000.000000,13046000.000000,770572000.000000,783618000.000000,2355113000.000000,103250000.000000,0.000000,0.000000,0.000000,-135524000.000000,-32274000.000000,-0.014000,-32274000.000000,-135524000.000000,-160843000.000000,-0.790000,-0.790000,-0.790000,1463641000.000000,1276472500.000000,1463641000.000000,23124792420.000000,-171.000000,-716.515000,676893000.000000,2.903000,1.000000,1640005000.000000,0.732000,517534000.000000,25319000.000000,728183000.000000,515823000.000000,0.000000,297270000.000000,250000000.000000,47270000.000000,3539106000.000000,2109072000.000000,1430034000.000000,460291000.000000,-18349000.000000,68074000.000000,-1591000.000000,0.000000,77437000.000000,-556658000.000000,-271808000.000000,941007000.000000,-1495000.000000,-183245000.000000,-183245000.000000,-183245000.000000,0.000000,960000.000000,-0.082000,1830117000.000000,-190112000.000000,45372000.000000,0.000000,16.959000,-135.460000,-134.051000,532271000.000000,0.000000,105.900000,11.075000,11.016000,626181000.000000,-1148163000.000000,2241236000.000000,2241236000.000000,608364000.000000,-0.042000,-0.144000,-0.263000,-0.060000,526504000.000000,1221753000.000000,1.000000,234393800.000000,233139000.000000,233139000.000000,9.613000,4509006000.000000,0.000000,22402000.000000,0.000000,19.340000
MRY,2023-12-31,2024-01-31,2024-01-31,2024-FY,2060028000.000000,70242356340.000000,2025-03-10,-1663000.000000,6646520000.000000,5783973000.000000,4757307000.000000,1889213000.000000,0.528000,9.655000,-225986000.000000,3375069000.000000,3375069000.000000,755723000.000000,90585000.000000,1.764000,1.870000,792874000.000000,14150000.000000,778724000.000000,792874000.000000,3054099000.000000,158652000.000000,0.000000,0.000000,0.000000,147315000.000000,305967000.000000,0.100000,305967000.000000,147315000.000000,121559000.000000,0.370000,0.370000,0.370000,2303950000.000000,1944102000.000000,2303950000.000000,68068407340.000000,462.000000,222.470000,940221000.000000,3.940000,1.000000,2299832000.000000,0.753000,752559000.000000,25756000.000000,614487000.000000,521776000.000000,0.000000,155835000.000000,99591000.000000,56244000.000000,4309431000.000000,2697279000.000000,1612152000.000000,920673000.000000,-239030000.000000,85070000.000000,0.000000,0.000000,93158000.000000,-340650000.000000,137523000.000000,1166207000.000000,1958000.000000,89327000.000000,89327000.000000,89327000.000000,0.000000,1258000.000000,0.029000,2301827000.000000,-1995000.000000,28180000.000000,0.000000,30.488000,786.351000,790.541000,668383000.000000,0.000000,292.500000,22.988000,22.844000,853105000.000000,-1058836000.000000,3055555000.000000,3055555000.000000,768497000.000000,0.015000,0.046000,0.282000,0.048000,631519000.000000,1533330000.000000,1.000000,240144808.000000,238637000.000000,243635000.000000,12.804000,5893961000.000000,0.000000,32232000.000000,0.000000,24.698000
MRY,2024-12-31,2025-01-31,2025-01-31,2025-FY,2652295000.000000,98049183775.000000,2025-03-10,-9593000.000000,8701578000.000000,7632248750.000000,6113345000.000000,2588233000.000000,0.518000,13.399000,-313821000.000000,4323295000.000000,4323295000.000000,991481000.000000,-16596000.000000,1.766000,1.641000,788901000.000000,13811000.000000,775090000.000000,788901000.000000,3728677000.000000,229239000.000000,0.000000,0.000000,0.000000,78170000.000000,307409000.000000,0.078000,307409000.000000,78170000.000000,51859000.000000,-0.080000,-0.080000,-0.080000,3279494000.000000,2931470500.000000,3279494000.000000,94580810775.000000,1210.000000,307.671000,1067906000.000000,4.363000,1.000000,2962143000.000000,0.749000,1045919000.000000,26311000.000000,660215000.000000,484450250.000000,0.000000,72544000.000000,0.000000,72544000.000000,5382661000.000000,3461050000.000000,1921611000.000000,947069000.000000,-310257000.000000,103599000.000000,0.000000,0.000000,107208000.000000,-536588000.000000,90105000.000000,1381727000.000000,-5278000.000000,-19271000.000000,-19271000.000000,-19271000.000000,0.000000,2675000.000000,-0.005000,3082573000.000000,-120430000.000000,130887000.000000,0.000000,29.898000,-5087.914000,-4975.875000,831403000.000000,0.000000,398.070000,24.800000,24.643000,1128564000.000000,-1078107000.000000,3953624000.000000,3953624000.000000,1076901000.000000,-0.003000,-0.007000,0.161000,0.020000,865421000.000000,2005672000.000000,1.000000,246311412.000000,244750000.000000,244750000.000000,16.154000,7655659000.000000,0.000000,71130000.000000,0.000000,31.280000
