dimension,calendardate,datekey,reportperiod,fiscalperiod,workingcapital,marketcap,lastupdated,accoci,assets,assetsavg,assetsc,assetsnc,assetturnover,bvps,capex,cashneq,cashnequsd,cor,consolinc,currentratio,de,debt,debtc,debtnc,debtusd,deferredrev,depamor,deposits,divyield,dps,ebit,ebitda,ebitdamargin,ebitdausd,ebitusd,ebt,eps,epsdil,epsusd,equity,equityavg,equityusd,ev,evebit,evebitda,fcf,fcfps,fxusd,gp,grossmargin,intangibles,intexp,invcap,invcapavg,inventory,investments,investmentsc,investmentsnc,liabilities,liabilitiesc,liabilitiesnc,ncf,ncfbus,ncfcommon,ncfdebt,ncfdiv,ncff,ncfi,ncfinv,ncfo,ncfx,netinc,netinccmn,netinccmnusd,netincdis,netincnci,netmargin,opex,opinc,payables,payoutratio,pb,pe,pe1,ppnenet,prefdivis,price,ps,ps1,receivables,retearn,revenue,revenueusd,rnd,roa,roe,roic,ros,sbcomp,sgna,sharefactor,sharesbas,shareswa,shareswadil,sps,tangibles,taxassets,taxexp,taxliabilities,tbvps
ARQ,2013-12-31,2014-04-03,2013-12-31,2013-Q4,1076000.000000,,2025-05-01,0.000000,56278000.000000,,26369000.000000,29909000.000000,,-0.741000,,17748000.000000,17748000.000000,,,1.043000,-19.962000,30332000.000000,6379000.000000,23953000.000000,30332000.000000,4375000.000000,,0.000000,,0.000000,,,,,,,,,,-2968000.000000,,-2968000.000000,,,,,,1.000000,,,14863000.000000,,28706000.000000,,0.000000,0.000000,0.000000,0.000000,59246000.000000,25293000.000000,33953000.000000,,,,,,,,,,,,,,,,,,,4306000.000000,,,,,11607000.000000,,,,,6970000.000000,-90796000.000000,,,,,,,,,,1.000000,46047510.000000,4006000.000000,,,41415000.000000,0.000000,,5448000.000000,10.338000
ARQ,2014-03-31,2014-05-14,2014-03-31,2014-Q1,-1850000.000000,274014407.000000,2025-05-01,0.000000,69235000.000000,,38535000.000000,30700000.000000,,-1.604000,-71000.000000,29238000.000000,29238000.000000,13148000.000000,-8320000.000000,0.954000,-8.694000,48242000.000000,19444000.000000,28798000.000000,48242000.000000,4957000.000000,1592000.000000,0.000000,0.000000,0.000000,-7515000.000000,-5923000.000000,-0.244000,-5923000.000000,-7515000.000000,-8293000.000000,-1.480000,-1.480000,-1.480000,-8998000.000000,,-8998000.000000,293018407.000000,,,-6251000.000000,-1.115000,1.000000,11126000.000000,0.458000,14735000.000000,778000.000000,33119000.000000,,0.000000,0.000000,0.000000,0.000000,78233000.000000,40385000.000000,37848000.000000,11490000.000000,0.000000,556000.000000,18015000.000000,0.000000,17766000.000000,-96000.000000,0.000000,-6180000.000000,0.000000,-8320000.000000,-8320000.000000,-8320000.000000,0.000000,0.000000,-0.343000,20418000.000000,-9292000.000000,3753000.000000,0.000000,-30.453000,,,11179000.000000,0.000000,5.680000,,,6650000.000000,-99116000.000000,24274000.000000,24274000.000000,5225000.000000,,,,,1196000.000000,15193000.000000,1.000000,48241973.000000,5608000.000000,5608000.000000,4.328000,54500000.000000,0.000000,27000.000000,5825000.000000,9.718000
ARQ,2014-06-30,2014-08-05,2014-06-30,2014-Q2,60612000.000000,318567647.000000,2025-05-01,0.000000,128927000.000000,,101449000.000000,27478000.000000,,1.226000,-265000.000000,61577000.000000,61577000.000000,13469000.000000,-8659000.000000,2.484000,1.242000,47417000.000000,19815000.000000,27602000.000000,47417000.000000,5009000.000000,1699000.000000,0.000000,0.000000,0.000000,-7555000.000000,-5856000.000000,-0.237000,-5856000.000000,-7555000.000000,-8647000.000000,-0.180000,-0.180000,-0.180000,57517000.000000,,57517000.000000,304407647.000000,,,-8483000.000000,-0.181000,1.000000,11216000.000000,0.454000,14607000.000000,1092000.000000,59323000.000000,,0.000000,29995000.000000,29995000.000000,0.000000,71410000.000000,40837000.000000,30573000.000000,32339000.000000,0.000000,71608000.000000,-1598000.000000,0.000000,70815000.000000,-30258000.000000,-29993000.000000,-8218000.000000,0.000000,-8659000.000000,-8659000.000000,-8659000.000000,0.000000,0.000000,-0.351000,18743000.000000,-7527000.000000,3373000.000000,0.000000,5.539000,,,11521000.000000,0.000000,6.580000,,,7098000.000000,-107775000.000000,24685000.000000,24685000.000000,5554000.000000,,,,,1723000.000000,13189000.000000,1.000000,48414536.000000,46898000.000000,46898000.000000,0.526000,114320000.000000,0.000000,12000.000000,2485000.000000,2.438000
ARQ,2014-09-30,2014-11-07,2014-09-30,2014-Q3,51024000.000000,248306910.000000,2025-05-01,1000.000000,121874000.000000,,93939000.000000,27935000.000000,,0.997000,-142000.000000,53489000.000000,53489000.000000,13504000.000000,-11435000.000000,2.189000,1.531000,48625000.000000,20600000.000000,28025000.000000,48625000.000000,4991000.000000,1567000.000000,0.000000,0.000000,0.000000,-10306000.000000,-8739000.000000,-0.338000,-8739000.000000,-10306000.000000,-11422000.000000,-0.240000,-0.240000,-0.240000,48150000.000000,,48150000.000000,243442910.000000,,,-6503000.000000,-0.135000,1.000000,12365000.000000,0.478000,14479000.000000,1116000.000000,59616000.000000,,0.000000,29999000.000000,29999000.000000,0.000000,73724000.000000,42915000.000000,30809000.000000,-8088000.000000,0.000000,62000.000000,-1647000.000000,0.000000,-1585000.000000,-142000.000000,0.000000,-6361000.000000,0.000000,-11435000.000000,-11435000.000000,-11435000.000000,0.000000,0.000000,-0.442000,22766000.000000,-10401000.000000,2856000.000000,0.000000,5.157000,,,12117000.000000,0.000000,5.080000,,,7725000.000000,-119210000.000000,25869000.000000,25869000.000000,5503000.000000,,,,,1877000.000000,17263000.000000,1.000000,48879313.000000,48310000.000000,48310000.000000,0.535000,107395000.000000,0.000000,13000.000000,2437000.000000,2.223000
ARQ,2014-12-31,2015-03-10,2014-12-31,2014-Q4,56234000.000000,204760947.000000,2025-05-01,0.000000,116934000.000000,,88584000.000000,28350000.000000,,1.110000,-547000.000000,58289000.000000,58289000.000000,14540000.000000,-9372000.000000,2.738000,1.801000,47696000.000000,7995000.000000,39701000.000000,47696000.000000,5346000.000000,1605000.000000,0.000000,0.000000,0.000000,-8164000.000000,-6559000.000000,-0.232000,-6559000.000000,-8164000.000000,-9339000.000000,-0.160000,-0.160000,-0.160000,41753000.000000,,41753000.000000,194167947.000000,-6.000000,-7.171000,-4067000.000000,-0.108000,1.000000,13734000.000000,0.486000,14351000.000000,1175000.000000,59640000.000000,,0.000000,20000000.000000,20000000.000000,0.000000,75181000.000000,32350000.000000,42831000.000000,4800000.000000,0.000000,1105000.000000,-2239000.000000,0.000000,-1134000.000000,9454000.000000,10001000.000000,-3520000.000000,0.000000,-9372000.000000,-9372000.000000,-9372000.000000,0.000000,0.000000,-0.331000,22044000.000000,-8310000.000000,4179000.000000,0.000000,4.904000,-5.419000,-4.140000,12571000.000000,0.000000,4.140000,1.986000,1.510000,8335000.000000,-128582000.000000,28274000.000000,28274000.000000,5828000.000000,,,,,1957000.000000,16216000.000000,1.000000,49459166.000000,37604000.000000,37604000.000000,0.752000,102583000.000000,0.000000,33000.000000,2879000.000000,2.728000
ARQ,2015-03-31,2015-05-13,2015-03-31,2015-Q1,49498000.000000,275599152.000000,2025-05-01,-1000.000000,110046000.000000,,82534000.000000,27512000.000000,,0.712000,-198000.000000,50646000.000000,50646000.000000,14778000.000000,-8903000.000000,2.498000,2.126000,46753000.000000,7995000.000000,38758000.000000,46753000.000000,5641000.000000,1775000.000000,0.000000,0.000000,0.000000,-7746000.000000,-5971000.000000,-0.197000,-5971000.000000,-7746000.000000,-8885000.000000,-0.180000,-0.180000,-0.180000,35201000.000000,,35201000.000000,271706152.000000,-8.000000,-10.017000,-5951000.000000,-0.120000,1.000000,15496000.000000,0.512000,14223000.000000,1139000.000000,58894000.000000,,0.000000,19999000.000000,19999000.000000,0.000000,74845000.000000,33036000.000000,41809000.000000,-7643000.000000,0.000000,116000.000000,-2468000.000000,0.000000,-2352000.000000,462000.000000,0.000000,-5753000.000000,0.000000,-8903000.000000,-8903000.000000,-8903000.000000,0.000000,0.000000,-0.294000,23244000.000000,-7748000.000000,2541000.000000,0.000000,7.829000,-7.183000,-7.276000,12426000.000000,0.000000,5.530000,2.526000,2.506000,8719000.000000,-137485000.000000,30274000.000000,30274000.000000,6038000.000000,,,,,2235000.000000,17206000.000000,1.000000,49837098.000000,49433000.000000,49433000.000000,0.612000,95823000.000000,0.000000,18000.000000,3524000.000000,1.938000
ARQ,2015-06-30,2015-08-05,2015-06-30,2015-Q2,44835000.000000,240715501.000000,2025-05-01,0.000000,104579000.000000,,77811000.000000,26768000.000000,,0.612000,-216000.000000,65333000.000000,65333000.000000,14270000.000000,-7369000.000000,2.360000,2.420000,47739000.000000,9446000.000000,38293000.000000,47739000.000000,5525000.000000,1910000.000000,0.000000,0.000000,0.000000,-6234000.000000,-4324000.000000,-0.143000,-4324000.000000,-6234000.000000,-7389000.000000,-0.150000,-0.150000,-0.150000,30575000.000000,,30575000.000000,223121501.000000,-7.000000,-8.718000,-4173000.000000,-0.083000,1.000000,16004000.000000,0.529000,14095000.000000,1155000.000000,39914000.000000,,0.000000,0.000000,0.000000,0.000000,74004000.000000,32976000.000000,41028000.000000,14687000.000000,0.000000,913000.000000,-2199000.000000,0.000000,-1286000.000000,19930000.000000,20000000.000000,-3957000.000000,0.000000,-7369000.000000,-7369000.000000,-7369000.000000,0.000000,0.000000,-0.243000,22189000.000000,-6185000.000000,2766000.000000,0.000000,7.873000,-6.492000,-6.562000,11964000.000000,0.000000,4.790000,2.099000,2.087000,8250000.000000,-144854000.000000,30274000.000000,30274000.000000,5568000.000000,,,,,1830000.000000,16621000.000000,1.000000,50253758.000000,49980000.000000,49980000.000000,0.606000,90484000.000000,0.000000,-20000.000000,2926000.000000,1.810000
ARQ,2015-09-30,2015-11-04,2015-09-30,2015-Q3,38258000.000000,279793628.000000,2025-05-01,0.000000,98870000.000000,,71727000.000000,27143000.000000,,0.527000,-275000.000000,59501000.000000,59501000.000000,14812000.000000,-6048000.000000,2.143000,2.725000,46628000.000000,10358000.000000,36270000.000000,46628000.000000,5562000.000000,1840000.000000,0.000000,0.000000,0.000000,-4763000.000000,-2923000.000000,-0.091000,-2923000.000000,-4763000.000000,-5998000.000000,-0.120000,-0.120000,-0.120000,26542000.000000,,26542000.000000,266920628.000000,-10.000000,-13.497000,-3438000.000000,-0.068000,1.000000,17475000.000000,0.541000,13967000.000000,1235000.000000,38561000.000000,,0.000000,0.000000,0.000000,0.000000,72328000.000000,33469000.000000,38859000.000000,-5832000.000000,0.000000,70000.000000,-2464000.000000,0.000000,-2394000.000000,-275000.000000,0.000000,-3163000.000000,0.000000,-6048000.000000,-6048000.000000,-6048000.000000,0.000000,0.000000,-0.187000,22357000.000000,-4882000.000000,2865000.000000,0.000000,10.542000,-8.829000,-9.082000,12376000.000000,0.000000,5.540000,2.310000,2.304000,9309000.000000,-150902000.000000,32287000.000000,32287000.000000,5473000.000000,,,,,1945000.000000,16884000.000000,1.000000,50504265.000000,50369000.000000,50369000.000000,0.641000,84903000.000000,0.000000,50000.000000,2985000.000000,1.686000
ARQ,2015-12-31,2016-03-03,2015-12-31,2015-Q4,22712000.000000,419683438.000000,2025-05-01,0.000000,99233000.000000,,71235000.000000,27998000.000000,,0.518000,-427000.000000,58484000.000000,58484000.000000,15635000.000000,-3518000.000000,1.468000,2.776000,46617000.000000,24684000.000000,21933000.000000,46617000.000000,6413000.000000,1863000.000000,0.000000,0.000000,0.000000,-2307000.000000,-444000.000000,-0.012000,-444000.000000,-2307000.000000,-3505000.000000,-0.070000,-0.070000,-0.070000,26280000.000000,,26280000.000000,407816438.000000,-19.000000,-29.850000,-493000.000000,-0.010000,1.000000,20398000.000000,0.566000,13839000.000000,1198000.000000,25004000.000000,,0.000000,0.000000,0.000000,0.000000,72953000.000000,48523000.000000,24430000.000000,-1017000.000000,0.000000,1536000.000000,-2060000.000000,0.000000,-524000.000000,-427000.000000,0.000000,-66000.000000,0.000000,-3518000.000000,-3518000.000000,-3518000.000000,0.000000,0.000000,-0.098000,22733000.000000,-2335000.000000,2569000.000000,0.000000,15.970000,-16.243000,-15.750000,13225000.000000,0.000000,8.190000,3.257000,3.187000,10567000.000000,-154420000.000000,36033000.000000,36033000.000000,5580000.000000,,,,,1720000.000000,17153000.000000,1.000000,51243399.000000,50771000.000000,50771000.000000,0.710000,85394000.000000,0.000000,13000.000000,3177000.000000,1.682000
ARQ,2016-03-31,2016-05-10,2016-03-31,2016-Q1,21127000.000000,513101972.000000,2025-05-01,0.000000,101664000.000000,,74194000.000000,27470000.000000,,0.501000,-252000.000000,57767000.000000,57767000.000000,16610000.000000,-4911000.000000,1.398000,2.947000,45198000.000000,25060000.000000,20138000.000000,45198000.000000,7832000.000000,2103000.000000,0.000000,0.000000,0.000000,-3684000.000000,-1581000.000000,-0.042000,-1581000.000000,-3684000.000000,-4883000.000000,-0.100000,-0.100000,-0.100000,25759000.000000,,25759000.000000,500532972.000000,-29.000000,-53.983000,-200000.000000,-0.004000,1.000000,21405000.000000,0.563000,13711000.000000,1199000.000000,22317000.000000,,0.000000,0.000000,0.000000,0.000000,75905000.000000,53067000.000000,22838000.000000,-717000.000000,0.000000,2397000.000000,-2914000.000000,0.000000,-517000.000000,-252000.000000,0.000000,52000.000000,0.000000,-4911000.000000,-4911000.000000,-4911000.000000,0.000000,0.000000,-0.129000,25044000.000000,-3639000.000000,3376000.000000,0.000000,19.919000,-23.487000,-22.500000,12795000.000000,0.000000,9.900000,3.756000,3.723000,12528000.000000,-159331000.000000,38015000.000000,38015000.000000,5802000.000000,,,,,1994000.000000,19242000.000000,1.000000,51828482.000000,51377000.000000,51377000.000000,0.740000,87953000.000000,0.000000,28000.000000,3069000.000000,1.712000
ARQ,2016-06-30,2016-08-04,2016-06-30,2016-Q2,20168000.000000,672692787.000000,2025-05-01,0.000000,99496000.000000,,71793000.000000,27703000.000000,,0.507000,-316000.000000,57638000.000000,57638000.000000,16764000.000000,-3468000.000000,1.391000,2.761000,43536000.000000,24347000.000000,19189000.000000,43536000.000000,7898000.000000,2060000.000000,0.000000,0.000000,0.000000,-2229000.000000,-169000.000000,-0.004000,-169000.000000,-2229000.000000,-3426000.000000,-0.070000,-0.070000,-0.070000,26453000.000000,,26453000.000000,658590787.000000,-51.000000,-128.706000,1889000.000000,0.036000,1.000000,22122000.000000,0.569000,13583000.000000,1197000.000000,20186000.000000,,0.000000,0.000000,0.000000,0.000000,73043000.000000,51625000.000000,21418000.000000,-129000.000000,0.000000,1747000.000000,-3705000.000000,0.000000,-1958000.000000,-376000.000000,0.000000,2205000.000000,0.000000,-3468000.000000,-3468000.000000,-3468000.000000,0.000000,0.000000,-0.089000,24318000.000000,-2196000.000000,3004000.000000,0.000000,25.430000,-37.486000,-35.556000,13188000.000000,0.000000,12.800000,4.632000,4.596000,10765000.000000,-162799000.000000,38886000.000000,38886000.000000,5799000.000000,,,,,2414000.000000,18519000.000000,1.000000,52554124.000000,52143000.000000,52143000.000000,0.746000,85913000.000000,0.000000,42000.000000,2865000.000000,1.648000
ARQ,2016-09-30,2016-11-01,2016-09-30,2016-Q3,37498000.000000,754270443.000000,2025-05-01,0.000000,102699000.000000,,74329000.000000,28370000.000000,,0.489000,-405000.000000,57333000.000000,57333000.000000,17790000.000000,-3890000.000000,2.018000,2.984000,44670000.000000,6704000.000000,37966000.000000,44670000.000000,8838000.000000,2139000.000000,0.000000,0.000000,0.000000,-2931000.000000,-792000.000000,-0.019000,-792000.000000,-2931000.000000,-3892000.000000,-0.070000,-0.070000,-0.070000,25779000.000000,,25779000.000000,741607443.000000,-67.000000,-248.362000,1342000.000000,0.025000,1.000000,23192000.000000,0.566000,13455000.000000,961000.000000,39750000.000000,,0.000000,0.000000,0.000000,0.000000,76920000.000000,36831000.000000,40089000.000000,-305000.000000,0.000000,698000.000000,-1977000.000000,0.000000,-1647000.000000,-405000.000000,0.000000,1747000.000000,0.000000,-3890000.000000,-3890000.000000,-3890000.000000,0.000000,0.000000,-0.095000,25109000.000000,-1917000.000000,3609000.000000,0.000000,29.259000,-47.778000,-45.935000,13690000.000000,0.000000,14.240000,4.901000,4.876000,12899000.000000,-166689000.000000,40982000.000000,40982000.000000,6041000.000000,,,,,2519000.000000,19068000.000000,1.000000,52968430.000000,52708000.000000,52708000.000000,0.778000,89244000.000000,0.000000,-2000.000000,2898000.000000,1.693000
ARQ,2016-12-31,2017-02-28,2016-12-31,2016-Q4,40933000.000000,849531331.000000,2025-05-01,0.000000,105239000.000000,,75011000.000000,30228000.000000,,0.571000,-158000.000000,58122000.000000,58122000.000000,15770000.000000,409000.000000,2.201000,2.470000,45799000.000000,6972000.000000,38827000.000000,45799000.000000,10047000.000000,2088000.000000,0.000000,0.000000,0.000000,1264000.000000,3352000.000000,0.076000,3352000.000000,1264000.000000,395000.000000,0.010000,0.010000,0.010000,30328000.000000,,30328000.000000,837208331.000000,-110.000000,1033.591000,2676000.000000,0.050000,1.000000,28437000.000000,0.643000,13337000.000000,869000.000000,45501000.000000,,0.000000,0.000000,0.000000,0.000000,74911000.000000,34078000.000000,40833000.000000,789000.000000,0.000000,1423000.000000,-2104000.000000,0.000000,-681000.000000,-1364000.000000,-1206000.000000,2834000.000000,0.000000,409000.000000,409000.000000,409000.000000,0.000000,0.000000,0.009000,27227000.000000,1210000.000000,3366000.000000,0.000000,28.011000,-71.630000,-69.174000,14688000.000000,0.000000,15.910000,5.241000,5.138000,13881000.000000,-166280000.000000,44207000.000000,44207000.000000,6236000.000000,,,,,2716000.000000,20991000.000000,1.000000,53396061.000000,53134000.000000,53134000.000000,0.832000,91902000.000000,0.000000,-14000.000000,2823000.000000,1.730000
ARQ,2017-03-31,2017-05-03,2017-03-31,2017-Q1,38872000.000000,980076240.000000,2025-05-01,0.000000,108348000.000000,,77022000.000000,31326000.000000,,0.540000,-514000.000000,56452000.000000,56452000.000000,19971000.000000,-5255000.000000,2.019000,2.738000,45876000.000000,6652000.000000,39224000.000000,45876000.000000,10920000.000000,2095000.000000,0.000000,0.000000,0.000000,-4324000.000000,-2229000.000000,-0.047000,-2229000.000000,-4324000.000000,-5206000.000000,-0.100000,-0.100000,-0.100000,28985000.000000,,28985000.000000,969500240.000000,-118.000000,5984.569000,-355000.000000,-0.007000,1.000000,27043000.000000,0.575000,13220000.000000,882000.000000,46402000.000000,,0.000000,0.000000,0.000000,0.000000,79363000.000000,38150000.000000,41213000.000000,-1670000.000000,0.000000,793000.000000,-2108000.000000,0.000000,-1315000.000000,-514000.000000,0.000000,159000.000000,0.000000,-5255000.000000,-5255000.000000,-5255000.000000,0.000000,0.000000,-0.112000,31485000.000000,-4442000.000000,3394000.000000,0.000000,33.813000,-80.308000,-78.261000,15830000.000000,0.000000,18.000000,5.728000,5.648000,15453000.000000,-171706000.000000,47014000.000000,47014000.000000,6847000.000000,,,,,3129000.000000,24638000.000000,1.000000,54448680.000000,53688000.000000,53688000.000000,0.876000,95128000.000000,0.000000,49000.000000,2537000.000000,1.772000
ARQ,2017-06-30,2017-08-03,2017-06-30,2017-Q2,42468000.000000,1178392031.000000,2025-05-01,0.000000,111463000.000000,,80504000.000000,30959000.000000,,0.588000,-664000.000000,57149000.000000,57149000.000000,20273000.000000,-4007000.000000,2.117000,2.466000,45796000.000000,6818000.000000,38978000.000000,45796000.000000,11903000.000000,2270000.000000,0.000000,0.000000,0.000000,-3069000.000000,-799000.000000,-0.017000,-799000.000000,-3069000.000000,-3957000.000000,-0.070000,-0.070000,-0.070000,32155000.000000,,32155000.000000,1167039031.000000,-129.000000,-2493.673000,-580000.000000,-0.011000,1.000000,27454000.000000,0.575000,13104000.000000,888000.000000,48970000.000000,,0.000000,0.000000,0.000000,0.000000,79308000.000000,38036000.000000,41272000.000000,697000.000000,0.000000,3310000.000000,-2033000.000000,0.000000,1277000.000000,-664000.000000,0.000000,84000.000000,0.000000,-4007000.000000,-4007000.000000,-4007000.000000,0.000000,0.000000,-0.084000,30613000.000000,-3159000.000000,4586000.000000,0.000000,36.647000,-92.474000,-92.957000,15656000.000000,0.000000,21.380000,6.549000,6.502000,16281000.000000,-175713000.000000,47727000.000000,47727000.000000,6836000.000000,,,,,3854000.000000,23777000.000000,1.000000,55116559.000000,54723000.000000,54723000.000000,0.872000,98359000.000000,0.000000,50000.000000,2475000.000000,1.797000
ARQ,2017-09-30,2017-11-08,2017-09-30,2017-Q3,46088000.000000,1417430206.000000,2025-05-01,0.000000,118715000.000000,,85404000.000000,33311000.000000,,0.683000,-631000.000000,63364000.000000,63364000.000000,20497000.000000,924000.000000,2.172000,2.143000,46004000.000000,6543000.000000,39461000.000000,46004000.000000,13699000.000000,1881000.000000,0.000000,0.000000,0.000000,1832000.000000,3713000.000000,0.074000,3713000.000000,1832000.000000,967000.000000,0.020000,0.020000,0.020000,37772000.000000,,37772000.000000,1400070206.000000,-326.000000,346.810000,7352000.000000,0.133000,1.000000,29584000.000000,0.591000,12988000.000000,865000.000000,49051000.000000,,0.000000,0.000000,0.000000,0.000000,80943000.000000,39316000.000000,41627000.000000,6215000.000000,0.000000,977000.000000,-2114000.000000,0.000000,-1137000.000000,-631000.000000,0.000000,7983000.000000,0.000000,924000.000000,924000.000000,924000.000000,0.000000,0.000000,0.018000,27870000.000000,1714000.000000,4787000.000000,0.000000,37.526000,-178.765000,-181.929000,17958000.000000,0.000000,25.470000,7.498000,7.453000,17231000.000000,-174789000.000000,50081000.000000,50081000.000000,6689000.000000,,,,,3720000.000000,21181000.000000,1.000000,55650970.000000,55310000.000000,59441000.000000,0.905000,105727000.000000,0.000000,43000.000000,2381000.000000,1.912000
ARQ,2017-12-31,2018-03-01,2017-12-31,2017-Q4,53317000.000000,1721331253.000000,2025-05-01,0.000000,128196000.000000,,92835000.000000,35361000.000000,,0.836000,-841000.000000,68947000.000000,68947000.000000,22363000.000000,-631000.000000,2.349000,1.737000,46742000.000000,6987000.000000,39755000.000000,46742000.000000,13975000.000000,2068000.000000,0.000000,0.000000,0.000000,331000.000000,2399000.000000,0.043000,2399000.000000,331000.000000,-505000.000000,-0.010000,-0.010000,-0.010000,46838000.000000,,46838000.000000,1699126253.000000,-325.000000,550.949000,2039000.000000,0.036000,1.000000,33040000.000000,0.596000,12871000.000000,836000.000000,53602000.000000,,0.000000,0.000000,0.000000,0.000000,81358000.000000,39518000.000000,41840000.000000,5583000.000000,0.000000,5056000.000000,-1512000.000000,0.000000,3544000.000000,-841000.000000,0.000000,2880000.000000,0.000000,-631000.000000,-631000.000000,-631000.000000,0.000000,0.000000,-0.011000,32873000.000000,167000.000000,4292000.000000,0.000000,36.751000,-191.920000,-189.625000,19888000.000000,0.000000,30.340000,8.597000,8.326000,19048000.000000,-175421000.000000,55403000.000000,55403000.000000,6748000.000000,,,,,4640000.000000,26125000.000000,1.000000,56734715.000000,56047000.000000,56047000.000000,0.989000,115325000.000000,0.000000,126000.000000,2370000.000000,2.058000
ARQ,2018-03-31,2018-05-01,2018-03-31,2018-Q1,71190000.000000,1733978004.000000,2025-05-01,0.000000,165911000.000000,,113922000.000000,51989000.000000,,1.426000,-433000.000000,80676000.000000,80676000.000000,24702000.000000,-607000.000000,2.666000,1.062000,47238000.000000,6990000.000000,40248000.000000,47238000.000000,13700000.000000,2320000.000000,0.000000,0.000000,0.000000,248000.000000,2568000.000000,0.044000,2568000.000000,248000.000000,-562000.000000,-0.010000,-0.010000,-0.010000,80452000.000000,,80452000.000000,1700540004.000000,-2584.000000,215.777000,7564000.000000,0.134000,1.000000,34203000.000000,0.581000,12755000.000000,810000.000000,76986000.000000,,0.000000,0.000000,0.000000,0.000000,85459000.000000,42732000.000000,42727000.000000,11729000.000000,0.000000,4751000.000000,-2509000.000000,0.000000,2242000.000000,1490000.000000,1923000.000000,7997000.000000,0.000000,-607000.000000,-607000.000000,-607000.000000,0.000000,0.000000,-0.010000,34353000.000000,-150000.000000,5482000.000000,0.000000,21.553000,-401.291000,-429.429000,20876000.000000,0.000000,30.060000,8.175000,7.993000,18534000.000000,-151883000.000000,58905000.000000,58905000.000000,7772000.000000,,,,,5325000.000000,26581000.000000,1.000000,57683899.000000,56399000.000000,56399000.000000,1.044000,153156000.000000,0.000000,45000.000000,2076000.000000,2.716000
ARQ,2018-06-30,2018-08-06,2018-06-30,2018-Q2,266277000.000000,2042999176.000000,2025-05-01,0.000000,365066000.000000,,310989000.000000,54077000.000000,,2.064000,-659000.000000,166162000.000000,166162000.000000,24814000.000000,-2042000.000000,6.955000,2.055000,205957000.000000,7473000.000000,198484000.000000,205957000.000000,14750000.000000,2449000.000000,0.000000,0.000000,0.000000,400000.000000,2849000.000000,0.047000,2849000.000000,400000.000000,-1978000.000000,-0.040000,-0.040000,-0.040000,119506000.000000,,119506000.000000,2082794176.000000,741.000000,180.657000,5052000.000000,0.087000,1.000000,36306000.000000,0.594000,12639000.000000,2378000.000000,347510000.000000,,0.000000,108140000.000000,108140000.000000,0.000000,245560000.000000,44712000.000000,200848000.000000,85486000.000000,0.000000,3954000.000000,215998000.000000,0.000000,188540000.000000,-108765000.000000,-108106000.000000,5711000.000000,0.000000,-2042000.000000,-2042000.000000,-2042000.000000,0.000000,0.000000,-0.033000,36112000.000000,194000.000000,6035000.000000,0.000000,17.095000,-867.147000,-876.000000,22019000.000000,0.000000,35.040000,9.060000,8.997000,20167000.000000,-153925000.000000,61120000.000000,61120000.000000,8367000.000000,,,,,6797000.000000,27745000.000000,1.000000,58304771.000000,57903000.000000,57903000.000000,1.056000,352427000.000000,0.000000,64000.000000,2129000.000000,6.087000
ARQ,2018-09-30,2018-11-06,2018-09-30,2018-Q3,274050000.000000,2255079952.000000,2025-05-01,0.000000,376116000.000000,,320124000.000000,55992000.000000,,2.188000,-3411000.000000,79619000.000000,79619000.000000,26179000.000000,-1305000.000000,6.948000,1.941000,206823000.000000,6909000.000000,199914000.000000,206823000.000000,17490000.000000,2667000.000000,0.000000,0.000000,0.000000,2331000.000000,4998000.000000,0.077000,4998000.000000,2331000.000000,-1264000.000000,-0.020000,-0.020000,-0.020000,127884000.000000,,127884000.000000,2382283952.000000,720.000000,185.913000,6033000.000000,0.103000,1.000000,39125000.000000,0.599000,12522000.000000,3595000.000000,444724000.000000,,0.000000,200007000.000000,200007000.000000,0.000000,248232000.000000,46074000.000000,202158000.000000,-86543000.000000,0.000000,1290000.000000,-2066000.000000,0.000000,-776000.000000,-95211000.000000,-91800000.000000,9444000.000000,0.000000,-1305000.000000,-1305000.000000,-1305000.000000,0.000000,0.000000,-0.020000,38146000.000000,979000.000000,4528000.000000,0.000000,17.634000,-491.839000,-479.625000,22909000.000000,0.000000,38.370000,9.368000,9.317000,23903000.000000,-155230000.000000,65304000.000000,65304000.000000,9582000.000000,,,,,8869000.000000,28564000.000000,1.000000,58771956.000000,58454000.000000,58454000.000000,1.117000,363594000.000000,0.000000,41000.000000,2206000.000000,6.220000
ARQ,2018-12-31,2019-02-25,2018-12-31,2018-Q4,286008000.000000,3161742641.000000,2025-05-01,-93000.000000,394666000.000000,,334002000.000000,60664000.000000,,2.422000,-4758000.000000,81912000.000000,81912000.000000,28339000.000000,3733000.000000,6.959000,1.765000,207919000.000000,6647000.000000,201272000.000000,207919000.000000,17391000.000000,2838000.000000,0.000000,0.000000,0.000000,7345000.000000,10183000.000000,0.141000,10183000.000000,7345000.000000,3883000.000000,0.070000,0.070000,0.070000,142748000.000000,,142748000.000000,3287749641.000000,318.000000,159.615000,10712000.000000,0.182000,1.000000,43996000.000000,0.608000,12429000.000000,3462000.000000,460250000.000000,,0.000000,209907000.000000,209907000.000000,0.000000,251918000.000000,47994000.000000,203924000.000000,2293000.000000,0.000000,3514000.000000,-2168000.000000,0.000000,1086000.000000,-14263000.000000,-9505000.000000,15470000.000000,0.000000,3733000.000000,3733000.000000,3733000.000000,0.000000,0.000000,0.052000,38010000.000000,5986000.000000,7010000.000000,0.000000,22.149000,-14306.528000,,25885000.000000,0.000000,53.360000,12.271000,12.027000,24797000.000000,-151497000.000000,72335000.000000,72335000.000000,8451000.000000,,,,,7493000.000000,29559000.000000,1.000000,59253048.000000,58934000.000000,58934000.000000,1.227000,382237000.000000,0.000000,150000.000000,2582000.000000,6.486000
ARQ,2019-03-31,2019-05-01,2019-03-31,2019-Q1,288263000.000000,3161082744.000000,2025-05-01,81000.000000,415366000.000000,,344596000.000000,70770000.000000,,2.538000,-3985000.000000,93492000.000000,93492000.000000,30851000.000000,-1924000.000000,6.117000,1.757000,216700000.000000,10530000.000000,206170000.000000,216700000.000000,17853000.000000,4202000.000000,0.000000,0.000000,0.000000,1423000.000000,5625000.000000,0.075000,5625000.000000,1423000.000000,-1973000.000000,-0.030000,-0.030000,-0.030000,150666000.000000,,150666000.000000,3284290744.000000,286.000000,138.841000,7205000.000000,0.121000,1.000000,43687000.000000,0.586000,12341000.000000,3396000.000000,469900000.000000,,0.000000,205450000.000000,205450000.000000,0.000000,264700000.000000,56333000.000000,208367000.000000,11580000.000000,0.000000,982000.000000,-1894000.000000,0.000000,-912000.000000,1302000.000000,5287000.000000,11190000.000000,0.000000,-1924000.000000,-1924000.000000,-1924000.000000,0.000000,0.000000,-0.026000,44009000.000000,-322000.000000,7233000.000000,0.000000,20.981000,-2055.320000,-2648.500000,34231000.000000,0.000000,52.970000,11.566000,11.506000,25840000.000000,-153421000.000000,74538000.000000,74538000.000000,10546000.000000,,,,,8686000.000000,33463000.000000,1.000000,59676850.000000,59367000.000000,59367000.000000,1.256000,403025000.000000,0.000000,-49000.000000,2243000.000000,6.789000
ARQ,2019-06-30,2019-07-31,2019-06-30,2019-Q2,302649000.000000,2994256978.000000,2025-05-01,146000.000000,435767000.000000,,358619000.000000,77148000.000000,,2.773000,-4241000.000000,110469000.000000,110469000.000000,31248000.000000,-1860000.000000,6.407000,1.616000,221837000.000000,10677000.000000,211160000.000000,221837000.000000,19991000.000000,4498000.000000,0.000000,0.000000,0.000000,1575000.000000,6073000.000000,0.078000,6073000.000000,1575000.000000,-1831000.000000,-0.030000,-0.030000,-0.030000,166570000.000000,,166570000.000000,3105624978.000000,245.000000,115.541000,2547000.000000,0.042000,1.000000,46188000.000000,0.596000,12253000.000000,3406000.000000,478912000.000000,,0.000000,197007000.000000,197007000.000000,0.000000,269197000.000000,55970000.000000,213227000.000000,16977000.000000,0.000000,7262000.000000,-1808000.000000,0.000000,5454000.000000,4735000.000000,8976000.000000,6788000.000000,0.000000,-1860000.000000,-1860000.000000,-1860000.000000,0.000000,0.000000,-0.024000,46103000.000000,85000.000000,7534000.000000,0.000000,17.976000,-2208.154000,-4937.000000,38474000.000000,0.000000,49.370000,10.339000,10.238000,28153000.000000,-155281000.000000,77436000.000000,77436000.000000,10811000.000000,,,,,10436000.000000,35292000.000000,1.000000,60649321.000000,60058000.000000,60058000.000000,1.289000,423514000.000000,0.000000,29000.000000,2102000.000000,7.052000
ARQ,2019-09-30,2019-11-05,2019-09-30,2019-Q3,313813000.000000,3385585301.000000,2025-05-01,227000.000000,454024000.000000,,375452000.000000,78572000.000000,,2.928000,-4550000.000000,120573000.000000,120573000.000000,34472000.000000,-1604000.000000,6.091000,1.551000,221814000.000000,9467000.000000,212347000.000000,221814000.000000,21858000.000000,4770000.000000,0.000000,0.000000,0.000000,1932000.000000,6702000.000000,0.080000,6702000.000000,1932000.000000,-1554000.000000,-0.030000,-0.030000,-0.030000,177971000.000000,,177971000.000000,3486826301.000000,284.000000,121.990000,13127000.000000,0.216000,1.000000,49297000.000000,0.588000,12165000.000000,3486000.000000,481461000.000000,,0.000000,200385000.000000,200385000.000000,0.000000,276053000.000000,61639000.000000,214414000.000000,10104000.000000,0.000000,1849000.000000,-1706000.000000,0.000000,143000.000000,-7716000.000000,-3166000.000000,17677000.000000,0.000000,-1604000.000000,-1604000.000000,-1604000.000000,0.000000,0.000000,-0.019000,48825000.000000,472000.000000,6757000.000000,0.000000,19.023000,-2045.671000,-2771.500000,37332000.000000,0.000000,55.430000,10.989000,10.936000,31407000.000000,-156885000.000000,83769000.000000,83769000.000000,11665000.000000,,,,,11075000.000000,37160000.000000,1.000000,61078573.000000,60781000.000000,60781000.000000,1.378000,441859000.000000,0.000000,50000.000000,2268000.000000,7.270000
ARQ,2019-12-31,2020-02-27,2019-12-31,2019-Q4,315282000.000000,4418615838.000000,2025-05-01,576000.000000,482380000.000000,,381274000.000000,101106000.000000,,3.207000,-6452000.000000,77976000.000000,77976000.000000,37940000.000000,836000.000000,5.778000,1.455000,223324000.000000,8582000.000000,214742000.000000,223324000.000000,24681000.000000,5639000.000000,0.000000,0.000000,0.000000,4416000.000000,10055000.000000,0.109000,10055000.000000,4416000.000000,910000.000000,0.010000,0.010000,0.010000,196458000.000000,,196458000.000000,4563963838.000000,488.000000,160.392000,9114000.000000,0.149000,1.000000,54323000.000000,0.589000,27331000.000000,3506000.000000,534405000.000000,,0.000000,241973000.000000,241973000.000000,0.000000,285922000.000000,65992000.000000,219930000.000000,-42597000.000000,-13890000.000000,5435000.000000,-1646000.000000,0.000000,3789000.000000,-61952000.000000,-41610000.000000,15566000.000000,0.000000,836000.000000,836000.000000,836000.000000,0.000000,0.000000,0.009000,51291000.000000,3032000.000000,10156000.000000,0.000000,22.491000,-970.698000,-896.875000,41936000.000000,0.000000,71.750000,13.471000,13.206000,37655000.000000,-156049000.000000,92263000.000000,92263000.000000,12168000.000000,,,,,11868000.000000,39123000.000000,1.000000,61583496.000000,61262000.000000,61262000.000000,1.506000,455049000.000000,0.000000,74000.000000,2723000.000000,7.428000
ARQ,2020-03-31,2020-05-04,2020-03-31,2020-Q1,322868000.000000,5947330932.000000,2025-05-01,1630000.000000,503659000.000000,,393981000.000000,109678000.000000,,3.346000,-6045000.000000,155863000.000000,155863000.000000,40037000.000000,-7437000.000000,5.540000,1.439000,227547000.000000,8899000.000000,218648000.000000,227547000.000000,25632000.000000,6364000.000000,0.000000,0.000000,0.000000,-3884000.000000,2480000.000000,0.026000,2480000.000000,-3884000.000000,-7368000.000000,-0.120000,-0.120000,-0.120000,206466000.000000,,206466000.000000,6019014932.000000,1490.000000,237.812000,4349000.000000,0.070000,1.000000,55051000.000000,0.579000,26341000.000000,3484000.000000,477889000.000000,,0.000000,170433000.000000,170433000.000000,0.000000,297193000.000000,71113000.000000,226080000.000000,77887000.000000,-100000.000000,2596000.000000,-1229000.000000,0.000000,1367000.000000,66126000.000000,72271000.000000,10394000.000000,0.000000,-7437000.000000,-7437000.000000,-7437000.000000,0.000000,0.000000,-0.078000,60007000.000000,-4956000.000000,8367000.000000,0.000000,28.805000,-590.892000,-564.000000,45974000.000000,0.000000,95.880000,17.063000,16.974000,39972000.000000,-163486000.000000,95088000.000000,95088000.000000,15189000.000000,,,,,13794000.000000,44818000.000000,1.000000,62028900.000000,61705000.000000,61705000.000000,1.541000,477318000.000000,0.000000,69000.000000,2566000.000000,7.735000
ARQ,2020-06-30,2020-08-03,2020-06-30,2020-Q2,675548000.000000,8436820893.000000,2025-05-01,1004000.000000,993303000.000000,,759230000.000000,234073000.000000,,4.020000,-8846000.000000,233235000.000000,233235000.000000,42453000.000000,-16052000.000000,9.073000,2.904000,654831000.000000,7279000.000000,647552000.000000,654831000.000000,26306000.000000,7635000.000000,0.000000,0.000000,0.000000,-13194000.000000,-5559000.000000,-0.056000,-5559000.000000,-13194000.000000,-18928000.000000,-0.250000,-0.250000,-0.250000,254408000.000000,,254408000.000000,8858416893.000000,-826.000000,647.640000,5919000.000000,0.094000,1.000000,57339000.000000,0.575000,60049000.000000,5734000.000000,1271168000.000000,,0.000000,534772000.000000,452708000.000000,82064000.000000,738895000.000000,83682000.000000,655213000.000000,77372000.000000,-28313000.000000,9150000.000000,455936000.000000,0.000000,465086000.000000,-402479000.000000,-365320000.000000,14765000.000000,0.000000,-16052000.000000,-16052000.000000,-16052000.000000,0.000000,0.000000,-0.161000,65568000.000000,-8229000.000000,12045000.000000,0.000000,33.163000,-347.810000,-331.103000,49805000.000000,0.000000,129.130000,22.746000,22.031000,39607000.000000,-179538000.000000,99792000.000000,99792000.000000,17208000.000000,,,,,16791000.000000,48360000.000000,1.000000,65335870.000000,63282000.000000,63282000.000000,1.577000,933254000.000000,0.000000,-2876000.000000,2412000.000000,14.748000
ARQ,2020-09-30,2020-10-29,2020-09-30,2020-Q3,765323000.000000,9442622053.000000,2025-05-01,761000.000000,1013287000.000000,,857290000.000000,155997000.000000,,4.008000,-5521000.000000,301767000.000000,301767000.000000,46561000.000000,-11431000.000000,9.322000,2.862000,656877000.000000,5606000.000000,651271000.000000,656877000.000000,28527000.000000,7978000.000000,0.000000,0.000000,0.000000,-1436000.000000,6542000.000000,0.058000,6542000.000000,-1436000.000000,-11085000.000000,-0.170000,-0.170000,-0.170000,262389000.000000,,262389000.000000,9797732053.000000,-695.000000,724.792000,17310000.000000,0.264000,1.000000,65582000.000000,0.585000,58311000.000000,9649000.000000,1218119000.000000,,0.000000,479141000.000000,479141000.000000,0.000000,750898000.000000,91967000.000000,658931000.000000,68532000.000000,0.000000,2848000.000000,-5836000.000000,0.000000,-2988000.000000,48689000.000000,54210000.000000,22831000.000000,0.000000,-11431000.000000,-11431000.000000,-11431000.000000,0.000000,0.000000,-0.102000,67367000.000000,-1785000.000000,12829000.000000,0.000000,35.987000,-277.040000,-270.019000,50345000.000000,0.000000,143.110000,23.649000,23.462000,42542000.000000,-190969000.000000,112143000.000000,112143000.000000,17674000.000000,,,,,17286000.000000,49693000.000000,1.000000,65981567.000000,65460000.000000,65460000.000000,1.713000,954976000.000000,0.000000,346000.000000,2480000.000000,14.589000
ARQ,2020-12-31,2021-03-01,2020-12-31,2020-Q4,585557000.000000,13184653512.000000,2025-05-01,335000.000000,1063742000.000000,,689118000.000000,374624000.000000,,4.220000,-10010000.000000,220372000.000000,220372000.000000,51233000.000000,-7210000.000000,6.654000,2.810000,653219000.000000,4524000.000000,648695000.000000,653219000.000000,31983000.000000,8797000.000000,0.000000,0.000000,0.000000,2279000.000000,11076000.000000,0.087000,11076000.000000,2279000.000000,-7202000.000000,-0.110000,-0.110000,-0.110000,279164000.000000,,279164000.000000,13617500512.000000,-839.000000,936.619000,9302000.000000,0.141000,1.000000,76652000.000000,0.599000,217104000.000000,9481000.000000,1175924000.000000,,0.000000,425298000.000000,383171000.000000,42127000.000000,784578000.000000,103561000.000000,681017000.000000,-81395000.000000,-137025000.000000,8531000.000000,75876000.000000,0.000000,-6041000.000000,-94666000.000000,52369000.000000,19312000.000000,0.000000,-7210000.000000,-7210000.000000,-7210000.000000,0.000000,0.000000,-0.056000,73987000.000000,2665000.000000,17145000.000000,0.000000,47.229000,-312.952000,-299.682000,60223000.000000,0.000000,197.790000,30.316000,29.176000,48731000.000000,-198179000.000000,127885000.000000,127885000.000000,18676000.000000,,,,,16876000.000000,55311000.000000,1.000000,66659859.000000,66146000.000000,66146000.000000,1.933000,846638000.000000,0.000000,8000.000000,2571000.000000,12.800000
ARQ,2021-03-31,2021-04-29,2021-03-31,2021-Q1,624701000.000000,11682918931.000000,2025-05-01,379000.000000,1118749000.000000,,738378000.000000,380371000.000000,,2.161000,-8229000.000000,176326000.000000,176326000.000000,59803000.000000,-12332000.000000,6.495000,6.758000,833010000.000000,5634000.000000,827376000.000000,833010000.000000,32835000.000000,11152000.000000,0.000000,0.000000,0.000000,-10911000.000000,241000.000000,0.002000,241000.000000,-10911000.000000,-12849000.000000,-0.180000,-0.180000,-0.180000,144206000.000000,,144206000.000000,12339602931.000000,-530.000000,1003.220000,5536000.000000,0.083000,1.000000,78079000.000000,0.566000,214157000.000000,1938000.000000,1447599000.000000,,0.000000,467143000.000000,467143000.000000,0.000000,974543000.000000,113677000.000000,860866000.000000,-44046000.000000,0.000000,2215000.000000,-8296000.000000,0.000000,-6081000.000000,-51730000.000000,-43501000.000000,13765000.000000,0.000000,-12332000.000000,-12332000.000000,-12332000.000000,0.000000,0.000000,-0.089000,89165000.000000,-11086000.000000,16056000.000000,0.000000,81.015000,-248.441000,-245.437000,103256000.000000,0.000000,174.260000,24.456000,24.339000,51987000.000000,-187768000.000000,137882000.000000,137882000.000000,22121000.000000,,,,,20908000.000000,67044000.000000,1.000000,67043033.000000,66721000.000000,66721000.000000,2.067000,904592000.000000,0.000000,-517000.000000,2030000.000000,13.558000
ARQ,2021-06-30,2021-07-27,2021-06-30,2021-Q2,529484000.000000,13245442588.000000,2025-05-01,299000.000000,1135716000.000000,,668897000.000000,466819000.000000,,2.418000,-11248000.000000,175199000.000000,175199000.000000,64395000.000000,-16530000.000000,4.798000,5.980000,827411000.000000,7794000.000000,819617000.000000,827411000.000000,33237000.000000,11735000.000000,0.000000,0.000000,0.000000,-14547000.000000,-2812000.000000,-0.020000,-2812000.000000,-14547000.000000,-16665000.000000,-0.250000,-0.250000,-0.250000,162706000.000000,,162706000.000000,13897654588.000000,-565.000000,923.616000,144000.000000,0.002000,1.000000,79387000.000000,0.552000,211210000.000000,2118000.000000,1437305000.000000,,0.000000,463744000.000000,390986000.000000,72758000.000000,973010000.000000,139413000.000000,833597000.000000,-1127000.000000,0.000000,10352000.000000,-9901000.000000,0.000000,-2749000.000000,-9770000.000000,1478000.000000,11392000.000000,0.000000,-16530000.000000,-16530000.000000,-16530000.000000,0.000000,0.000000,-0.115000,93581000.000000,-14194000.000000,17632000.000000,0.000000,81.407000,-278.834000,-275.563000,110073000.000000,0.000000,195.650000,25.389000,25.236000,53811000.000000,-204298000.000000,143782000.000000,143782000.000000,24648000.000000,,,,,24901000.000000,68933000.000000,1.000000,67699681.000000,67292000.000000,67292000.000000,2.137000,924506000.000000,0.000000,-135000.000000,2455000.000000,13.739000
ARQ,2021-09-30,2021-11-08,2021-09-30,2021-Q3,388083000.000000,9884110423.000000,2025-05-01,225000.000000,1150906000.000000,,535135000.000000,615771000.000000,,2.523000,-9001000.000000,82465000.000000,82465000.000000,67137000.000000,-20537000.000000,3.639000,5.728000,827346000.000000,8849000.000000,818497000.000000,827346000.000000,36887000.000000,11752000.000000,0.000000,0.000000,0.000000,-18778000.000000,-7026000.000000,-0.046000,-7026000.000000,-18778000.000000,-20725000.000000,-0.300000,-0.300000,-0.300000,171070000.000000,,171070000.000000,10628991423.000000,-253.000000,7186.607000,-13809000.000000,-0.204000,1.000000,87191000.000000,0.565000,208263000.000000,1947000.000000,1540472000.000000,,0.000000,541292000.000000,332824000.000000,208468000.000000,979836000.000000,147052000.000000,832784000.000000,-92734000.000000,0.000000,1590000.000000,-1285000.000000,0.000000,305000.000000,-88231000.000000,-79230000.000000,-4808000.000000,0.000000,-20537000.000000,-20537000.000000,-20537000.000000,0.000000,0.000000,-0.133000,106182000.000000,-18991000.000000,21330000.000000,0.000000,57.778000,-174.603000,-172.917000,117222000.000000,0.000000,145.250000,17.529000,17.465000,60383000.000000,-224835000.000000,154328000.000000,154328000.000000,29680000.000000,,,,,27395000.000000,76502000.000000,1.000000,68048953.000000,67800000.000000,67800000.000000,2.276000,942643000.000000,0.000000,-188000.000000,2711000.000000,13.903000
ARQ,2021-12-31,2022-02-28,2021-12-31,2021-Q4,459651000.000000,7606458420.000000,2025-05-01,-287000.000000,1192942000.000000,,617226000.000000,575716000.000000,,3.095000,-13738000.000000,90878000.000000,90878000.000000,79764000.000000,-3601000.000000,3.917000,4.650000,825513000.000000,9826000.000000,815687000.000000,825513000.000000,43720000.000000,12791000.000000,0.000000,0.000000,0.000000,-12022000.000000,769000.000000,0.004000,769000.000000,-12022000.000000,-14046000.000000,-0.060000,-0.060000,-0.060000,211132000.000000,,211132000.000000,8341093420.000000,-148.000000,-944.845000,-5602000.000000,-0.082000,1.000000,93835000.000000,0.541000,205317000.000000,2024000.000000,1564685000.000000,,0.000000,526357000.000000,378980000.000000,147377000.000000,981810000.000000,157575000.000000,824235000.000000,8413000.000000,0.000000,8642000.000000,-5818000.000000,0.000000,1024000.000000,-747000.000000,12991000.000000,8136000.000000,0.000000,-3601000.000000,-3601000.000000,-3601000.000000,0.000000,0.000000,-0.021000,105814000.000000,-11979000.000000,20510000.000000,0.000000,36.027000,-143.518000,-139.241000,126488000.000000,0.000000,110.000000,12.478000,12.182000,83731000.000000,-228436000.000000,173599000.000000,173599000.000000,30448000.000000,,,,,35601000.000000,75366000.000000,1.000000,69149622.000000,68214000.000000,68214000.000000,2.545000,987625000.000000,0.000000,-10445000.000000,3537000.000000,14.478000
ARQ,2022-03-31,2022-04-28,2022-03-31,2022-Q1,440806000.000000,7167197072.000000,2025-05-01,-3370000.000000,1188395000.000000,,624594000.000000,563801000.000000,,3.108000,-12967000.000000,100151000.000000,100151000.000000,88867000.000000,-34120000.000000,3.398000,4.544000,792818000.000000,10135000.000000,782683000.000000,792818000.000000,46564000.000000,13198000.000000,0.000000,0.000000,0.000000,-29994000.000000,-16796000.000000,-0.092000,-16796000.000000,-29994000.000000,-31864000.000000,-0.490000,-0.490000,-0.490000,214359000.000000,,214359000.000000,7859864072.000000,-104.000000,-303.880000,15757000.000000,0.228000,1.000000,93910000.000000,0.514000,202370000.000000,1870000.000000,1494904000.000000,,0.000000,496226000.000000,377519000.000000,118707000.000000,974036000.000000,183788000.000000,790248000.000000,9273000.000000,0.000000,1277000.000000,-31905000.000000,0.000000,-30628000.000000,11177000.000000,24144000.000000,28724000.000000,0.000000,-34120000.000000,-34120000.000000,-34120000.000000,0.000000,0.000000,-0.187000,124749000.000000,-30839000.000000,31981000.000000,0.000000,33.435000,-95.834000,-93.673000,138012000.000000,0.000000,103.040000,10.951000,10.859000,77912000.000000,-262556000.000000,182777000.000000,182777000.000000,35824000.000000,,,,,39394000.000000,88925000.000000,1.000000,69557425.000000,68974000.000000,68974000.000000,2.650000,986025000.000000,0.000000,2256000.000000,2930000.000000,14.296000
ARQ,2022-06-30,2022-07-28,2022-06-30,2022-Q2,513383000.000000,6896732156.000000,2025-05-01,-4534000.000000,1177223000.000000,,660037000.000000,517186000.000000,,3.511000,-22899000.000000,101315000.000000,101315000.000000,88229000.000000,-23670000.000000,4.501000,3.807000,788694000.000000,10023000.000000,778671000.000000,788694000.000000,51553000.000000,14179000.000000,0.000000,0.000000,0.000000,-21481000.000000,-7302000.000000,-0.039000,-7302000.000000,-21481000.000000,-23338000.000000,-0.340000,-0.340000,-0.340000,244902000.000000,,244902000.000000,7584111156.000000,-92.000000,-249.847000,-26002000.000000,-0.373000,1.000000,101153000.000000,0.534000,199435000.000000,1857000.000000,1518513000.000000,,0.000000,457491000.000000,397067000.000000,60424000.000000,932321000.000000,146654000.000000,785667000.000000,1164000.000000,0.000000,10066000.000000,-2129000.000000,0.000000,-10163000.000000,14430000.000000,37329000.000000,-3103000.000000,0.000000,-23670000.000000,-23670000.000000,-23670000.000000,0.000000,0.000000,-0.125000,122914000.000000,-21761000.000000,25931000.000000,0.000000,28.161000,-84.180000,-82.672000,143587000.000000,0.000000,98.380000,9.851000,9.801000,82885000.000000,-286226000.000000,189382000.000000,189382000.000000,34992000.000000,,,,,44785000.000000,87922000.000000,1.000000,70102990.000000,69748000.000000,69748000.000000,2.715000,977788000.000000,0.000000,332000.000000,3141000.000000,14.019000
ARQ,2022-09-30,2022-11-07,2022-09-30,2022-Q3,590106000.000000,3313753518.000000,2025-05-01,-4101000.000000,1206812000.000000,,741516000.000000,465296000.000000,,3.836000,-12582000.000000,129492000.000000,129492000.000000,94111000.000000,-23207000.000000,4.897000,3.479000,790293000.000000,10377000.000000,779916000.000000,790293000.000000,53834000.000000,13764000.000000,0.000000,0.000000,0.000000,-20749000.000000,-6985000.000000,-0.035000,-6985000.000000,-20749000.000000,-22628000.000000,-0.330000,-0.330000,-0.330000,269445000.000000,,269445000.000000,3974554518.000000,-47.000000,-131.113000,17922000.000000,0.255000,1.000000,104231000.000000,0.526000,196501000.000000,1879000.000000,1519702000.000000,,0.000000,449573000.000000,447612000.000000,1961000.000000,937367000.000000,151410000.000000,785957000.000000,28130000.000000,0.000000,2353000.000000,-23000.000000,0.000000,2330000.000000,-4704000.000000,8160000.000000,30504000.000000,0.000000,-23207000.000000,-23207000.000000,-23207000.000000,0.000000,0.000000,-0.117000,125962000.000000,-21731000.000000,21153000.000000,0.000000,12.298000,-39.171000,-38.525000,146910000.000000,0.000000,47.000000,4.453000,4.436000,88225000.000000,-309433000.000000,198342000.000000,198342000.000000,34113000.000000,,,,,44503000.000000,91849000.000000,1.000000,70505394.000000,70232000.000000,70232000.000000,2.824000,1010311000.000000,0.000000,579000.000000,3379000.000000,14.385000
ARQ,2022-12-31,2023-02-24,2022-12-31,2022-Q4,627934000.000000,5065975408.000000,2025-05-01,-2688000.000000,1244485000.000000,,778710000.000000,465775000.000000,,4.383000,-7723000.000000,180520000.000000,180520000.000000,96294000.000000,-13653000.000000,5.165000,3.015000,790560000.000000,10795000.000000,779765000.000000,790560000.000000,57816000.000000,13907000.000000,0.000000,0.000000,0.000000,-10545000.000000,3362000.000000,0.016000,3362000.000000,-10545000.000000,-12432000.000000,-0.190000,-0.190000,-0.190000,309965000.000000,,309965000.000000,5676015408.000000,-69.000000,-204.755000,25017000.000000,0.354000,1.000000,112051000.000000,0.538000,193612000.000000,1887000.000000,1510137000.000000,,0.000000,434628000.000000,433743000.000000,885000.000000,934520000.000000,150776000.000000,783744000.000000,51029000.000000,0.000000,8239000.000000,-10000.000000,0.000000,8229000.000000,10060000.000000,17767000.000000,32740000.000000,0.000000,-13653000.000000,-13653000.000000,-13653000.000000,0.000000,0.000000,-0.066000,125302000.000000,-13251000.000000,23629000.000000,0.000000,16.344000,-53.523000,-52.741000,145341000.000000,0.000000,71.200000,6.504000,6.392000,87494000.000000,-323086000.000000,208345000.000000,208345000.000000,36865000.000000,,,,,43825000.000000,88437000.000000,1.000000,71151340.000000,70712000.000000,70712000.000000,2.946000,1050873000.000000,0.000000,1221000.000000,3872000.000000,14.861000
ARQ,2023-03-31,2023-05-04,2023-03-31,2023-Q1,640193000.000000,4021470724.000000,2025-05-01,-961000.000000,1286108000.000000,,800409000.000000,485699000.000000,,4.759000,-11734000.000000,141359000.000000,141359000.000000,104756000.000000,-27248000.000000,4.996000,2.793000,792895000.000000,11908000.000000,780987000.000000,792895000.000000,58082000.000000,14281000.000000,0.000000,0.000000,0.000000,-24876000.000000,-10595000.000000,-0.049000,-10595000.000000,-24876000.000000,-26721000.000000,-0.380000,-0.380000,-0.380000,339086000.000000,,339086000.000000,4673006724.000000,-60.000000,-217.147000,21678000.000000,0.304000,1.000000,113683000.000000,0.520000,190766000.000000,1845000.000000,1586662000.000000,,0.000000,501879000.000000,488381000.000000,13498000.000000,947022000.000000,160216000.000000,786806000.000000,-39149000.000000,0.000000,3125000.000000,0.000000,0.000000,3125000.000000,-75686000.000000,-63952000.000000,33412000.000000,0.000000,-27248000.000000,-27248000.000000,-27248000.000000,0.000000,0.000000,-0.125000,142680000.000000,-28997000.000000,22461000.000000,0.000000,11.860000,-45.814000,-45.565000,146396000.000000,0.000000,56.500000,4.937000,4.943000,88085000.000000,-350334000.000000,218439000.000000,218439000.000000,38108000.000000,,,,,50743000.000000,104572000.000000,1.000000,71176473.000000,71259000.000000,71259000.000000,3.065000,1095342000.000000,0.000000,527000.000000,3115000.000000,15.371000
ARQ,2023-06-30,2023-08-07,2023-06-30,2023-Q2,682984000.000000,5896857398.000000,2025-05-01,-1397000.000000,1402944000.000000,,841235000.000000,561709000.000000,,6.405000,-8473000.000000,195592000.000000,195592000.000000,104361000.000000,-21739000.000000,5.316000,2.058000,794286000.000000,12635000.000000,781651000.000000,794286000.000000,57539000.000000,14628000.000000,0.000000,0.000000,0.000000,-19120000.000000,-4492000.000000,-0.020000,-4492000.000000,-19120000.000000,-20986000.000000,-0.300000,-0.300000,-0.300000,458799000.000000,,458799000.000000,6495551398.000000,-86.000000,-347.170000,13379000.000000,0.187000,1.000000,118521000.000000,0.532000,187921000.000000,1866000.000000,1655466000.000000,,0.000000,549354000.000000,464244000.000000,85110000.000000,944145000.000000,158251000.000000,785894000.000000,55401000.000000,0.000000,13300000.000000,74284000.000000,0.000000,87584000.000000,-54035000.000000,-45562000.000000,21852000.000000,0.000000,-21739000.000000,-21739000.000000,-21739000.000000,0.000000,0.000000,-0.098000,143764000.000000,-25243000.000000,23286000.000000,0.000000,12.853000,-68.690000,-68.050000,144794000.000000,0.000000,81.660000,6.954000,6.897000,88461000.000000,-372073000.000000,222882000.000000,222882000.000000,39210000.000000,,,,,53367000.000000,104554000.000000,1.000000,72212312.000000,71627000.000000,71627000.000000,3.112000,1215023000.000000,0.000000,753000.000000,3459000.000000,16.963000
ARQ,2023-09-30,2023-11-02,2023-09-30,2023-Q3,718697000.000000,4105139449.000000,2025-05-01,-798000.000000,1456444000.000000,,890673000.000000,565771000.000000,,6.826000,-5554000.000000,127828000.000000,127828000.000000,111080000.000000,-20419000.000000,5.179000,1.949000,795624000.000000,13071000.000000,782553000.000000,795624000.000000,64565000.000000,15878000.000000,0.000000,0.000000,0.000000,-17505000.000000,-1627000.000000,-0.007000,-1627000.000000,-17505000.000000,-19477000.000000,-0.280000,-0.280000,-0.280000,493870000.000000,,493870000.000000,4772935449.000000,-66.000000,-357.470000,31476000.000000,0.435000,1.000000,119025000.000000,0.517000,268881000.000000,1972000.000000,1683383000.000000,,0.000000,572462000.000000,572462000.000000,0.000000,962574000.000000,171976000.000000,790598000.000000,-67885000.000000,-80588000.000000,1334000.000000,-496000.000000,0.000000,338000.000000,-105253000.000000,-19111000.000000,37030000.000000,0.000000,-20419000.000000,-20419000.000000,-20419000.000000,0.000000,0.000000,-0.089000,144763000.000000,-25738000.000000,28528000.000000,0.000000,8.312000,-49.424000,-49.104000,148163000.000000,0.000000,56.470000,4.666000,4.644000,94436000.000000,-392492000.000000,230105000.000000,230105000.000000,40391000.000000,,,,,52611000.000000,104372000.000000,1.000000,72695935.000000,72356000.000000,72356000.000000,3.180000,1187563000.000000,0.000000,942000.000000,3884000.000000,16.413000
ARQ,2023-12-31,2024-02-22,2023-12-31,2023-Q4,756839000.000000,4511052924.000000,2025-05-01,582000.000000,1494568000.000000,,924054000.000000,570514000.000000,,7.377000,-15010000.000000,143201000.000000,143201000.000000,112493000.000000,-12358000.000000,5.526000,1.778000,793878000.000000,12498000.000000,781380000.000000,793878000.000000,68187000.000000,16370000.000000,0.000000,0.000000,0.000000,-10276000.000000,6094000.000000,0.025000,6094000.000000,-10276000.000000,-12239000.000000,-0.160000,-0.160000,-0.160000,538085000.000000,,538085000.000000,5161729924.000000,-72.000000,-486.039000,21534000.000000,0.295000,1.000000,126569000.000000,0.529000,265735000.000000,1963000.000000,1712295000.000000,,0.000000,587096000.000000,587096000.000000,0.000000,956483000.000000,167215000.000000,789268000.000000,15488000.000000,0.000000,7295000.000000,-493000.000000,0.000000,3532000.000000,-24588000.000000,-9578000.000000,36544000.000000,0.000000,-12358000.000000,-12358000.000000,-12358000.000000,0.000000,0.000000,-0.052000,145167000.000000,-18598000.000000,24399000.000000,0.000000,8.384000,-55.172000,-54.442000,152009000.000000,0.000000,61.520000,4.955000,4.868000,97424000.000000,-404850000.000000,239062000.000000,239062000.000000,38873000.000000,,,,,49571000.000000,106294000.000000,1.000000,73326608.000000,72939000.000000,72939000.000000,3.278000,1228833000.000000,0.000000,119000.000000,0.000000,16.847000
ARQ,2024-03-31,2024-05-02,2024-03-31,2024-Q1,1105809000.000000,4190530789.000000,2025-05-01,-303000.000000,1871338000.000000,,1289355000.000000,581983000.000000,,6.581000,-15193000.000000,240190000.000000,240190000.000000,114530000.000000,-7077000.000000,7.025000,2.870000,1209264000.000000,11671000.000000,1197593000.000000,1209264000.000000,67019000.000000,15506000.000000,0.000000,0.000000,0.000000,-3521000.000000,11985000.000000,0.049000,11985000.000000,-3521000.000000,-6088000.000000,-0.100000,-0.100000,-0.100000,483598000.000000,,483598000.000000,5159604789.000000,-102.000000,431.405000,17160000.000000,0.234000,1.000000,132480000.000000,0.536000,262944000.000000,2567000.000000,2393922000.000000,,0.000000,843212000.000000,843212000.000000,0.000000,1387740000.000000,183546000.000000,1204194000.000000,96926000.000000,99000.000000,386000.000000,331010000.000000,0.000000,331396000.000000,-266823000.000000,-251729000.000000,32353000.000000,0.000000,-7077000.000000,-7077000.000000,-7077000.000000,0.000000,0.000000,-0.029000,153175000.000000,-20695000.000000,25671000.000000,0.000000,8.665000,-68.036000,-67.536000,153963000.000000,0.000000,56.730000,4.462000,4.440000,103157000.000000,-411927000.000000,247010000.000000,247010000.000000,41518000.000000,,,,,44684000.000000,111657000.000000,1.000000,73867985.000000,73488000.000000,73488000.000000,3.361000,1608394000.000000,0.000000,989000.000000,0.000000,21.886000
ARQ,2024-06-30,2024-08-08,2024-06-30,2024-Q2,707399000.000000,3174042082.000000,2025-05-01,-502000.000000,1910380000.000000,,1322102000.000000,588278000.000000,,7.087000,-11789000.000000,175699000.000000,175699000.000000,118414000.000000,-12816000.000000,2.151000,2.633000,1207830000.000000,443692000.000000,764138000.000000,1207830000.000000,65286000.000000,15927000.000000,0.000000,0.000000,0.000000,-5565000.000000,10362000.000000,0.041000,10362000.000000,-5565000.000000,-9471000.000000,-0.170000,-0.170000,-0.170000,525878000.000000,,525878000.000000,4206173082.000000,-114.000000,156.865000,8089000.000000,0.109000,1.000000,133672000.000000,0.530000,260296000.000000,3906000.000000,2067512000.000000,,0.000000,930639000.000000,930639000.000000,0.000000,1384502000.000000,614703000.000000,769799000.000000,-64386000.000000,0.000000,9533000.000000,-517000.000000,0.000000,9016000.000000,-93280000.000000,-81491000.000000,19878000.000000,0.000000,-12816000.000000,-12816000.000000,-12816000.000000,0.000000,0.000000,-0.051000,153037000.000000,-19365000.000000,29405000.000000,0.000000,6.036000,-60.263000,-59.817000,162360000.000000,0.000000,42.470000,3.278000,3.255000,104382000.000000,-424743000.000000,252086000.000000,252086000.000000,40717000.000000,,,,,43632000.000000,112320000.000000,1.000000,74736098.000000,74203000.000000,74203000.000000,3.397000,1650084000.000000,0.000000,3345000.000000,0.000000,22.237000
ARQ,2024-09-30,2024-11-07,2024-09-30,2024-Q3,554026000.000000,2467587899.000000,2025-05-01,1828000.000000,2007892000.000000,,1204267000.000000,803625000.000000,,7.554000,-20326000.000000,290959000.000000,290959000.000000,121933000.000000,-4479000.000000,1.852000,2.550000,1236692000.000000,452068000.000000,784624000.000000,1236692000.000000,80000000.000000,17463000.000000,0.000000,0.000000,0.000000,-4279000.000000,13184000.000000,0.050000,13184000.000000,-4279000.000000,-8347000.000000,-0.060000,-0.060000,-0.060000,565586000.000000,,565586000.000000,3413320899.000000,-144.000000,82.002000,20796000.000000,0.278000,1.000000,142249000.000000,0.538000,435181000.000000,4068000.000000,1868203000.000000,,0.000000,675704000.000000,675704000.000000,0.000000,1442306000.000000,650241000.000000,792065000.000000,115470000.000000,-167166000.000000,26000.000000,-1040000.000000,0.000000,-1014000.000000,75362000.000000,262854000.000000,41122000.000000,0.000000,-4479000.000000,-4479000.000000,-4479000.000000,0.000000,0.000000,-0.017000,157672000.000000,-15423000.000000,33876000.000000,0.000000,4.363000,-67.182000,-66.959000,200794000.000000,0.000000,32.810000,2.462000,2.451000,116430000.000000,-429222000.000000,264182000.000000,264182000.000000,42482000.000000,,,,,39556000.000000,115190000.000000,1.000000,75208409.000000,74876000.000000,74876000.000000,3.528000,1572711000.000000,0.000000,-3868000.000000,0.000000,21.004000
ARQ,2024-12-31,2025-02-21,2024-12-31,2024-Q4,606877000.000000,3190824465.000000,2025-05-01,636000.000000,2051214000.000000,,1248568000.000000,802646000.000000,,8.248000,-17303000.000000,362546000.000000,362546000.000000,122663000.000000,11577000.000000,1.946000,2.297000,1233130000.000000,452516000.000000,780614000.000000,1233130000.000000,79173000.000000,19367000.000000,0.000000,0.000000,0.000000,15422000.000000,34789000.000000,0.125000,34789000.000000,15422000.000000,11151000.000000,0.160000,0.160000,0.160000,622192000.000000,,622192000.000000,4061408465.000000,1974.000000,57.756000,32512000.000000,0.431000,1.000000,155997000.000000,0.560000,431068000.000000,4271000.000000,1849039000.000000,,0.000000,643410000.000000,643410000.000000,0.000000,1429022000.000000,641691000.000000,787331000.000000,71333000.000000,15000.000000,5333000.000000,-2006000.000000,0.000000,3327000.000000,18191000.000000,35479000.000000,49815000.000000,0.000000,11577000.000000,11577000.000000,11577000.000000,0.000000,0.000000,0.042000,151817000.000000,4180000.000000,26282000.000000,0.000000,5.128000,-249.381000,-247.588000,203037000.000000,0.000000,42.090000,3.062000,3.010000,115172000.000000,-417645000.000000,278660000.000000,278660000.000000,41480000.000000,,,,,38443000.000000,110337000.000000,1.000000,75809562.000000,75436000.000000,75436000.000000,3.694000,1620146000.000000,0.000000,-426000.000000,0.000000,21.477000
ARQ,2025-03-31,2025-05-01,2025-03-31,2025-Q1,648559000.000000,1912902111.000000,2025-05-01,497000.000000,2089924000.000000,,1287451000.000000,802473000.000000,,8.746000,-13456000.000000,370344000.000000,370344000.000000,125973000.000000,576000.000000,2.015000,2.146000,1234281000.000000,454252000.000000,780029000.000000,1234281000.000000,74809000.000000,19574000.000000,0.000000,0.000000,0.000000,4875000.000000,24449000.000000,0.087000,24449000.000000,4875000.000000,760000.000000,0.010000,0.010000,0.010000,664286000.000000,,664286000.000000,2776839111.000000,266.000000,33.543000,34928000.000000,0.460000,1.000000,153732000.000000,0.550000,428230000.000000,4115000.000000,1886739000.000000,,0.000000,671394000.000000,671394000.000000,0.000000,1425638000.000000,638892000.000000,786746000.000000,8118000.000000,0.000000,3000.000000,-2166000.000000,0.000000,-2163000.000000,-38103000.000000,-24647000.000000,48384000.000000,0.000000,576000.000000,576000.000000,576000.000000,0.000000,0.000000,0.002000,159160000.000000,-5428000.000000,29477000.000000,0.000000,2.880000,-372.015000,-418.000000,204017000.000000,0.000000,25.080000,1.780000,1.773000,118614000.000000,-417069000.000000,279705000.000000,279705000.000000,41100000.000000,,,,,39245000.000000,118060000.000000,1.000000,76272014.000000,75949000.000000,89275000.000000,3.683000,1661694000.000000,0.000000,184000.000000,0.000000,21.879000
ART,2013-12-31,2014-04-03,2013-12-31,2013-Q4,1076000.000000,,2025-05-01,0.000000,56278000.000000,,26369000.000000,29909000.000000,,-0.741000,-554000.000000,17748000.000000,17748000.000000,48807000.000000,-31314000.000000,1.043000,-19.962000,30332000.000000,6379000.000000,23953000.000000,30332000.000000,4375000.000000,4415000.000000,0.000000,,0.000000,-30164000.000000,-25749000.000000,-0.306000,-25749000.000000,-30164000.000000,-31244000.000000,-7.820000,-7.820000,-7.820000,-2968000.000000,,-2968000.000000,,,,-21513000.000000,-5.370000,1.000000,35325000.000000,0.420000,14863000.000000,1080000.000000,28706000.000000,,0.000000,0.000000,0.000000,0.000000,59246000.000000,25293000.000000,33953000.000000,11787000.000000,-2836000.000000,702000.000000,12092000.000000,0.000000,33767000.000000,-1021000.000000,2490000.000000,-20959000.000000,0.000000,-31314000.000000,-31314000.000000,-31314000.000000,0.000000,0.000000,-0.372000,63618000.000000,-28293000.000000,4306000.000000,0.000000,,,,11607000.000000,0.000000,,,,6970000.000000,-90796000.000000,84132000.000000,84132000.000000,17529000.000000,,,,-0.359000,1949000.000000,46118000.000000,1.000000,46047510.000000,4006000.000000,4006000.000000,21.001000,41415000.000000,0.000000,70000.000000,5448000.000000,10.338000
ART,2014-03-31,2014-05-14,2014-03-31,2014-Q1,-1850000.000000,274014407.000000,2025-05-01,0.000000,69235000.000000,,38535000.000000,30700000.000000,,-1.604000,,29238000.000000,29238000.000000,,,0.954000,-8.694000,48242000.000000,19444000.000000,28798000.000000,48242000.000000,4957000.000000,,0.000000,0.000000,0.000000,,,,,,,,,,-8998000.000000,,-8998000.000000,293018407.000000,,,,,1.000000,,,14735000.000000,,33119000.000000,,0.000000,0.000000,0.000000,0.000000,78233000.000000,40385000.000000,37848000.000000,,,,,,,,,,,,,,,,,,,3753000.000000,,-30.453000,,,11179000.000000,,5.680000,,,6650000.000000,-99116000.000000,,,,,,,,,,1.000000,48241973.000000,5608000.000000,,,54500000.000000,0.000000,,5825000.000000,9.718000
ART,2014-06-30,2014-08-05,2014-06-30,2014-Q2,60612000.000000,318567647.000000,2025-05-01,0.000000,128927000.000000,,101449000.000000,27478000.000000,,1.226000,,61577000.000000,61577000.000000,,,2.484000,1.242000,47417000.000000,19815000.000000,27602000.000000,47417000.000000,5009000.000000,,0.000000,0.000000,0.000000,,,,,,,,,,57517000.000000,,57517000.000000,304407647.000000,,,,,1.000000,,,14607000.000000,,59323000.000000,,0.000000,29995000.000000,29995000.000000,0.000000,71410000.000000,40837000.000000,30573000.000000,,,,,,,,,,,,,,,,,,,3373000.000000,,5.539000,,,11521000.000000,,6.580000,,,7098000.000000,-107775000.000000,,,,,,,,,,1.000000,48414536.000000,46898000.000000,,,114320000.000000,0.000000,,2485000.000000,2.438000
ART,2014-09-30,2014-11-07,2014-09-30,2014-Q3,51024000.000000,248306910.000000,2025-05-01,1000.000000,121874000.000000,94078500.000000,93939000.000000,27935000.000000,,0.997000,,53489000.000000,53489000.000000,,,2.189000,1.531000,48625000.000000,20600000.000000,28025000.000000,48625000.000000,4991000.000000,,0.000000,0.000000,0.000000,,,,,,,,,,48150000.000000,23425250.000000,48150000.000000,243442910.000000,,,,,1.000000,,,14479000.000000,,59616000.000000,45191000.000000,0.000000,29999000.000000,29999000.000000,0.000000,73724000.000000,42915000.000000,30809000.000000,,,,,,,,,,,,,,,,,,,2856000.000000,,5.157000,,,12117000.000000,,5.080000,,,7725000.000000,-119210000.000000,,,,,,,,,,1.000000,48879313.000000,48310000.000000,,,107395000.000000,0.000000,,2437000.000000,2.223000
ART,2014-12-31,2015-03-10,2014-12-31,2014-Q4,56234000.000000,204760947.000000,2025-05-01,0.000000,116934000.000000,109242500.000000,88584000.000000,28350000.000000,0.944000,1.110000,-1025000.000000,58289000.000000,58289000.000000,54661000.000000,-37786000.000000,2.738000,1.801000,47696000.000000,7995000.000000,39701000.000000,47696000.000000,5346000.000000,6463000.000000,0.000000,0.000000,0.000000,-33540000.000000,-27077000.000000,-0.263000,-27077000.000000,-33540000.000000,-37701000.000000,-1.000000,-1.000000,-1.000000,41753000.000000,34605500.000000,41753000.000000,194167947.000000,-6.000000,-7.171000,-25304000.000000,-0.673000,1.000000,48441000.000000,0.470000,14351000.000000,4161000.000000,59640000.000000,52924500.000000,0.000000,20000000.000000,20000000.000000,0.000000,75181000.000000,32350000.000000,42831000.000000,40541000.000000,0.000000,73331000.000000,12531000.000000,0.000000,85862000.000000,-21042000.000000,-19992000.000000,-24279000.000000,0.000000,-37786000.000000,-37786000.000000,-37786000.000000,0.000000,0.000000,-0.366000,83971000.000000,-35530000.000000,4179000.000000,0.000000,4.904000,-5.419000,-4.140000,12571000.000000,0.000000,4.140000,1.986000,1.510000,8335000.000000,-128582000.000000,103102000.000000,103102000.000000,22110000.000000,-0.346000,-1.092000,-0.634000,-0.325000,6753000.000000,61861000.000000,1.000000,49459166.000000,37604000.000000,37604000.000000,2.742000,102583000.000000,0.000000,85000.000000,2879000.000000,2.728000
ART,2015-03-31,2015-05-13,2015-03-31,2015-Q1,49498000.000000,275599152.000000,2025-05-01,-1000.000000,110046000.000000,119445250.000000,82534000.000000,27512000.000000,0.913000,0.712000,-1152000.000000,50646000.000000,50646000.000000,56291000.000000,-38369000.000000,2.498000,2.126000,46753000.000000,7995000.000000,38758000.000000,46753000.000000,5641000.000000,6646000.000000,0.000000,0.000000,0.000000,-33771000.000000,-27125000.000000,-0.249000,-27125000.000000,-33771000.000000,-38293000.000000,-0.760000,-0.760000,-0.760000,35201000.000000,45655250.000000,35201000.000000,271706152.000000,-8.000000,-10.017000,-25004000.000000,-0.506000,1.000000,52811000.000000,0.484000,14223000.000000,4522000.000000,58894000.000000,59368250.000000,0.000000,19999000.000000,19999000.000000,0.000000,74845000.000000,33036000.000000,41809000.000000,21408000.000000,0.000000,72891000.000000,-7952000.000000,0.000000,65744000.000000,-20484000.000000,-19992000.000000,-23852000.000000,0.000000,-38369000.000000,-38369000.000000,-38369000.000000,0.000000,0.000000,-0.352000,86797000.000000,-33986000.000000,2541000.000000,0.000000,7.829000,-7.183000,-7.276000,12426000.000000,0.000000,5.530000,2.526000,2.506000,8719000.000000,-137485000.000000,109102000.000000,109102000.000000,22923000.000000,-0.321000,-0.840000,-0.569000,-0.310000,7792000.000000,63874000.000000,1.000000,49837098.000000,49433000.000000,49433000.000000,2.207000,95823000.000000,0.000000,76000.000000,3524000.000000,1.938000
ART,2015-06-30,2015-08-05,2015-06-30,2015-Q2,44835000.000000,240715501.000000,2025-05-01,0.000000,104579000.000000,113358250.000000,77811000.000000,26768000.000000,1.012000,0.612000,-1103000.000000,65333000.000000,65333000.000000,57092000.000000,-37079000.000000,2.360000,2.420000,47739000.000000,9446000.000000,38293000.000000,47739000.000000,5525000.000000,6857000.000000,0.000000,0.000000,0.000000,-32450000.000000,-25593000.000000,-0.223000,-25593000.000000,-32450000.000000,-37035000.000000,-0.730000,-0.730000,-0.730000,30575000.000000,38919750.000000,30575000.000000,223121501.000000,-7.000000,-8.718000,-20694000.000000,-0.414000,1.000000,57599000.000000,0.502000,14095000.000000,4585000.000000,39914000.000000,54516000.000000,0.000000,0.000000,0.000000,0.000000,74004000.000000,32976000.000000,41028000.000000,3756000.000000,0.000000,2196000.000000,-8553000.000000,0.000000,-6357000.000000,29704000.000000,30001000.000000,-19591000.000000,0.000000,-37079000.000000,-37079000.000000,-37079000.000000,0.000000,0.000000,-0.323000,90243000.000000,-32644000.000000,2766000.000000,0.000000,7.873000,-6.492000,-6.562000,11964000.000000,0.000000,4.790000,2.099000,2.087000,8250000.000000,-144854000.000000,114691000.000000,114691000.000000,22937000.000000,-0.327000,-0.953000,-0.595000,-0.283000,7899000.000000,67306000.000000,1.000000,50253758.000000,49980000.000000,49980000.000000,2.295000,90484000.000000,0.000000,44000.000000,2926000.000000,1.810000
ART,2015-09-30,2015-11-04,2015-09-30,2015-Q3,38258000.000000,279793628.000000,2025-05-01,0.000000,98870000.000000,107607250.000000,71727000.000000,27143000.000000,1.125000,0.527000,-1236000.000000,59501000.000000,59501000.000000,58400000.000000,-31692000.000000,2.143000,2.725000,46628000.000000,10358000.000000,36270000.000000,46628000.000000,5562000.000000,7130000.000000,0.000000,0.000000,0.000000,-26907000.000000,-19777000.000000,-0.163000,-19777000.000000,-26907000.000000,-31611000.000000,-0.610000,-0.610000,-0.610000,26542000.000000,33517750.000000,26542000.000000,266920628.000000,-10.000000,-13.497000,-17629000.000000,-0.350000,1.000000,62709000.000000,0.518000,13967000.000000,4704000.000000,38561000.000000,49252250.000000,0.000000,0.000000,0.000000,0.000000,72328000.000000,33469000.000000,38859000.000000,6012000.000000,0.000000,2204000.000000,-9370000.000000,0.000000,-7166000.000000,29571000.000000,30001000.000000,-16393000.000000,0.000000,-31692000.000000,-31692000.000000,-31692000.000000,0.000000,0.000000,-0.262000,89834000.000000,-27125000.000000,2865000.000000,0.000000,10.542000,-8.829000,-9.082000,12376000.000000,0.000000,5.540000,2.310000,2.304000,9309000.000000,-150902000.000000,121109000.000000,121109000.000000,22907000.000000,-0.295000,-0.946000,-0.546000,-0.222000,7967000.000000,66927000.000000,1.000000,50504265.000000,50369000.000000,50369000.000000,2.404000,84903000.000000,0.000000,81000.000000,2985000.000000,1.686000
ART,2015-12-31,2016-03-03,2015-12-31,2015-Q4,22712000.000000,419683438.000000,2025-05-01,0.000000,99233000.000000,103182000.000000,71235000.000000,27998000.000000,1.249000,0.524000,-1116000.000000,58484000.000000,58484000.000000,59495000.000000,-25838000.000000,1.468000,2.776000,46617000.000000,24684000.000000,21933000.000000,46617000.000000,6413000.000000,7388000.000000,0.000000,0.000000,0.000000,-21050000.000000,-13662000.000000,-0.106000,-13662000.000000,-21050000.000000,-25777000.000000,-0.520000,-0.520000,-0.520000,26280000.000000,29649500.000000,26280000.000000,407816438.000000,-19.000000,-29.850000,-14055000.000000,-0.280000,1.000000,69373000.000000,0.538000,13839000.000000,4727000.000000,25004000.000000,40593250.000000,0.000000,0.000000,0.000000,0.000000,72953000.000000,48523000.000000,24430000.000000,195000.000000,0.000000,2635000.000000,-9191000.000000,0.000000,-6556000.000000,19690000.000000,20000000.000000,-12939000.000000,0.000000,-25838000.000000,-25838000.000000,-25838000.000000,0.000000,0.000000,-0.200000,90523000.000000,-21150000.000000,2569000.000000,0.000000,15.970000,-16.243000,-15.750000,13225000.000000,0.000000,8.190000,3.257000,3.187000,10567000.000000,-154420000.000000,128868000.000000,128868000.000000,22659000.000000,-0.250000,-0.871000,-0.519000,-0.163000,7730000.000000,67864000.000000,1.000000,51243399.000000,50141000.000000,50141000.000000,2.570000,85394000.000000,0.000000,61000.000000,3177000.000000,1.703000
ART,2016-03-31,2016-05-10,2016-03-31,2016-Q1,21127000.000000,513101972.000000,2025-05-01,0.000000,101664000.000000,101086500.000000,74194000.000000,27470000.000000,1.351000,0.501000,-1170000.000000,57767000.000000,57767000.000000,61327000.000000,-21846000.000000,1.398000,2.947000,45198000.000000,25060000.000000,20138000.000000,45198000.000000,7832000.000000,7716000.000000,0.000000,0.000000,0.000000,-16988000.000000,-9272000.000000,-0.068000,-9272000.000000,-16988000.000000,-21775000.000000,-0.440000,-0.440000,-0.440000,25759000.000000,27289000.000000,25759000.000000,500532972.000000,-29.000000,-53.983000,-8304000.000000,-0.162000,1.000000,75282000.000000,0.551000,13711000.000000,4787000.000000,22317000.000000,31449000.000000,0.000000,0.000000,0.000000,0.000000,75905000.000000,53067000.000000,22838000.000000,7121000.000000,0.000000,4916000.000000,-9637000.000000,0.000000,-4721000.000000,18976000.000000,20000000.000000,-7134000.000000,0.000000,-21846000.000000,-21846000.000000,-21846000.000000,0.000000,0.000000,-0.160000,92323000.000000,-17041000.000000,3376000.000000,0.000000,19.919000,-23.487000,-22.500000,12795000.000000,0.000000,9.900000,3.756000,3.723000,12528000.000000,-159331000.000000,136609000.000000,136609000.000000,22423000.000000,-0.216000,-0.801000,-0.540000,-0.124000,7489000.000000,69900000.000000,1.000000,51828482.000000,51377000.000000,51377000.000000,2.659000,87953000.000000,0.000000,71000.000000,3069000.000000,1.712000
ART,2016-06-30,2016-08-04,2016-06-30,2016-Q2,20168000.000000,672692787.000000,2025-05-01,0.000000,99496000.000000,99815750.000000,71793000.000000,27703000.000000,1.455000,0.507000,-1270000.000000,57638000.000000,57638000.000000,63821000.000000,-17945000.000000,1.391000,2.761000,43536000.000000,24347000.000000,19189000.000000,43536000.000000,7898000.000000,7866000.000000,0.000000,0.000000,0.000000,-12983000.000000,-5117000.000000,-0.035000,-5117000.000000,-12983000.000000,-17812000.000000,-0.360000,-0.360000,-0.360000,26453000.000000,26258500.000000,26453000.000000,658590787.000000,-51.000000,-128.706000,-2242000.000000,-0.043000,1.000000,81400000.000000,0.561000,13583000.000000,4829000.000000,20186000.000000,26517000.000000,0.000000,0.000000,0.000000,0.000000,73043000.000000,51625000.000000,21418000.000000,-7695000.000000,0.000000,5750000.000000,-11143000.000000,0.000000,-5393000.000000,-1330000.000000,0.000000,-972000.000000,0.000000,-17945000.000000,-17945000.000000,-17945000.000000,0.000000,0.000000,-0.124000,94452000.000000,-13052000.000000,3004000.000000,0.000000,25.430000,-37.486000,-35.556000,13188000.000000,0.000000,12.800000,4.632000,4.596000,10765000.000000,-162799000.000000,145221000.000000,145221000.000000,22654000.000000,-0.180000,-0.683000,-0.490000,-0.089000,8073000.000000,71798000.000000,1.000000,52554124.000000,52143000.000000,52143000.000000,2.785000,85913000.000000,0.000000,133000.000000,2865000.000000,1.648000
ART,2016-09-30,2016-11-01,2016-09-30,2016-Q3,37498000.000000,754270443.000000,2025-05-01,0.000000,102699000.000000,100773000.000000,74329000.000000,28370000.000000,1.527000,0.489000,-1400000.000000,57333000.000000,57333000.000000,66799000.000000,-15787000.000000,2.018000,2.984000,44670000.000000,6704000.000000,37966000.000000,44670000.000000,8838000.000000,8165000.000000,0.000000,0.000000,0.000000,-11151000.000000,-2986000.000000,-0.019000,-2986000.000000,-11151000.000000,-15706000.000000,-0.310000,-0.310000,-0.310000,25779000.000000,26067750.000000,25779000.000000,741607443.000000,-67.000000,-248.362000,2538000.000000,0.048000,1.000000,87117000.000000,0.566000,13455000.000000,4555000.000000,39750000.000000,26814250.000000,0.000000,0.000000,0.000000,0.000000,76920000.000000,36831000.000000,40089000.000000,-2168000.000000,0.000000,6378000.000000,-10656000.000000,0.000000,-4646000.000000,-1460000.000000,0.000000,3938000.000000,0.000000,-15787000.000000,-15787000.000000,-15787000.000000,0.000000,0.000000,-0.103000,97204000.000000,-10087000.000000,3609000.000000,0.000000,29.259000,-47.778000,-45.935000,13690000.000000,0.000000,14.240000,4.901000,4.876000,12899000.000000,-166689000.000000,153916000.000000,153916000.000000,23222000.000000,-0.157000,-0.606000,-0.416000,-0.072000,8647000.000000,73982000.000000,1.000000,52968430.000000,52708000.000000,52708000.000000,2.920000,89244000.000000,0.000000,81000.000000,2898000.000000,1.693000
ART,2016-12-31,2017-02-28,2016-12-31,2016-Q4,40933000.000000,849531331.000000,2025-05-01,0.000000,105239000.000000,102274500.000000,75011000.000000,30228000.000000,1.585000,0.579000,-1131000.000000,58122000.000000,58122000.000000,66934000.000000,-11860000.000000,2.201000,2.470000,45799000.000000,6972000.000000,38827000.000000,45799000.000000,10047000.000000,8390000.000000,0.000000,0.000000,0.000000,-7580000.000000,810000.000000,0.005000,810000.000000,-7580000.000000,-11806000.000000,-0.230000,-0.230000,-0.230000,30328000.000000,27079750.000000,30328000.000000,837208331.000000,-110.000000,1033.591000,5707000.000000,0.109000,1.000000,95156000.000000,0.587000,13337000.000000,4226000.000000,45501000.000000,31938500.000000,0.000000,0.000000,0.000000,0.000000,74911000.000000,34078000.000000,40833000.000000,-362000.000000,0.000000,6265000.000000,-10700000.000000,0.000000,-4803000.000000,-2397000.000000,-1206000.000000,6838000.000000,0.000000,-11860000.000000,-11860000.000000,-11860000.000000,0.000000,0.000000,-0.073000,101698000.000000,-6542000.000000,3366000.000000,0.000000,28.011000,-71.630000,-69.174000,14688000.000000,0.000000,15.910000,5.241000,5.138000,13881000.000000,-166280000.000000,162090000.000000,162090000.000000,23878000.000000,-0.116000,-0.438000,-0.237000,-0.047000,9643000.000000,77820000.000000,1.000000,53396061.000000,52342000.000000,52342000.000000,3.097000,91902000.000000,0.000000,54000.000000,2823000.000000,1.756000
ART,2017-03-31,2017-05-03,2017-03-31,2017-Q1,38872000.000000,980076240.000000,2025-05-01,0.000000,108348000.000000,103945500.000000,77022000.000000,31326000.000000,1.646000,0.540000,-1393000.000000,56452000.000000,56452000.000000,70295000.000000,-12204000.000000,2.019000,2.738000,45876000.000000,6652000.000000,39224000.000000,45876000.000000,10920000.000000,8382000.000000,0.000000,0.000000,0.000000,-8220000.000000,162000.000000,0.001000,162000.000000,-8220000.000000,-12129000.000000,-0.230000,-0.230000,-0.230000,28985000.000000,27886250.000000,28985000.000000,969500240.000000,-118.000000,5984.569000,5552000.000000,0.103000,1.000000,100794000.000000,0.589000,13220000.000000,3909000.000000,46402000.000000,37959750.000000,0.000000,0.000000,0.000000,0.000000,79363000.000000,38150000.000000,41213000.000000,-1315000.000000,0.000000,4661000.000000,-9894000.000000,0.000000,-5601000.000000,-2659000.000000,-1206000.000000,6945000.000000,0.000000,-12204000.000000,-12204000.000000,-12204000.000000,0.000000,0.000000,-0.071000,108139000.000000,-7345000.000000,3394000.000000,0.000000,33.813000,-80.308000,-78.261000,15830000.000000,0.000000,18.000000,5.728000,5.648000,15453000.000000,-171706000.000000,171089000.000000,171089000.000000,24923000.000000,-0.117000,-0.438000,-0.217000,-0.048000,10778000.000000,83216000.000000,1.000000,54448680.000000,53688000.000000,53688000.000000,3.187000,95128000.000000,0.000000,75000.000000,2537000.000000,1.772000
ART,2017-06-30,2017-08-03,2017-06-30,2017-Q2,42468000.000000,1178392031.000000,2025-05-01,0.000000,111463000.000000,106937250.000000,80504000.000000,30959000.000000,1.683000,0.588000,-1741000.000000,57149000.000000,57149000.000000,73804000.000000,-12743000.000000,2.117000,2.466000,45796000.000000,6818000.000000,38978000.000000,45796000.000000,11903000.000000,8592000.000000,0.000000,0.000000,0.000000,-9060000.000000,-468000.000000,-0.003000,-468000.000000,-9060000.000000,-12660000.000000,-0.230000,-0.230000,-0.230000,32155000.000000,29311750.000000,32155000.000000,1167039031.000000,-129.000000,-2493.673000,3083000.000000,0.056000,1.000000,106126000.000000,0.590000,13104000.000000,3600000.000000,48970000.000000,45155750.000000,0.000000,0.000000,0.000000,0.000000,79308000.000000,38036000.000000,41272000.000000,-489000.000000,0.000000,6224000.000000,-8222000.000000,0.000000,-2366000.000000,-2947000.000000,-1206000.000000,4824000.000000,0.000000,-12743000.000000,-12743000.000000,-12743000.000000,0.000000,0.000000,-0.071000,114434000.000000,-8308000.000000,4586000.000000,0.000000,36.647000,-92.474000,-92.957000,15656000.000000,0.000000,21.380000,6.549000,6.502000,16281000.000000,-175713000.000000,179930000.000000,179930000.000000,25960000.000000,-0.119000,-0.435000,-0.201000,-0.050000,12218000.000000,88474000.000000,1.000000,55116559.000000,54723000.000000,54723000.000000,3.288000,98359000.000000,0.000000,83000.000000,2475000.000000,1.797000
ART,2017-09-30,2017-11-08,2017-09-30,2017-Q3,46088000.000000,1417430206.000000,2025-05-01,0.000000,118715000.000000,110941250.000000,85404000.000000,33311000.000000,1.704000,0.683000,-1967000.000000,63364000.000000,63364000.000000,76511000.000000,-7929000.000000,2.172000,2.143000,46004000.000000,6543000.000000,39461000.000000,46004000.000000,13699000.000000,8334000.000000,0.000000,0.000000,0.000000,-4297000.000000,4037000.000000,0.021000,4037000.000000,-4297000.000000,-7801000.000000,-0.140000,-0.140000,-0.140000,37772000.000000,32310000.000000,37772000.000000,1400070206.000000,-326.000000,346.810000,9093000.000000,0.164000,1.000000,112518000.000000,0.595000,12988000.000000,3504000.000000,49051000.000000,47481000.000000,0.000000,0.000000,0.000000,0.000000,80943000.000000,39316000.000000,41627000.000000,6031000.000000,0.000000,6503000.000000,-8359000.000000,0.000000,-1856000.000000,-3173000.000000,-1206000.000000,11060000.000000,0.000000,-7929000.000000,-7929000.000000,-7929000.000000,0.000000,0.000000,-0.042000,117195000.000000,-4677000.000000,4787000.000000,0.000000,37.526000,-178.765000,-181.929000,17958000.000000,0.000000,25.470000,7.498000,7.453000,17231000.000000,-174789000.000000,189029000.000000,189029000.000000,26608000.000000,-0.071000,-0.245000,-0.090000,-0.023000,13419000.000000,90587000.000000,1.000000,55650970.000000,55310000.000000,59441000.000000,3.418000,105727000.000000,0.000000,128000.000000,2381000.000000,1.912000
ART,2017-12-31,2018-03-01,2017-12-31,2017-Q4,53317000.000000,1721331253.000000,2025-05-01,0.000000,128196000.000000,116680500.000000,92835000.000000,35361000.000000,1.716000,0.852000,-2650000.000000,68947000.000000,68947000.000000,83104000.000000,-8969000.000000,2.349000,1.737000,46742000.000000,6987000.000000,39755000.000000,46742000.000000,13975000.000000,8314000.000000,0.000000,0.000000,0.000000,-5230000.000000,3084000.000000,0.015000,3084000.000000,-5230000.000000,-8701000.000000,-0.160000,-0.160000,-0.160000,46838000.000000,36437500.000000,46838000.000000,1699126253.000000,-325.000000,550.949000,8456000.000000,0.154000,1.000000,117121000.000000,0.585000,12871000.000000,3471000.000000,53602000.000000,49506250.000000,0.000000,0.000000,0.000000,0.000000,81358000.000000,39518000.000000,41840000.000000,10825000.000000,0.000000,10136000.000000,-7767000.000000,0.000000,2369000.000000,-2650000.000000,0.000000,11106000.000000,0.000000,-8969000.000000,-8969000.000000,-8969000.000000,0.000000,0.000000,-0.045000,122841000.000000,-5720000.000000,4292000.000000,0.000000,36.751000,-191.920000,-189.625000,19888000.000000,0.000000,30.340000,8.597000,8.326000,19048000.000000,-175421000.000000,200225000.000000,200225000.000000,27120000.000000,-0.077000,-0.246000,-0.106000,-0.026000,15343000.000000,95721000.000000,1.000000,56734715.000000,54946000.000000,54946000.000000,3.644000,115325000.000000,0.000000,268000.000000,2370000.000000,2.099000
ART,2018-03-31,2018-05-01,2018-03-31,2018-Q1,71190000.000000,1733978004.000000,2025-05-01,0.000000,165911000.000000,131071250.000000,113922000.000000,51989000.000000,1.618000,1.426000,-2569000.000000,80676000.000000,80676000.000000,87835000.000000,-4321000.000000,2.666000,1.062000,47238000.000000,6990000.000000,40248000.000000,47238000.000000,13700000.000000,8539000.000000,0.000000,0.000000,0.000000,-658000.000000,7881000.000000,0.037000,7881000.000000,-658000.000000,-4057000.000000,-0.070000,-0.070000,-0.070000,80452000.000000,49304250.000000,80452000.000000,1700540004.000000,-2584.000000,215.777000,16375000.000000,0.290000,1.000000,124281000.000000,0.586000,12755000.000000,3399000.000000,76986000.000000,57152250.000000,0.000000,0.000000,0.000000,0.000000,85459000.000000,42732000.000000,42727000.000000,24224000.000000,0.000000,14094000.000000,-8168000.000000,0.000000,5926000.000000,-646000.000000,1923000.000000,18944000.000000,0.000000,-4321000.000000,-4321000.000000,-4321000.000000,0.000000,0.000000,-0.020000,125709000.000000,-1428000.000000,5482000.000000,0.000000,21.553000,-401.291000,-429.429000,20876000.000000,0.000000,30.060000,8.175000,7.993000,18534000.000000,-151883000.000000,212116000.000000,212116000.000000,28045000.000000,-0.033000,-0.088000,-0.012000,-0.003000,17539000.000000,97664000.000000,1.000000,57683899.000000,56399000.000000,56399000.000000,3.761000,153156000.000000,0.000000,264000.000000,2076000.000000,2.716000
ART,2018-06-30,2018-08-06,2018-06-30,2018-Q2,266277000.000000,2042999176.000000,2025-05-01,0.000000,365066000.000000,194472000.000000,310989000.000000,54077000.000000,1.160000,2.064000,-2564000.000000,166162000.000000,166162000.000000,92376000.000000,-2356000.000000,6.955000,2.055000,205957000.000000,7473000.000000,198484000.000000,205957000.000000,14750000.000000,8718000.000000,0.000000,0.000000,0.000000,2811000.000000,11529000.000000,0.051000,11529000.000000,2811000.000000,-2078000.000000,-0.040000,-0.040000,-0.040000,119506000.000000,71142000.000000,119506000.000000,2082794176.000000,741.000000,180.657000,22007000.000000,0.380000,1.000000,133133000.000000,0.590000,12639000.000000,4889000.000000,347510000.000000,131787250.000000,0.000000,108140000.000000,108140000.000000,0.000000,245560000.000000,44712000.000000,200848000.000000,109013000.000000,0.000000,14738000.000000,209863000.000000,0.000000,193189000.000000,-108747000.000000,-106183000.000000,24571000.000000,0.000000,-2356000.000000,-2356000.000000,-2356000.000000,0.000000,0.000000,-0.010000,131208000.000000,1925000.000000,6035000.000000,0.000000,17.095000,-867.147000,-876.000000,22019000.000000,0.000000,35.040000,9.060000,8.997000,20167000.000000,-153925000.000000,225509000.000000,225509000.000000,29576000.000000,-0.012000,-0.033000,0.021000,0.012000,20482000.000000,101632000.000000,1.000000,58304771.000000,57903000.000000,57903000.000000,3.895000,352427000.000000,0.000000,278000.000000,2129000.000000,6.087000
ART,2018-09-30,2018-11-06,2018-09-30,2018-Q3,274050000.000000,2255079952.000000,2025-05-01,0.000000,376116000.000000,258822250.000000,320124000.000000,55992000.000000,0.930000,2.188000,-5344000.000000,79619000.000000,79619000.000000,98058000.000000,-4585000.000000,6.948000,1.941000,206823000.000000,6909000.000000,199914000.000000,206823000.000000,17490000.000000,9504000.000000,0.000000,0.000000,0.000000,3310000.000000,12814000.000000,0.053000,12814000.000000,3310000.000000,-4309000.000000,-0.080000,-0.080000,-0.080000,127884000.000000,93670000.000000,127884000.000000,2382283952.000000,720.000000,185.913000,20688000.000000,0.354000,1.000000,142674000.000000,0.593000,12522000.000000,7619000.000000,444724000.000000,230705500.000000,0.000000,200007000.000000,200007000.000000,0.000000,248232000.000000,46074000.000000,202158000.000000,16255000.000000,0.000000,15051000.000000,209911000.000000,0.000000,193550000.000000,-203327000.000000,-197983000.000000,26032000.000000,0.000000,-4585000.000000,-4585000.000000,-4585000.000000,0.000000,0.000000,-0.019000,141484000.000000,1190000.000000,4528000.000000,0.000000,17.634000,-491.839000,-479.625000,22909000.000000,0.000000,38.370000,9.368000,9.317000,23903000.000000,-155230000.000000,240732000.000000,240732000.000000,32469000.000000,-0.018000,-0.049000,0.014000,0.014000,25631000.000000,109015000.000000,1.000000,58771956.000000,58454000.000000,58454000.000000,4.118000,363594000.000000,0.000000,276000.000000,2206000.000000,6.220000
ART,2018-12-31,2019-02-25,2018-12-31,2018-Q4,286008000.000000,3161742641.000000,2025-05-01,-93000.000000,394666000.000000,325439750.000000,334002000.000000,60664000.000000,0.792000,2.458000,-9261000.000000,81912000.000000,81912000.000000,104034000.000000,-221000.000000,6.959000,1.765000,207919000.000000,6647000.000000,201272000.000000,207919000.000000,17391000.000000,10274000.000000,0.000000,0.000000,0.000000,10324000.000000,20598000.000000,0.080000,20598000.000000,10324000.000000,79000.000000,0.000000,0.000000,0.000000,142748000.000000,117647500.000000,142748000.000000,3287749641.000000,318.000000,159.615000,29361000.000000,0.506000,1.000000,153630000.000000,0.596000,12429000.000000,10245000.000000,460250000.000000,332367500.000000,0.000000,209907000.000000,209907000.000000,0.000000,251918000.000000,47994000.000000,203924000.000000,12965000.000000,0.000000,13509000.000000,209255000.000000,0.000000,191092000.000000,-216749000.000000,-207488000.000000,38622000.000000,0.000000,-221000.000000,-221000.000000,-221000.000000,0.000000,0.000000,-0.001000,146621000.000000,7009000.000000,7010000.000000,,22.149000,-14306.528000,,25885000.000000,0.000000,53.360000,12.271000,12.027000,24797000.000000,-151497000.000000,257664000.000000,257664000.000000,34172000.000000,-0.001000,-0.002000,0.031000,0.040000,28484000.000000,112449000.000000,1.000000,59253048.000000,58076000.000000,58076000.000000,4.437000,382237000.000000,0.000000,300000.000000,2582000.000000,6.582000
ART,2019-03-31,2019-05-01,2019-03-31,2019-Q1,288263000.000000,3161082744.000000,2025-05-01,81000.000000,415366000.000000,387803500.000000,344596000.000000,70770000.000000,0.705000,2.538000,-12813000.000000,93492000.000000,93492000.000000,110183000.000000,-1538000.000000,6.117000,1.757000,216700000.000000,10530000.000000,206170000.000000,216700000.000000,17853000.000000,12156000.000000,0.000000,0.000000,0.000000,11499000.000000,23655000.000000,0.087000,23655000.000000,11499000.000000,-1332000.000000,-0.020000,-0.020000,-0.020000,150666000.000000,135201000.000000,150666000.000000,3284290744.000000,286.000000,138.841000,29002000.000000,0.489000,1.000000,163114000.000000,0.597000,12341000.000000,12831000.000000,469900000.000000,430596000.000000,0.000000,205450000.000000,205450000.000000,0.000000,264700000.000000,56333000.000000,208367000.000000,12816000.000000,0.000000,9740000.000000,209870000.000000,0.000000,187938000.000000,-216937000.000000,-204124000.000000,41815000.000000,0.000000,-1538000.000000,-1538000.000000,-1538000.000000,0.000000,0.000000,-0.006000,156277000.000000,6837000.000000,7233000.000000,0.000000,20.981000,-2055.320000,-2648.500000,34231000.000000,0.000000,52.970000,11.566000,11.506000,25840000.000000,-153421000.000000,273297000.000000,273297000.000000,36946000.000000,-0.004000,-0.011000,0.027000,0.042000,31845000.000000,119331000.000000,1.000000,59676850.000000,59367000.000000,59367000.000000,4.604000,403025000.000000,0.000000,206000.000000,2243000.000000,6.789000
ART,2019-06-30,2019-07-31,2019-06-30,2019-Q2,302649000.000000,2994256978.000000,2025-05-01,146000.000000,435767000.000000,405478750.000000,358619000.000000,77148000.000000,0.714000,2.773000,-16395000.000000,110469000.000000,110469000.000000,116617000.000000,-1356000.000000,6.407000,1.616000,221837000.000000,10677000.000000,211160000.000000,221837000.000000,19991000.000000,14205000.000000,0.000000,0.000000,0.000000,12674000.000000,26879000.000000,0.093000,26879000.000000,12674000.000000,-1185000.000000,-0.010000,-0.010000,-0.010000,166570000.000000,146967000.000000,166570000.000000,3105624978.000000,245.000000,115.541000,26497000.000000,0.441000,1.000000,172996000.000000,0.597000,12253000.000000,13859000.000000,478912000.000000,463446500.000000,0.000000,197007000.000000,197007000.000000,0.000000,269197000.000000,55970000.000000,213227000.000000,-55693000.000000,0.000000,13048000.000000,-7936000.000000,0.000000,4852000.000000,-103437000.000000,-87042000.000000,42892000.000000,0.000000,-1356000.000000,-1356000.000000,-1356000.000000,0.000000,0.000000,-0.005000,166268000.000000,6728000.000000,7534000.000000,0.000000,17.976000,-2208.154000,-4937.000000,38474000.000000,0.000000,49.370000,10.339000,10.238000,28153000.000000,-155281000.000000,289613000.000000,289613000.000000,39390000.000000,-0.003000,-0.009000,0.027000,0.044000,35484000.000000,126878000.000000,1.000000,60649321.000000,60058000.000000,60058000.000000,4.822000,423514000.000000,0.000000,171000.000000,2102000.000000,7.052000
ART,2019-09-30,2019-11-05,2019-09-30,2019-Q3,313813000.000000,3385585301.000000,2025-05-01,227000.000000,454024000.000000,424955750.000000,375452000.000000,78572000.000000,0.725000,2.928000,-17534000.000000,120573000.000000,120573000.000000,124910000.000000,-1655000.000000,6.091000,1.551000,221814000.000000,9467000.000000,212347000.000000,221814000.000000,21858000.000000,16308000.000000,0.000000,0.000000,0.000000,12275000.000000,28583000.000000,0.093000,28583000.000000,12275000.000000,-1475000.000000,-0.020000,-0.020000,-0.020000,177971000.000000,159488750.000000,177971000.000000,3486826301.000000,284.000000,121.990000,33591000.000000,0.553000,1.000000,183168000.000000,0.595000,12165000.000000,13750000.000000,481461000.000000,472630750.000000,0.000000,200385000.000000,200385000.000000,0.000000,276053000.000000,61639000.000000,214414000.000000,40954000.000000,0.000000,13607000.000000,-7576000.000000,0.000000,5771000.000000,-15942000.000000,1592000.000000,51125000.000000,0.000000,-1655000.000000,-1655000.000000,-1655000.000000,0.000000,0.000000,-0.005000,176947000.000000,6221000.000000,6757000.000000,0.000000,19.023000,-2045.671000,-2771.500000,37332000.000000,0.000000,55.430000,10.989000,10.936000,31407000.000000,-156885000.000000,308078000.000000,308078000.000000,41473000.000000,-0.004000,-0.010000,0.026000,0.040000,37690000.000000,135474000.000000,1.000000,61078573.000000,60781000.000000,60781000.000000,5.069000,441859000.000000,0.000000,180000.000000,2268000.000000,7.270000
ART,2019-12-31,2020-02-27,2019-12-31,2019-Q4,315282000.000000,4418615838.000000,2025-05-01,576000.000000,482380000.000000,446884250.000000,381274000.000000,101106000.000000,0.734000,3.254000,-19228000.000000,77976000.000000,77976000.000000,134511000.000000,-4552000.000000,5.778000,1.455000,223324000.000000,8582000.000000,214742000.000000,223324000.000000,24681000.000000,19109000.000000,0.000000,0.000000,0.000000,9346000.000000,28455000.000000,0.087000,28455000.000000,9346000.000000,-4448000.000000,-0.080000,-0.080000,-0.080000,196458000.000000,172916250.000000,196458000.000000,4563963838.000000,488.000000,160.392000,31993000.000000,0.530000,1.000000,193495000.000000,0.590000,27331000.000000,13794000.000000,534405000.000000,491169500.000000,0.000000,241973000.000000,241973000.000000,0.000000,285922000.000000,65992000.000000,219930000.000000,-3936000.000000,-13890000.000000,15528000.000000,-7054000.000000,0.000000,8474000.000000,-63631000.000000,-30513000.000000,51221000.000000,0.000000,-4552000.000000,-4552000.000000,-4552000.000000,0.000000,0.000000,-0.014000,190228000.000000,3267000.000000,10156000.000000,0.000000,22.491000,-970.698000,-896.875000,41936000.000000,0.000000,71.750000,13.471000,13.206000,37655000.000000,-156049000.000000,328006000.000000,328006000.000000,45190000.000000,-0.010000,-0.026000,0.019000,0.028000,42065000.000000,145038000.000000,1.000000,61583496.000000,60371000.000000,60371000.000000,5.433000,455049000.000000,0.000000,104000.000000,2723000.000000,7.538000
ART,2020-03-31,2020-05-04,2020-03-31,2020-Q1,322868000.000000,5947330932.000000,2025-05-01,1630000.000000,503659000.000000,468957500.000000,393981000.000000,109678000.000000,0.743000,3.346000,-21288000.000000,155863000.000000,155863000.000000,143697000.000000,-10065000.000000,5.540000,1.439000,227547000.000000,8899000.000000,218648000.000000,227547000.000000,25632000.000000,21271000.000000,0.000000,0.000000,0.000000,4039000.000000,25310000.000000,0.073000,25310000.000000,4039000.000000,-9843000.000000,-0.170000,-0.170000,-0.170000,206466000.000000,186866250.000000,206466000.000000,6019014932.000000,1490.000000,237.812000,29137000.000000,0.472000,1.000000,204859000.000000,0.588000,26341000.000000,13882000.000000,477889000.000000,493166750.000000,0.000000,170433000.000000,170433000.000000,0.000000,297193000.000000,71113000.000000,226080000.000000,62371000.000000,-13990000.000000,17142000.000000,-6389000.000000,0.000000,10753000.000000,1193000.000000,36471000.000000,50425000.000000,0.000000,-10065000.000000,-10065000.000000,-10065000.000000,0.000000,0.000000,-0.029000,206226000.000000,-1367000.000000,8367000.000000,0.000000,28.805000,-590.892000,-564.000000,45974000.000000,0.000000,95.880000,17.063000,16.974000,39972000.000000,-163486000.000000,348556000.000000,348556000.000000,49833000.000000,-0.021000,-0.054000,0.008000,0.012000,47173000.000000,156393000.000000,1.000000,62028900.000000,61705000.000000,61705000.000000,5.649000,477318000.000000,0.000000,222000.000000,2566000.000000,7.735000
ART,2020-06-30,2020-08-03,2020-06-30,2020-Q2,675548000.000000,8436820893.000000,2025-05-01,1004000.000000,993303000.000000,608341500.000000,759230000.000000,234073000.000000,0.610000,4.020000,-25893000.000000,233235000.000000,233235000.000000,154902000.000000,-24257000.000000,9.073000,2.904000,654831000.000000,7279000.000000,647552000.000000,654831000.000000,26306000.000000,24408000.000000,0.000000,0.000000,0.000000,-10730000.000000,13678000.000000,0.037000,13678000.000000,-10730000.000000,-26940000.000000,-0.390000,-0.390000,-0.390000,254408000.000000,208825750.000000,254408000.000000,8858416893.000000,-826.000000,647.640000,32509000.000000,0.514000,1.000000,216010000.000000,0.582000,60049000.000000,16210000.000000,1271168000.000000,691230750.000000,0.000000,534772000.000000,452708000.000000,82064000.000000,738895000.000000,83682000.000000,655213000.000000,122766000.000000,-42303000.000000,19030000.000000,451355000.000000,0.000000,470385000.000000,-406021000.000000,-337825000.000000,58402000.000000,0.000000,-24257000.000000,-24257000.000000,-24257000.000000,0.000000,0.000000,-0.065000,225691000.000000,-9681000.000000,12045000.000000,0.000000,33.163000,-347.810000,-331.103000,49805000.000000,0.000000,129.130000,22.746000,22.031000,39607000.000000,-179538000.000000,370912000.000000,370912000.000000,56230000.000000,-0.040000,-0.116000,-0.016000,-0.029000,53528000.000000,169461000.000000,1.000000,65335870.000000,63282000.000000,63282000.000000,5.861000,933254000.000000,0.000000,-2683000.000000,2412000.000000,14.748000
ART,2020-09-30,2020-10-29,2020-09-30,2020-Q3,765323000.000000,9442622053.000000,2025-05-01,761000.000000,1013287000.000000,748157250.000000,857290000.000000,155997000.000000,0.534000,4.008000,-26864000.000000,301767000.000000,301767000.000000,166991000.000000,-34084000.000000,9.322000,2.862000,656877000.000000,5606000.000000,651271000.000000,656877000.000000,28527000.000000,27616000.000000,0.000000,0.000000,0.000000,-14098000.000000,13518000.000000,0.034000,13518000.000000,-14098000.000000,-36471000.000000,-0.530000,-0.530000,-0.530000,262389000.000000,229930250.000000,262389000.000000,9797732053.000000,-695.000000,724.792000,36692000.000000,0.561000,1.000000,232295000.000000,0.582000,58311000.000000,22373000.000000,1218119000.000000,875395250.000000,0.000000,479141000.000000,479141000.000000,0.000000,750898000.000000,91967000.000000,658931000.000000,181194000.000000,-42303000.000000,20029000.000000,447225000.000000,0.000000,467254000.000000,-349616000.000000,-280449000.000000,63556000.000000,0.000000,-34084000.000000,-34084000.000000,-34084000.000000,0.000000,0.000000,-0.085000,244233000.000000,-11938000.000000,12829000.000000,0.000000,35.987000,-277.040000,-270.019000,50345000.000000,0.000000,143.110000,23.649000,23.462000,42542000.000000,-190969000.000000,399286000.000000,399286000.000000,62239000.000000,-0.046000,-0.148000,-0.016000,-0.035000,59739000.000000,181994000.000000,1.000000,65981567.000000,65460000.000000,65460000.000000,6.100000,954976000.000000,0.000000,-2387000.000000,2480000.000000,14.589000
ART,2020-12-31,2021-03-01,2020-12-31,2020-Q4,585557000.000000,13184653512.000000,2025-05-01,335000.000000,1063742000.000000,893497750.000000,689118000.000000,374624000.000000,0.487000,4.351000,-30422000.000000,220372000.000000,220372000.000000,180284000.000000,-42130000.000000,6.654000,2.810000,653219000.000000,4524000.000000,648695000.000000,653219000.000000,31983000.000000,30774000.000000,0.000000,0.000000,0.000000,-16235000.000000,14539000.000000,0.033000,14539000.000000,-16235000.000000,-44583000.000000,-0.660000,-0.660000,-0.660000,279164000.000000,250606750.000000,279164000.000000,13617500512.000000,-839.000000,936.619000,36880000.000000,0.575000,1.000000,254624000.000000,0.585000,217104000.000000,28348000.000000,1175924000.000000,1035775000.000000,0.000000,425298000.000000,383171000.000000,42127000.000000,784578000.000000,103561000.000000,681017000.000000,142396000.000000,-165438000.000000,23125000.000000,524747000.000000,0.000000,457424000.000000,-382330000.000000,-186470000.000000,67302000.000000,0.000000,-42130000.000000,-42130000.000000,-42130000.000000,0.000000,0.000000,-0.097000,266929000.000000,-12305000.000000,17145000.000000,0.000000,47.229000,-312.952000,-299.682000,60223000.000000,0.000000,197.790000,30.316000,29.176000,48731000.000000,-198179000.000000,434908000.000000,434908000.000000,68747000.000000,-0.047000,-0.168000,-0.016000,-0.037000,64747000.000000,198182000.000000,1.000000,66659859.000000,64154000.000000,64154000.000000,6.779000,846638000.000000,0.000000,-2453000.000000,2571000.000000,13.197000
ART,2021-03-31,2021-04-29,2021-03-31,2021-Q1,624701000.000000,11682918931.000000,2025-05-01,379000.000000,1118749000.000000,1047270250.000000,738378000.000000,380371000.000000,0.456000,2.161000,-32606000.000000,176326000.000000,176326000.000000,200050000.000000,-47025000.000000,6.495000,6.758000,833010000.000000,5634000.000000,827376000.000000,833010000.000000,32835000.000000,35562000.000000,0.000000,0.000000,0.000000,-23262000.000000,12300000.000000,0.026000,12300000.000000,-23262000.000000,-50064000.000000,-0.710000,-0.710000,-0.710000,144206000.000000,235041750.000000,144206000.000000,12339602931.000000,-530.000000,1003.220000,38067000.000000,0.571000,1.000000,277652000.000000,0.581000,214157000.000000,26802000.000000,1447599000.000000,1278202500.000000,0.000000,467143000.000000,467143000.000000,0.000000,974543000.000000,113677000.000000,860866000.000000,20463000.000000,-165338000.000000,22744000.000000,517680000.000000,0.000000,449976000.000000,-500186000.000000,-302242000.000000,70673000.000000,0.000000,-47025000.000000,-47025000.000000,-47025000.000000,0.000000,0.000000,-0.098000,296087000.000000,-18435000.000000,16056000.000000,0.000000,81.015000,-248.441000,-245.437000,103256000.000000,0.000000,174.260000,24.456000,24.339000,51987000.000000,-187768000.000000,477702000.000000,477702000.000000,75679000.000000,-0.045000,-0.200000,-0.018000,-0.049000,71861000.000000,220408000.000000,1.000000,67043033.000000,66721000.000000,66721000.000000,7.160000,904592000.000000,0.000000,-3039000.000000,2030000.000000,13.558000
ART,2021-06-30,2021-07-27,2021-06-30,2021-Q2,529484000.000000,13245442588.000000,2025-05-01,299000.000000,1135716000.000000,1082873500.000000,668897000.000000,466819000.000000,0.482000,2.418000,-35008000.000000,175199000.000000,175199000.000000,221992000.000000,-47503000.000000,4.798000,5.980000,827411000.000000,7794000.000000,819617000.000000,827411000.000000,33237000.000000,39662000.000000,0.000000,0.000000,0.000000,-24615000.000000,15047000.000000,0.029000,15047000.000000,-24615000.000000,-47801000.000000,-0.710000,-0.710000,-0.710000,162706000.000000,212116250.000000,162706000.000000,13897654588.000000,-565.000000,923.616000,32292000.000000,0.480000,1.000000,299700000.000000,0.574000,211210000.000000,23186000.000000,1437305000.000000,1319736750.000000,0.000000,463744000.000000,390986000.000000,72758000.000000,973010000.000000,139413000.000000,833597000.000000,-58036000.000000,-137025000.000000,23946000.000000,51843000.000000,0.000000,-17859000.000000,-107477000.000000,64556000.000000,67300000.000000,0.000000,-47503000.000000,-47503000.000000,-47503000.000000,0.000000,0.000000,-0.091000,324100000.000000,-24400000.000000,17632000.000000,0.000000,81.407000,-278.834000,-275.563000,110073000.000000,0.000000,195.650000,25.389000,25.236000,53811000.000000,-204298000.000000,521692000.000000,521692000.000000,83119000.000000,-0.044000,-0.224000,-0.019000,-0.047000,79971000.000000,240981000.000000,1.000000,67699681.000000,67292000.000000,67292000.000000,7.753000,924506000.000000,0.000000,-298000.000000,2455000.000000,13.739000
ART,2021-09-30,2021-11-08,2021-09-30,2021-Q3,388083000.000000,9884110423.000000,2025-05-01,225000.000000,1150906000.000000,1117278250.000000,535135000.000000,615771000.000000,0.505000,2.523000,-38488000.000000,82465000.000000,82465000.000000,242568000.000000,-56609000.000000,3.639000,5.728000,827346000.000000,8849000.000000,818497000.000000,827346000.000000,36887000.000000,43436000.000000,0.000000,0.000000,0.000000,-41957000.000000,1479000.000000,0.003000,1479000.000000,-41957000.000000,-57441000.000000,-0.840000,-0.840000,-0.840000,171070000.000000,189286500.000000,171070000.000000,10628991423.000000,-253.000000,7186.607000,1173000.000000,0.017000,1.000000,321309000.000000,0.570000,208263000.000000,15484000.000000,1540472000.000000,1400325000.000000,0.000000,541292000.000000,332824000.000000,208468000.000000,979836000.000000,147052000.000000,832784000.000000,-219302000.000000,-137025000.000000,22688000.000000,56394000.000000,0.000000,-14566000.000000,-244397000.000000,-68884000.000000,39661000.000000,0.000000,-56609000.000000,-56609000.000000,-56609000.000000,0.000000,0.000000,-0.100000,362915000.000000,-41606000.000000,21330000.000000,0.000000,57.778000,-174.603000,-172.917000,117222000.000000,0.000000,145.250000,17.529000,17.465000,60383000.000000,-224835000.000000,563877000.000000,563877000.000000,95125000.000000,-0.051000,-0.299000,-0.030000,-0.074000,90080000.000000,267790000.000000,1.000000,68048953.000000,67800000.000000,67800000.000000,8.317000,942643000.000000,0.000000,-832000.000000,2711000.000000,13.903000
ART,2021-12-31,2022-02-28,2021-12-31,2021-Q4,459651000.000000,7606458420.000000,2025-05-01,-287000.000000,1192942000.000000,1149578250.000000,617226000.000000,575716000.000000,0.530000,3.127000,-42216000.000000,90878000.000000,90878000.000000,271099000.000000,-53000000.000000,3.917000,4.650000,825513000.000000,9826000.000000,815687000.000000,825513000.000000,43720000.000000,47430000.000000,0.000000,0.000000,0.000000,-56258000.000000,-8828000.000000,-0.014000,-8828000.000000,-56258000.000000,-64285000.000000,-0.790000,-0.790000,-0.790000,211132000.000000,172278500.000000,211132000.000000,8341093420.000000,-148.000000,-944.845000,-13731000.000000,-0.203000,1.000000,338492000.000000,0.555000,205317000.000000,8027000.000000,1564685000.000000,1497515250.000000,0.000000,526357000.000000,378980000.000000,147377000.000000,981810000.000000,157575000.000000,824235000.000000,-129494000.000000,0.000000,22799000.000000,-25300000.000000,0.000000,-7501000.000000,-150478000.000000,-108262000.000000,28485000.000000,0.000000,-53000000.000000,-53000000.000000,-53000000.000000,0.000000,0.000000,-0.087000,394742000.000000,-56250000.000000,20510000.000000,0.000000,36.027000,-143.518000,-139.241000,126488000.000000,0.000000,110.000000,12.478000,12.182000,83731000.000000,-228436000.000000,609591000.000000,609591000.000000,106897000.000000,-0.046000,-0.308000,-0.038000,-0.092000,108805000.000000,287845000.000000,1.000000,69149622.000000,67512000.000000,67512000.000000,9.029000,987625000.000000,0.000000,-11285000.000000,3537000.000000,14.629000
ART,2022-03-31,2022-04-28,2022-03-31,2022-Q1,440806000.000000,7167197072.000000,2025-05-01,-3370000.000000,1188395000.000000,1166989750.000000,624594000.000000,563801000.000000,0.561000,3.108000,-46954000.000000,100151000.000000,100151000.000000,300163000.000000,-74788000.000000,3.398000,4.544000,792818000.000000,10135000.000000,782683000.000000,792818000.000000,46564000.000000,49476000.000000,0.000000,0.000000,0.000000,-75341000.000000,-25865000.000000,-0.040000,-25865000.000000,-75341000.000000,-83300000.000000,-1.100000,-1.100000,-1.100000,214359000.000000,189816750.000000,214359000.000000,7859864072.000000,-104.000000,-303.880000,-3510000.000000,-0.051000,1.000000,354323000.000000,0.541000,202370000.000000,7959000.000000,1494904000.000000,1509341500.000000,0.000000,496226000.000000,377519000.000000,118707000.000000,974036000.000000,183788000.000000,790248000.000000,-76175000.000000,0.000000,21861000.000000,-48909000.000000,0.000000,-32048000.000000,-87571000.000000,-40617000.000000,43444000.000000,0.000000,-74788000.000000,-74788000.000000,-74788000.000000,0.000000,0.000000,-0.114000,430326000.000000,-76003000.000000,31981000.000000,0.000000,33.435000,-95.834000,-93.673000,138012000.000000,0.000000,103.040000,10.951000,10.859000,77912000.000000,-262556000.000000,654486000.000000,654486000.000000,120600000.000000,-0.064000,-0.394000,-0.050000,-0.115000,127291000.000000,309726000.000000,1.000000,69557425.000000,68974000.000000,68974000.000000,9.489000,986025000.000000,0.000000,-8512000.000000,2930000.000000,14.296000
ART,2022-06-30,2022-07-28,2022-06-30,2022-Q2,513383000.000000,6896732156.000000,2025-05-01,-4534000.000000,1177223000.000000,1177366500.000000,660037000.000000,517186000.000000,0.595000,3.511000,-58605000.000000,101315000.000000,101315000.000000,323997000.000000,-81928000.000000,4.501000,3.807000,788694000.000000,10023000.000000,778671000.000000,788694000.000000,51553000.000000,51920000.000000,0.000000,0.000000,0.000000,-82275000.000000,-30355000.000000,-0.043000,-30355000.000000,-82275000.000000,-89973000.000000,-1.190000,-1.190000,-1.190000,244902000.000000,210365750.000000,244902000.000000,7584111156.000000,-92.000000,-249.847000,-29656000.000000,-0.425000,1.000000,376089000.000000,0.537000,199435000.000000,7698000.000000,1518513000.000000,1529643500.000000,0.000000,457491000.000000,397067000.000000,60424000.000000,932321000.000000,146654000.000000,785667000.000000,-73884000.000000,0.000000,21575000.000000,-41137000.000000,0.000000,-39462000.000000,-63371000.000000,-4766000.000000,28949000.000000,0.000000,-81928000.000000,-81928000.000000,-81928000.000000,0.000000,0.000000,-0.117000,459659000.000000,-83570000.000000,25931000.000000,0.000000,28.161000,-84.180000,-82.672000,143587000.000000,0.000000,98.380000,9.851000,9.801000,82885000.000000,-286226000.000000,700086000.000000,700086000.000000,130944000.000000,-0.070000,-0.389000,-0.054000,-0.118000,147175000.000000,328715000.000000,1.000000,70102990.000000,69748000.000000,69748000.000000,10.037000,977788000.000000,0.000000,-8045000.000000,3141000.000000,14.019000
ART,2022-09-30,2022-11-07,2022-09-30,2022-Q3,590106000.000000,3313753518.000000,2025-05-01,-4101000.000000,1206812000.000000,1191343000.000000,741516000.000000,465296000.000000,0.625000,3.836000,-62186000.000000,129492000.000000,129492000.000000,350971000.000000,-84598000.000000,4.897000,3.479000,790293000.000000,10377000.000000,779916000.000000,790293000.000000,53834000.000000,53932000.000000,0.000000,0.000000,0.000000,-84246000.000000,-30314000.000000,-0.041000,-30314000.000000,-84246000.000000,-91876000.000000,-1.220000,-1.220000,-1.220000,269445000.000000,234959500.000000,269445000.000000,3974554518.000000,-47.000000,-131.113000,2075000.000000,0.030000,1.000000,393129000.000000,0.528000,196501000.000000,7630000.000000,1519702000.000000,1524451000.000000,0.000000,449573000.000000,447612000.000000,1961000.000000,937367000.000000,151410000.000000,785957000.000000,46980000.000000,0.000000,22338000.000000,-39875000.000000,0.000000,-37437000.000000,20156000.000000,82624000.000000,64261000.000000,0.000000,-84598000.000000,-84598000.000000,-84598000.000000,0.000000,0.000000,-0.114000,479439000.000000,-86310000.000000,21153000.000000,0.000000,12.298000,-39.171000,-38.525000,146910000.000000,0.000000,47.000000,4.453000,4.436000,88225000.000000,-309433000.000000,744100000.000000,744100000.000000,135377000.000000,-0.071000,-0.360000,-0.055000,-0.113000,164283000.000000,344062000.000000,1.000000,70505394.000000,70232000.000000,70232000.000000,10.595000,1010311000.000000,0.000000,-7278000.000000,3379000.000000,14.385000
ART,2022-12-31,2023-02-24,2022-12-31,2022-Q4,627934000.000000,5065975408.000000,2025-05-01,-2688000.000000,1244485000.000000,1204228750.000000,778710000.000000,465775000.000000,0.647000,4.433000,-56171000.000000,180520000.000000,180520000.000000,367501000.000000,-94650000.000000,5.165000,3.015000,790560000.000000,10795000.000000,779765000.000000,790560000.000000,57816000.000000,55048000.000000,0.000000,0.000000,0.000000,-82769000.000000,-27721000.000000,-0.036000,-27721000.000000,-82769000.000000,-90262000.000000,-1.350000,-1.350000,-1.350000,309965000.000000,259667750.000000,309965000.000000,5676015408.000000,-69.000000,-204.755000,32694000.000000,0.468000,1.000000,411345000.000000,0.528000,193612000.000000,7493000.000000,1510137000.000000,1510814000.000000,0.000000,434628000.000000,433743000.000000,885000.000000,934520000.000000,150776000.000000,783744000.000000,89596000.000000,0.000000,21935000.000000,-34067000.000000,0.000000,-30232000.000000,30963000.000000,87400000.000000,88865000.000000,0.000000,-94650000.000000,-94650000.000000,-94650000.000000,0.000000,0.000000,-0.122000,498927000.000000,-87582000.000000,23629000.000000,0.000000,16.344000,-53.523000,-52.741000,145341000.000000,0.000000,71.200000,6.504000,6.392000,87494000.000000,-323086000.000000,778846000.000000,778846000.000000,141794000.000000,-0.079000,-0.365000,-0.055000,-0.106000,172507000.000000,357133000.000000,1.000000,71151340.000000,69920000.000000,69920000.000000,11.139000,1050873000.000000,0.000000,4388000.000000,3872000.000000,15.030000
ART,2023-03-31,2023-05-04,2023-03-31,2023-Q1,640193000.000000,4021470724.000000,2025-05-01,-961000.000000,1286108000.000000,1228657000.000000,800409000.000000,485699000.000000,0.663000,4.759000,-54938000.000000,141359000.000000,141359000.000000,383390000.000000,-87778000.000000,4.996000,2.793000,792895000.000000,11908000.000000,780987000.000000,792895000.000000,58082000.000000,56131000.000000,0.000000,0.000000,0.000000,-77651000.000000,-21520000.000000,-0.026000,-21520000.000000,-77651000.000000,-85119000.000000,-1.240000,-1.240000,-1.240000,339086000.000000,290849500.000000,339086000.000000,4673006724.000000,-60.000000,-217.147000,38615000.000000,0.542000,1.000000,431118000.000000,0.529000,190766000.000000,7468000.000000,1586662000.000000,1533753500.000000,0.000000,501879000.000000,488381000.000000,13498000.000000,947022000.000000,160216000.000000,786806000.000000,41174000.000000,0.000000,23783000.000000,-2162000.000000,0.000000,3521000.000000,-55900000.000000,-696000.000000,93553000.000000,0.000000,-87778000.000000,-87778000.000000,-87778000.000000,0.000000,0.000000,-0.108000,516858000.000000,-85740000.000000,22461000.000000,0.000000,11.860000,-45.814000,-45.565000,146396000.000000,0.000000,56.500000,4.937000,4.943000,88085000.000000,-350334000.000000,814508000.000000,814508000.000000,144078000.000000,-0.071000,-0.302000,-0.051000,-0.095000,183856000.000000,372780000.000000,1.000000,71176473.000000,71259000.000000,71259000.000000,11.430000,1095342000.000000,0.000000,2659000.000000,3115000.000000,15.371000
ART,2023-06-30,2023-08-07,2023-06-30,2023-Q2,682984000.000000,5896857398.000000,2025-05-01,-1397000.000000,1402944000.000000,1285087250.000000,841235000.000000,561709000.000000,0.660000,6.405000,-40512000.000000,195592000.000000,195592000.000000,399522000.000000,-85847000.000000,5.316000,2.058000,794286000.000000,12635000.000000,781651000.000000,794286000.000000,57539000.000000,56580000.000000,0.000000,0.000000,0.000000,-75290000.000000,-18710000.000000,-0.022000,-18710000.000000,-75290000.000000,-82767000.000000,-1.200000,-1.200000,-1.200000,458799000.000000,344323750.000000,458799000.000000,6495551398.000000,-86.000000,-347.170000,77996000.000000,1.089000,1.000000,448486000.000000,0.529000,187921000.000000,7477000.000000,1655466000.000000,1567991750.000000,0.000000,549354000.000000,464244000.000000,85110000.000000,944145000.000000,158251000.000000,785894000.000000,95411000.000000,0.000000,27017000.000000,74251000.000000,0.000000,101268000.000000,-124365000.000000,-83587000.000000,118508000.000000,0.000000,-85847000.000000,-85847000.000000,-85847000.000000,0.000000,0.000000,-0.101000,537708000.000000,-89222000.000000,23286000.000000,0.000000,12.853000,-68.690000,-68.050000,144794000.000000,0.000000,81.660000,6.954000,6.897000,88461000.000000,-372073000.000000,848008000.000000,848008000.000000,148296000.000000,-0.067000,-0.249000,-0.048000,-0.089000,192438000.000000,389412000.000000,1.000000,72212312.000000,71627000.000000,71627000.000000,11.839000,1215023000.000000,0.000000,3080000.000000,3459000.000000,16.963000
ART,2023-09-30,2023-11-02,2023-09-30,2023-Q3,718697000.000000,4105139449.000000,2025-05-01,-798000.000000,1456444000.000000,1347495250.000000,890673000.000000,565771000.000000,0.653000,6.826000,-33484000.000000,127828000.000000,127828000.000000,416491000.000000,-83059000.000000,5.179000,1.949000,795624000.000000,13071000.000000,782553000.000000,795624000.000000,64565000.000000,58694000.000000,0.000000,0.000000,0.000000,-72046000.000000,-13352000.000000,-0.015000,-13352000.000000,-72046000.000000,-79616000.000000,-1.150000,-1.150000,-1.150000,493870000.000000,400430000.000000,493870000.000000,4772935449.000000,-66.000000,-357.470000,91550000.000000,1.265000,1.000000,463280000.000000,0.527000,268881000.000000,7570000.000000,1683383000.000000,1608912000.000000,0.000000,572462000.000000,572462000.000000,0.000000,962574000.000000,171976000.000000,790598000.000000,-604000.000000,-80588000.000000,25998000.000000,73778000.000000,0.000000,99276000.000000,-224914000.000000,-110858000.000000,125034000.000000,0.000000,-83059000.000000,-83059000.000000,-83059000.000000,0.000000,0.000000,-0.094000,556509000.000000,-93229000.000000,28528000.000000,0.000000,8.312000,-49.424000,-49.104000,148163000.000000,0.000000,56.470000,4.666000,4.644000,94436000.000000,-392492000.000000,879771000.000000,879771000.000000,154574000.000000,-0.062000,-0.207000,-0.045000,-0.082000,200546000.000000,401935000.000000,1.000000,72695935.000000,72356000.000000,72356000.000000,12.159000,1187563000.000000,0.000000,3443000.000000,3884000.000000,16.413000
ART,2023-12-31,2024-02-22,2023-12-31,2023-Q4,756839000.000000,4511052924.000000,2025-05-01,582000.000000,1494568000.000000,1410016000.000000,924054000.000000,570514000.000000,0.646000,7.468000,-40771000.000000,143201000.000000,143201000.000000,432690000.000000,-81764000.000000,5.526000,1.778000,793878000.000000,12498000.000000,781380000.000000,793878000.000000,68187000.000000,61157000.000000,0.000000,0.000000,0.000000,-71777000.000000,-10620000.000000,-0.012000,-10620000.000000,-71777000.000000,-79423000.000000,-1.130000,-1.130000,-1.130000,538085000.000000,457460000.000000,538085000.000000,5161729924.000000,-72.000000,-486.039000,88067000.000000,1.222000,1.000000,477798000.000000,0.525000,265735000.000000,7646000.000000,1712295000.000000,1659451500.000000,0.000000,587096000.000000,587096000.000000,0.000000,956483000.000000,167215000.000000,789268000.000000,-36145000.000000,-80588000.000000,25054000.000000,73295000.000000,0.000000,94579000.000000,-259562000.000000,-138203000.000000,128838000.000000,0.000000,-81764000.000000,-81764000.000000,-81764000.000000,0.000000,0.000000,-0.090000,576374000.000000,-98576000.000000,24399000.000000,0.000000,8.384000,-55.172000,-54.442000,152009000.000000,0.000000,61.520000,4.955000,4.868000,97424000.000000,-404850000.000000,910488000.000000,910488000.000000,156582000.000000,-0.058000,-0.179000,-0.043000,-0.079000,206292000.000000,419792000.000000,1.000000,73326608.000000,72048000.000000,72048000.000000,12.637000,1228833000.000000,0.000000,2341000.000000,0.000000,17.056000
ART,2024-03-31,2024-05-02,2024-03-31,2024-Q1,1105809000.000000,4190530789.000000,2025-05-01,-303000.000000,1871338000.000000,1556323500.000000,1289355000.000000,581983000.000000,0.603000,6.581000,-44230000.000000,240190000.000000,240190000.000000,442464000.000000,-61593000.000000,7.025000,2.870000,1209264000.000000,11671000.000000,1197593000.000000,1209264000.000000,67019000.000000,62382000.000000,0.000000,0.000000,0.000000,-50422000.000000,11960000.000000,0.013000,11960000.000000,-50422000.000000,-58790000.000000,-0.840000,-0.840000,-0.840000,483598000.000000,493588000.000000,483598000.000000,5159604789.000000,-102.000000,431.405000,83549000.000000,1.137000,1.000000,496595000.000000,0.529000,262944000.000000,8368000.000000,2393922000.000000,1861266500.000000,0.000000,843212000.000000,843212000.000000,0.000000,1387740000.000000,183546000.000000,1204194000.000000,99930000.000000,-80489000.000000,22315000.000000,404305000.000000,0.000000,422850000.000000,-450699000.000000,-325980000.000000,127779000.000000,0.000000,-61593000.000000,-61593000.000000,-61593000.000000,0.000000,0.000000,-0.066000,586869000.000000,-90274000.000000,25671000.000000,0.000000,8.665000,-68.036000,-67.536000,153963000.000000,0.000000,56.730000,4.462000,4.440000,103157000.000000,-411927000.000000,939059000.000000,939059000.000000,159992000.000000,-0.040000,-0.125000,-0.027000,-0.054000,200233000.000000,426877000.000000,1.000000,73867985.000000,73488000.000000,73488000.000000,12.778000,1608394000.000000,0.000000,2803000.000000,0.000000,21.886000
ART,2024-06-30,2024-08-08,2024-06-30,2024-Q2,707399000.000000,3174042082.000000,2025-05-01,-502000.000000,1910380000.000000,1683182500.000000,1322102000.000000,588278000.000000,0.575000,7.087000,-47546000.000000,175699000.000000,175699000.000000,456517000.000000,-52670000.000000,2.151000,2.633000,1207830000.000000,443692000.000000,764138000.000000,1207830000.000000,65286000.000000,63681000.000000,0.000000,0.000000,0.000000,-36867000.000000,26814000.000000,0.028000,26814000.000000,-36867000.000000,-47275000.000000,-0.710000,-0.710000,-0.710000,525878000.000000,510357750.000000,525878000.000000,4206173082.000000,-114.000000,156.865000,78259000.000000,1.055000,1.000000,511746000.000000,0.529000,260296000.000000,10408000.000000,2067512000.000000,1964278000.000000,0.000000,930639000.000000,930639000.000000,0.000000,1384502000.000000,614703000.000000,769799000.000000,-19857000.000000,-80489000.000000,18548000.000000,329504000.000000,0.000000,344282000.000000,-489944000.000000,-361909000.000000,125805000.000000,0.000000,-52670000.000000,-52670000.000000,-52670000.000000,0.000000,0.000000,-0.054000,596142000.000000,-84396000.000000,29405000.000000,0.000000,6.036000,-60.263000,-59.817000,162360000.000000,0.000000,42.470000,3.278000,3.255000,104382000.000000,-424743000.000000,968263000.000000,968263000.000000,161499000.000000,-0.031000,-0.103000,-0.019000,-0.038000,190498000.000000,434643000.000000,1.000000,74736098.000000,74203000.000000,74203000.000000,13.049000,1650084000.000000,0.000000,5395000.000000,0.000000,22.237000
ART,2024-09-30,2024-11-07,2024-09-30,2024-Q3,554026000.000000,2467587899.000000,2025-05-01,1828000.000000,2007892000.000000,1821044500.000000,1204267000.000000,803625000.000000,0.550000,7.554000,-62318000.000000,290959000.000000,290959000.000000,467370000.000000,-36730000.000000,1.852000,2.550000,1236692000.000000,452068000.000000,784624000.000000,1236692000.000000,80000000.000000,65266000.000000,0.000000,0.000000,0.000000,-23641000.000000,41625000.000000,0.042000,41625000.000000,-23641000.000000,-36145000.000000,-0.490000,-0.490000,-0.490000,565586000.000000,528286750.000000,565586000.000000,3413320899.000000,-144.000000,82.002000,67579000.000000,0.903000,1.000000,534970000.000000,0.534000,435181000.000000,12504000.000000,1868203000.000000,2010483000.000000,0.000000,675704000.000000,675704000.000000,0.000000,1442306000.000000,650241000.000000,792065000.000000,163498000.000000,-167067000.000000,17240000.000000,328960000.000000,0.000000,342930000.000000,-309329000.000000,-79944000.000000,129897000.000000,0.000000,-36730000.000000,-36730000.000000,-36730000.000000,0.000000,0.000000,-0.037000,609051000.000000,-74081000.000000,33876000.000000,0.000000,4.363000,-67.182000,-66.959000,200794000.000000,0.000000,32.810000,2.462000,2.451000,116430000.000000,-429222000.000000,1002340000.000000,1002340000.000000,163590000.000000,-0.020000,-0.070000,-0.012000,-0.024000,177443000.000000,445461000.000000,1.000000,75208409.000000,74876000.000000,74876000.000000,13.387000,1572711000.000000,0.000000,585000.000000,0.000000,21.004000
ART,2024-12-31,2025-02-21,2024-12-31,2024-Q4,606877000.000000,3190824465.000000,2025-05-01,636000.000000,2051214000.000000,1960206000.000000,1248568000.000000,802646000.000000,0.532000,8.351000,-64611000.000000,362546000.000000,362546000.000000,477540000.000000,-12795000.000000,1.946000,2.297000,1233130000.000000,452516000.000000,780614000.000000,1233130000.000000,79173000.000000,68263000.000000,0.000000,0.000000,0.000000,2057000.000000,70320000.000000,0.067000,70320000.000000,2057000.000000,-12755000.000000,-0.170000,-0.170000,-0.170000,622192000.000000,549313500.000000,622192000.000000,4061408465.000000,1974.000000,57.756000,78557000.000000,1.054000,1.000000,564398000.000000,0.542000,431068000.000000,14812000.000000,1849039000.000000,2044669000.000000,0.000000,643410000.000000,643410000.000000,0.000000,1429022000.000000,641691000.000000,787331000.000000,219343000.000000,-167052000.000000,15278000.000000,327447000.000000,0.000000,342725000.000000,-266550000.000000,-34887000.000000,143168000.000000,0.000000,-12795000.000000,-12795000.000000,-12795000.000000,0.000000,0.000000,-0.012000,615701000.000000,-51303000.000000,26282000.000000,0.000000,5.128000,-249.381000,-247.588000,203037000.000000,0.000000,42.090000,3.062000,3.010000,115172000.000000,-417645000.000000,1041938000.000000,1041938000.000000,166197000.000000,-0.007000,-0.023000,0.001000,0.002000,166315000.000000,449504000.000000,1.000000,75809562.000000,74503000.000000,74503000.000000,13.985000,1620146000.000000,0.000000,40000.000000,0.000000,21.746000
ART,2025-03-31,2025-05-01,2025-03-31,2025-Q1,648559000.000000,1912902111.000000,2025-05-01,497000.000000,2089924000.000000,2014852500.000000,1287451000.000000,802473000.000000,0.533000,8.746000,-62874000.000000,370344000.000000,370344000.000000,488983000.000000,-5142000.000000,2.015000,2.146000,1234281000.000000,454252000.000000,780029000.000000,1234281000.000000,74809000.000000,72331000.000000,0.000000,0.000000,0.000000,10453000.000000,82784000.000000,0.077000,82784000.000000,10453000.000000,-5907000.000000,-0.060000,-0.060000,-0.060000,664286000.000000,594485500.000000,664286000.000000,2776839111.000000,266.000000,33.543000,96325000.000000,1.268000,1.000000,585650000.000000,0.545000,428230000.000000,16360000.000000,1886739000.000000,1917873250.000000,0.000000,671394000.000000,671394000.000000,0.000000,1425638000.000000,638892000.000000,786746000.000000,130535000.000000,-167151000.000000,14895000.000000,-5729000.000000,0.000000,9166000.000000,-37830000.000000,192195000.000000,159199000.000000,0.000000,-5142000.000000,-5142000.000000,-5142000.000000,0.000000,0.000000,-0.005000,621686000.000000,-36036000.000000,29477000.000000,0.000000,2.880000,-372.015000,-418.000000,204017000.000000,0.000000,25.080000,1.780000,1.773000,118614000.000000,-417069000.000000,1074633000.000000,1074633000.000000,165779000.000000,-0.003000,-0.009000,0.005000,0.010000,160876000.000000,455907000.000000,1.000000,76272014.000000,75949000.000000,89275000.000000,14.149000,1661694000.000000,0.000000,-765000.000000,0.000000,21.879000
ARY,2013-12-31,2014-04-03,2013-12-31,2013-FY,1076000.000000,,2025-05-01,0.000000,56278000.000000,,26369000.000000,29909000.000000,,-0.741000,-554000.000000,17748000.000000,17748000.000000,48807000.000000,-31314000.000000,1.043000,-19.962000,30332000.000000,6379000.000000,23953000.000000,30332000.000000,4375000.000000,4415000.000000,0.000000,,0.000000,-30164000.000000,-25749000.000000,-0.306000,-25749000.000000,-30164000.000000,-31244000.000000,-7.820000,-7.820000,-7.820000,-2968000.000000,,-2968000.000000,,,,-21513000.000000,-5.370000,1.000000,35325000.000000,0.420000,14863000.000000,1080000.000000,28706000.000000,,0.000000,0.000000,0.000000,0.000000,59246000.000000,25293000.000000,33953000.000000,11787000.000000,-2836000.000000,702000.000000,12092000.000000,0.000000,33767000.000000,-1021000.000000,2490000.000000,-20959000.000000,0.000000,-31314000.000000,-31314000.000000,-31314000.000000,0.000000,0.000000,-0.372000,63618000.000000,-28293000.000000,4306000.000000,0.000000,,,,11607000.000000,0.000000,,,,6970000.000000,-90796000.000000,84132000.000000,84132000.000000,17529000.000000,,,,-0.359000,1949000.000000,46118000.000000,1.000000,46047510.000000,4006000.000000,4006000.000000,21.001000,41415000.000000,0.000000,70000.000000,5448000.000000,10.338000
ARY,2014-12-31,2015-03-10,2014-12-31,2014-FY,56234000.000000,204760947.000000,2025-05-01,0.000000,116934000.000000,109242500.000000,88584000.000000,28350000.000000,0.944000,1.110000,-1025000.000000,58289000.000000,58289000.000000,54661000.000000,-37786000.000000,2.738000,1.801000,47696000.000000,7995000.000000,39701000.000000,47696000.000000,5346000.000000,6463000.000000,0.000000,0.000000,0.000000,-33540000.000000,-27077000.000000,-0.263000,-27077000.000000,-33540000.000000,-37701000.000000,-1.000000,-1.000000,-1.000000,41753000.000000,34605500.000000,41753000.000000,194167947.000000,-6.000000,-7.171000,-25304000.000000,-0.673000,1.000000,48441000.000000,0.470000,14351000.000000,4161000.000000,59640000.000000,52924500.000000,0.000000,20000000.000000,20000000.000000,0.000000,75181000.000000,32350000.000000,42831000.000000,40541000.000000,0.000000,73331000.000000,12531000.000000,0.000000,85862000.000000,-21042000.000000,-19992000.000000,-24279000.000000,0.000000,-37786000.000000,-37786000.000000,-37786000.000000,0.000000,0.000000,-0.366000,83971000.000000,-35530000.000000,4179000.000000,0.000000,4.904000,-5.419000,-4.140000,12571000.000000,0.000000,4.140000,1.986000,1.510000,8335000.000000,-128582000.000000,103102000.000000,103102000.000000,22110000.000000,-0.346000,-1.092000,-0.634000,-0.325000,6753000.000000,61861000.000000,1.000000,49459166.000000,37604000.000000,37604000.000000,2.742000,102583000.000000,0.000000,85000.000000,2879000.000000,2.728000
ARY,2015-12-31,2016-03-03,2015-12-31,2015-FY,22712000.000000,419683438.000000,2025-05-01,0.000000,99233000.000000,103182000.000000,71235000.000000,27998000.000000,1.249000,0.524000,-1116000.000000,58484000.000000,58484000.000000,59495000.000000,-25838000.000000,1.468000,2.776000,46617000.000000,24684000.000000,21933000.000000,46617000.000000,6413000.000000,7388000.000000,0.000000,0.000000,0.000000,-21050000.000000,-13662000.000000,-0.106000,-13662000.000000,-21050000.000000,-25777000.000000,-0.520000,-0.520000,-0.520000,26280000.000000,29649500.000000,26280000.000000,407816438.000000,-19.000000,-29.850000,-14055000.000000,-0.280000,1.000000,69373000.000000,0.538000,13839000.000000,4727000.000000,25004000.000000,40593250.000000,0.000000,0.000000,0.000000,0.000000,72953000.000000,48523000.000000,24430000.000000,195000.000000,0.000000,2635000.000000,-9191000.000000,0.000000,-6556000.000000,19690000.000000,20000000.000000,-12939000.000000,0.000000,-25838000.000000,-25838000.000000,-25838000.000000,0.000000,0.000000,-0.200000,90523000.000000,-21150000.000000,2569000.000000,0.000000,15.970000,-16.243000,-15.750000,13225000.000000,0.000000,8.190000,3.257000,3.187000,10567000.000000,-154420000.000000,128868000.000000,128868000.000000,22659000.000000,-0.250000,-0.871000,-0.519000,-0.163000,7730000.000000,67864000.000000,1.000000,51243399.000000,50141000.000000,50141000.000000,2.570000,85394000.000000,0.000000,61000.000000,3177000.000000,1.703000
ARY,2016-12-31,2017-02-28,2016-12-31,2016-FY,40933000.000000,849531331.000000,2025-05-01,0.000000,105239000.000000,102274500.000000,75011000.000000,30228000.000000,1.585000,0.579000,-1131000.000000,58122000.000000,58122000.000000,66934000.000000,-11860000.000000,2.201000,2.470000,45799000.000000,6972000.000000,38827000.000000,45799000.000000,10047000.000000,8390000.000000,0.000000,0.000000,0.000000,-7580000.000000,810000.000000,0.005000,810000.000000,-7580000.000000,-11806000.000000,-0.230000,-0.230000,-0.230000,30328000.000000,27079750.000000,30328000.000000,837208331.000000,-110.000000,1033.591000,5707000.000000,0.109000,1.000000,95156000.000000,0.587000,13337000.000000,4226000.000000,45501000.000000,31938500.000000,0.000000,0.000000,0.000000,0.000000,74911000.000000,34078000.000000,40833000.000000,-362000.000000,0.000000,6265000.000000,-10700000.000000,0.000000,-4803000.000000,-2397000.000000,-1206000.000000,6838000.000000,0.000000,-11860000.000000,-11860000.000000,-11860000.000000,0.000000,0.000000,-0.073000,101698000.000000,-6542000.000000,3366000.000000,0.000000,28.011000,-71.630000,-69.174000,14688000.000000,0.000000,15.910000,5.241000,5.138000,13881000.000000,-166280000.000000,162090000.000000,162090000.000000,23878000.000000,-0.116000,-0.438000,-0.237000,-0.047000,9643000.000000,77820000.000000,1.000000,53396061.000000,52342000.000000,52342000.000000,3.097000,91902000.000000,0.000000,54000.000000,2823000.000000,1.756000
ARY,2017-12-31,2018-03-01,2017-12-31,2017-FY,53317000.000000,1721331253.000000,2025-05-01,0.000000,128196000.000000,116680500.000000,92835000.000000,35361000.000000,1.716000,0.852000,-2650000.000000,68947000.000000,68947000.000000,83104000.000000,-8969000.000000,2.349000,1.737000,46742000.000000,6987000.000000,39755000.000000,46742000.000000,13975000.000000,8314000.000000,0.000000,0.000000,0.000000,-5230000.000000,3084000.000000,0.015000,3084000.000000,-5230000.000000,-8701000.000000,-0.160000,-0.160000,-0.160000,46838000.000000,36437500.000000,46838000.000000,1699126253.000000,-325.000000,550.949000,8456000.000000,0.154000,1.000000,117121000.000000,0.585000,12871000.000000,3471000.000000,53602000.000000,49506250.000000,0.000000,0.000000,0.000000,0.000000,81358000.000000,39518000.000000,41840000.000000,10825000.000000,0.000000,10136000.000000,-7767000.000000,0.000000,2369000.000000,-2650000.000000,0.000000,11106000.000000,0.000000,-8969000.000000,-8969000.000000,-8969000.000000,0.000000,0.000000,-0.045000,122841000.000000,-5720000.000000,4292000.000000,0.000000,36.751000,-191.920000,-189.625000,19888000.000000,0.000000,30.340000,8.597000,8.326000,19048000.000000,-175421000.000000,200225000.000000,200225000.000000,27120000.000000,-0.077000,-0.246000,-0.106000,-0.026000,15343000.000000,95721000.000000,1.000000,56734715.000000,54946000.000000,54946000.000000,3.644000,115325000.000000,0.000000,268000.000000,2370000.000000,2.099000
ARY,2018-12-31,2019-02-25,2018-12-31,2018-FY,286008000.000000,3161742641.000000,2025-05-01,-93000.000000,394666000.000000,325439750.000000,334002000.000000,60664000.000000,0.792000,2.458000,-9261000.000000,81912000.000000,81912000.000000,104034000.000000,-221000.000000,6.959000,1.765000,207919000.000000,6647000.000000,201272000.000000,207919000.000000,17391000.000000,10274000.000000,0.000000,0.000000,0.000000,10324000.000000,20598000.000000,0.080000,20598000.000000,10324000.000000,79000.000000,0.000000,0.000000,0.000000,142748000.000000,117647500.000000,142748000.000000,3287749641.000000,318.000000,159.615000,29361000.000000,0.506000,1.000000,153630000.000000,0.596000,12429000.000000,10245000.000000,460250000.000000,332367500.000000,0.000000,209907000.000000,209907000.000000,0.000000,251918000.000000,47994000.000000,203924000.000000,12965000.000000,0.000000,13509000.000000,209255000.000000,0.000000,191092000.000000,-216749000.000000,-207488000.000000,38622000.000000,0.000000,-221000.000000,-221000.000000,-221000.000000,0.000000,0.000000,-0.001000,146621000.000000,7009000.000000,7010000.000000,,22.149000,-14306.528000,,25885000.000000,0.000000,53.360000,12.271000,12.027000,24797000.000000,-151497000.000000,257664000.000000,257664000.000000,34172000.000000,-0.001000,-0.002000,0.031000,0.040000,28484000.000000,112449000.000000,1.000000,59253048.000000,58076000.000000,58076000.000000,4.437000,382237000.000000,0.000000,300000.000000,2582000.000000,6.582000
ARY,2019-12-31,2020-02-27,2019-12-31,2019-FY,315282000.000000,4418615838.000000,2025-05-01,576000.000000,482380000.000000,446884250.000000,381274000.000000,101106000.000000,0.734000,3.254000,-19228000.000000,77976000.000000,77976000.000000,134511000.000000,-4552000.000000,5.778000,1.455000,223324000.000000,8582000.000000,214742000.000000,223324000.000000,24681000.000000,19109000.000000,0.000000,0.000000,0.000000,9346000.000000,28455000.000000,0.087000,28455000.000000,9346000.000000,-4448000.000000,-0.080000,-0.080000,-0.080000,196458000.000000,172916250.000000,196458000.000000,4563963838.000000,488.000000,160.392000,31993000.000000,0.530000,1.000000,193495000.000000,0.590000,27331000.000000,13794000.000000,534405000.000000,491169500.000000,0.000000,241973000.000000,241973000.000000,0.000000,285922000.000000,65992000.000000,219930000.000000,-3936000.000000,-13890000.000000,15528000.000000,-7054000.000000,0.000000,8474000.000000,-63631000.000000,-30513000.000000,51221000.000000,0.000000,-4552000.000000,-4552000.000000,-4552000.000000,0.000000,0.000000,-0.014000,190228000.000000,3267000.000000,10156000.000000,0.000000,22.491000,-970.698000,-896.875000,41936000.000000,0.000000,71.750000,13.471000,13.206000,37655000.000000,-156049000.000000,328006000.000000,328006000.000000,45190000.000000,-0.010000,-0.026000,0.019000,0.028000,42065000.000000,145038000.000000,1.000000,61583496.000000,60371000.000000,60371000.000000,5.433000,455049000.000000,0.000000,104000.000000,2723000.000000,7.538000
ARY,2020-12-31,2021-03-01,2020-12-31,2020-FY,585557000.000000,13184653512.000000,2025-05-01,335000.000000,1063742000.000000,893497750.000000,689118000.000000,374624000.000000,0.487000,4.351000,-30422000.000000,220372000.000000,220372000.000000,180284000.000000,-42130000.000000,6.654000,2.810000,653219000.000000,4524000.000000,648695000.000000,653219000.000000,31983000.000000,30774000.000000,0.000000,0.000000,0.000000,-16235000.000000,14539000.000000,0.033000,14539000.000000,-16235000.000000,-44583000.000000,-0.660000,-0.660000,-0.660000,279164000.000000,250606750.000000,279164000.000000,13617500512.000000,-839.000000,936.619000,36880000.000000,0.575000,1.000000,254624000.000000,0.585000,217104000.000000,28348000.000000,1175924000.000000,1035775000.000000,0.000000,425298000.000000,383171000.000000,42127000.000000,784578000.000000,103561000.000000,681017000.000000,142396000.000000,-165438000.000000,23125000.000000,524747000.000000,0.000000,457424000.000000,-382330000.000000,-186470000.000000,67302000.000000,0.000000,-42130000.000000,-42130000.000000,-42130000.000000,0.000000,0.000000,-0.097000,266929000.000000,-12305000.000000,17145000.000000,0.000000,47.229000,-312.952000,-299.682000,60223000.000000,0.000000,197.790000,30.316000,29.176000,48731000.000000,-198179000.000000,434908000.000000,434908000.000000,68747000.000000,-0.047000,-0.168000,-0.016000,-0.037000,64747000.000000,198182000.000000,1.000000,66659859.000000,64154000.000000,64154000.000000,6.779000,846638000.000000,0.000000,-2453000.000000,2571000.000000,13.197000
ARY,2021-12-31,2022-02-28,2021-12-31,2021-FY,459651000.000000,7606458420.000000,2025-05-01,-287000.000000,1192942000.000000,1149578250.000000,617226000.000000,575716000.000000,0.530000,3.127000,-42216000.000000,90878000.000000,90878000.000000,271099000.000000,-53000000.000000,3.917000,4.650000,825513000.000000,9826000.000000,815687000.000000,825513000.000000,43720000.000000,47430000.000000,0.000000,0.000000,0.000000,-56258000.000000,-8828000.000000,-0.014000,-8828000.000000,-56258000.000000,-64285000.000000,-0.790000,-0.790000,-0.790000,211132000.000000,172278500.000000,211132000.000000,8341093420.000000,-148.000000,-944.845000,-13731000.000000,-0.203000,1.000000,338492000.000000,0.555000,205317000.000000,8027000.000000,1564685000.000000,1497515250.000000,0.000000,526357000.000000,378980000.000000,147377000.000000,981810000.000000,157575000.000000,824235000.000000,-129494000.000000,0.000000,22799000.000000,-25300000.000000,0.000000,-7501000.000000,-150478000.000000,-108262000.000000,28485000.000000,0.000000,-53000000.000000,-53000000.000000,-53000000.000000,0.000000,0.000000,-0.087000,394742000.000000,-56250000.000000,20510000.000000,0.000000,36.027000,-143.518000,-139.241000,126488000.000000,0.000000,110.000000,12.478000,12.182000,83731000.000000,-228436000.000000,609591000.000000,609591000.000000,106897000.000000,-0.046000,-0.308000,-0.038000,-0.092000,108805000.000000,287845000.000000,1.000000,69149622.000000,67512000.000000,67512000.000000,9.029000,987625000.000000,0.000000,-11285000.000000,3537000.000000,14.629000
ARY,2022-12-31,2023-02-24,2022-12-31,2022-FY,627934000.000000,5065975408.000000,2025-05-01,-2688000.000000,1244485000.000000,1204228750.000000,778710000.000000,465775000.000000,0.647000,4.433000,-56171000.000000,180520000.000000,180520000.000000,367501000.000000,-94650000.000000,5.165000,3.015000,790560000.000000,10795000.000000,779765000.000000,790560000.000000,57816000.000000,55048000.000000,0.000000,0.000000,0.000000,-82769000.000000,-27721000.000000,-0.036000,-27721000.000000,-82769000.000000,-90262000.000000,-1.350000,-1.350000,-1.350000,309965000.000000,259667750.000000,309965000.000000,5676015408.000000,-69.000000,-204.755000,32694000.000000,0.468000,1.000000,411345000.000000,0.528000,193612000.000000,7493000.000000,1510137000.000000,1510814000.000000,0.000000,434628000.000000,433743000.000000,885000.000000,934520000.000000,150776000.000000,783744000.000000,89596000.000000,0.000000,21935000.000000,-34067000.000000,0.000000,-30232000.000000,30963000.000000,87400000.000000,88865000.000000,0.000000,-94650000.000000,-94650000.000000,-94650000.000000,0.000000,0.000000,-0.122000,498927000.000000,-87582000.000000,23629000.000000,0.000000,16.344000,-53.523000,-52.741000,145341000.000000,0.000000,71.200000,6.504000,6.392000,87494000.000000,-323086000.000000,778846000.000000,778846000.000000,141794000.000000,-0.079000,-0.365000,-0.055000,-0.106000,172507000.000000,357133000.000000,1.000000,71151340.000000,69920000.000000,69920000.000000,11.139000,1050873000.000000,0.000000,4388000.000000,3872000.000000,15.030000
ARY,2023-12-31,2024-02-22,2023-12-31,2023-FY,756839000.000000,4511052924.000000,2025-05-01,582000.000000,1494568000.000000,1410016000.000000,924054000.000000,570514000.000000,0.646000,7.468000,-40771000.000000,143201000.000000,143201000.000000,432690000.000000,-81764000.000000,5.526000,1.778000,793878000.000000,12498000.000000,781380000.000000,793878000.000000,68187000.000000,61157000.000000,0.000000,0.000000,0.000000,-71777000.000000,-10620000.000000,-0.012000,-10620000.000000,-71777000.000000,-79423000.000000,-1.130000,-1.130000,-1.130000,538085000.000000,457460000.000000,538085000.000000,5161729924.000000,-72.000000,-486.039000,88067000.000000,1.222000,1.000000,477798000.000000,0.525000,265735000.000000,7646000.000000,1712295000.000000,1659451500.000000,0.000000,587096000.000000,587096000.000000,0.000000,956483000.000000,167215000.000000,789268000.000000,-36145000.000000,-80588000.000000,25054000.000000,73295000.000000,0.000000,94579000.000000,-259562000.000000,-138203000.000000,128838000.000000,0.000000,-81764000.000000,-81764000.000000,-81764000.000000,0.000000,0.000000,-0.090000,576374000.000000,-98576000.000000,24399000.000000,0.000000,8.384000,-55.172000,-54.442000,152009000.000000,0.000000,61.520000,4.955000,4.868000,97424000.000000,-404850000.000000,910488000.000000,910488000.000000,156582000.000000,-0.058000,-0.179000,-0.043000,-0.079000,206292000.000000,419792000.000000,1.000000,73326608.000000,72048000.000000,72048000.000000,12.637000,1228833000.000000,0.000000,2341000.000000,0.000000,17.056000
ARY,2024-12-31,2025-02-21,2024-12-31,2024-FY,606877000.000000,3190824465.000000,2025-05-01,636000.000000,2051214000.000000,1960206000.000000,1248568000.000000,802646000.000000,0.532000,8.351000,-64611000.000000,362546000.000000,362546000.000000,477540000.000000,-12795000.000000,1.946000,2.297000,1233130000.000000,452516000.000000,780614000.000000,1233130000.000000,79173000.000000,68263000.000000,0.000000,0.000000,0.000000,2057000.000000,70320000.000000,0.067000,70320000.000000,2057000.000000,-12755000.000000,-0.170000,-0.170000,-0.170000,622192000.000000,549313500.000000,622192000.000000,4061408465.000000,1974.000000,57.756000,78557000.000000,1.054000,1.000000,564398000.000000,0.542000,431068000.000000,14812000.000000,1849039000.000000,2044669000.000000,0.000000,643410000.000000,643410000.000000,0.000000,1429022000.000000,641691000.000000,787331000.000000,219343000.000000,-167052000.000000,15278000.000000,327447000.000000,0.000000,342725000.000000,-266550000.000000,-34887000.000000,143168000.000000,0.000000,-12795000.000000,-12795000.000000,-12795000.000000,0.000000,0.000000,-0.012000,615701000.000000,-51303000.000000,26282000.000000,0.000000,5.128000,-249.381000,-247.588000,203037000.000000,0.000000,42.090000,3.062000,3.010000,115172000.000000,-417645000.000000,1041938000.000000,1041938000.000000,166197000.000000,-0.007000,-0.023000,0.001000,0.002000,166315000.000000,449504000.000000,1.000000,75809562.000000,74503000.000000,74503000.000000,13.985000,1620146000.000000,0.000000,40000.000000,0.000000,21.746000
MRQ,2012-12-31,2012-12-31,2012-12-31,2012-Q4,-2047000.000000,,2025-05-01,0.000000,26607000.000000,,14834000.000000,11773000.000000,,-2.429000,,5961000.000000,5961000.000000,,,0.879000,-4.298000,8194000.000000,3987000.000000,4207000.000000,8194000.000000,4269000.000000,,0.000000,,0.000000,,,,,,,,,,-8067000.000000,,-8067000.000000,,,,,,1.000000,,,0.000000,,11959000.000000,,0.000000,2490000.000000,2490000.000000,0.000000,34674000.000000,16881000.000000,17793000.000000,,,,,,,,,,,,,,,,,,,4649000.000000,,,,,10874000.000000,,,,,5441000.000000,-59482000.000000,,,,,,,,,,1.000000,,3321000.000000,,,26607000.000000,0.000000,,3300000.000000,8.012000
MRQ,2013-03-31,2013-03-31,2013-03-31,2013-Q1,,,2025-05-01,,,,,,,,-115000.000000,,,11681000.000000,-6657000.000000,,,,,,,,958000.000000,,,0.000000,-6460000.000000,-5502000.000000,-0.288000,-5502000.000000,-6460000.000000,-6638000.000000,-1.880000,-1.880000,-1.880000,,,,,,,-3958000.000000,-1.119000,1.000000,7434000.000000,0.389000,,178000.000000,,,,,,,,,,-485000.000000,0.000000,87000.000000,3152000.000000,0.000000,3224000.000000,134000.000000,249000.000000,-3843000.000000,0.000000,-6657000.000000,-6657000.000000,-6657000.000000,0.000000,0.000000,-0.348000,14126000.000000,-6692000.000000,,0.000000,,,,,0.000000,,,,,,19115000.000000,19115000.000000,4154000.000000,,,,,264000.000000,9972000.000000,1.000000,,3536000.000000,3536000.000000,5.406000,,,19000.000000,,
MRQ,2013-06-30,2013-06-30,2013-06-30,2013-Q2,,,2025-05-01,,,,,,,,-10000.000000,,,12215000.000000,-8290000.000000,,,,,,,,881000.000000,,,0.000000,-8070000.000000,-7189000.000000,-0.354000,-7189000.000000,-8070000.000000,-8285000.000000,-2.250000,-2.250000,-2.250000,,,,,,,-5991000.000000,-1.626000,1.000000,8068000.000000,0.398000,,215000.000000,,,,,,,,,,12266000.000000,0.000000,72000.000000,-5559000.000000,0.000000,16016000.000000,2231000.000000,2241000.000000,-5981000.000000,0.000000,-8290000.000000,-8290000.000000,-8290000.000000,0.000000,0.000000,-0.409000,15385000.000000,-7317000.000000,,0.000000,,,,,0.000000,,,,,,20283000.000000,20283000.000000,4106000.000000,,,,,304000.000000,11279000.000000,1.000000,,3684000.000000,3684000.000000,5.506000,,,5000.000000,,
MRQ,2013-09-30,2013-09-30,2013-09-30,2013-Q3,,,2025-05-01,,,,,,,,-176000.000000,,,12265000.000000,-7735000.000000,,,,,,,,1063000.000000,,,0.000000,-7417000.000000,-6354000.000000,-0.301000,-6354000.000000,-7417000.000000,-7690000.000000,-2.050000,-2.050000,-2.050000,,,,,,,-5774000.000000,-1.528000,1.000000,8826000.000000,0.418000,,273000.000000,,,,,,,,,,-7632000.000000,0.000000,10000.000000,-1417000.000000,0.000000,-1858000.000000,-176000.000000,0.000000,-5598000.000000,0.000000,-7735000.000000,-7735000.000000,-7735000.000000,0.000000,0.000000,-0.367000,15606000.000000,-6780000.000000,,0.000000,,,,,0.000000,,,,,,21091000.000000,21091000.000000,4419000.000000,,,,,458000.000000,11187000.000000,1.000000,,3779000.000000,3779000.000000,5.581000,,,45000.000000,,
MRQ,2013-12-31,2013-12-31,2013-12-31,2013-Q4,1076000.000000,,2025-05-01,0.000000,56278000.000000,,26369000.000000,29909000.000000,,-0.741000,-253000.000000,17748000.000000,17748000.000000,12646000.000000,-8632000.000000,1.043000,-19.962000,30332000.000000,6379000.000000,23953000.000000,30332000.000000,4375000.000000,1513000.000000,0.000000,,0.000000,-8217000.000000,-6704000.000000,-0.284000,-6704000.000000,-8217000.000000,-8631000.000000,-1.630000,-1.630000,-1.630000,-2968000.000000,,-2968000.000000,,,,-5790000.000000,-1.445000,1.000000,10997000.000000,0.465000,14863000.000000,414000.000000,28706000.000000,,0.000000,0.000000,0.000000,0.000000,59246000.000000,25293000.000000,33953000.000000,7638000.000000,-2836000.000000,533000.000000,15916000.000000,0.000000,16385000.000000,-3210000.000000,0.000000,-5537000.000000,0.000000,-8632000.000000,-8632000.000000,-8632000.000000,0.000000,0.000000,-0.365000,18530000.000000,-7533000.000000,4306000.000000,0.000000,,,,11607000.000000,0.000000,,,,6970000.000000,-90796000.000000,23643000.000000,23643000.000000,4850000.000000,,,,,923000.000000,13680000.000000,1.000000,46047510.000000,4006000.000000,4006000.000000,5.902000,41415000.000000,0.000000,1000.000000,5448000.000000,10.338000
MRQ,2014-03-31,2014-03-31,2014-03-31,2014-Q1,-1850000.000000,,2025-05-01,0.000000,69235000.000000,,38535000.000000,30700000.000000,,-1.604000,-71000.000000,29238000.000000,29238000.000000,13148000.000000,-8320000.000000,0.954000,-8.694000,48242000.000000,19444000.000000,28798000.000000,48242000.000000,4957000.000000,1592000.000000,0.000000,,0.000000,-7515000.000000,-5923000.000000,-0.244000,-5923000.000000,-7515000.000000,-8293000.000000,-1.480000,-1.480000,-1.480000,-8998000.000000,,-8998000.000000,,,,-6251000.000000,-1.115000,1.000000,11126000.000000,0.458000,14735000.000000,778000.000000,33119000.000000,,0.000000,0.000000,0.000000,0.000000,78233000.000000,40385000.000000,37848000.000000,11490000.000000,0.000000,556000.000000,18015000.000000,0.000000,17766000.000000,-96000.000000,0.000000,-6180000.000000,0.000000,-8320000.000000,-8320000.000000,-8320000.000000,0.000000,0.000000,-0.343000,20418000.000000,-9292000.000000,3753000.000000,0.000000,,,,11179000.000000,0.000000,,,,6650000.000000,-99116000.000000,24274000.000000,24274000.000000,5225000.000000,,,,,1196000.000000,15193000.000000,1.000000,46047510.000000,5608000.000000,5608000.000000,4.328000,54500000.000000,0.000000,27000.000000,5825000.000000,9.718000
MRQ,2014-06-30,2014-06-30,2014-06-30,2014-Q2,60612000.000000,347342206.000000,2025-05-01,0.000000,128927000.000000,,101449000.000000,27478000.000000,,1.226000,-265000.000000,61577000.000000,61577000.000000,13469000.000000,-8659000.000000,2.484000,1.242000,47417000.000000,19815000.000000,27602000.000000,47417000.000000,5009000.000000,1699000.000000,0.000000,0.000000,0.000000,-7555000.000000,-5856000.000000,-0.237000,-5856000.000000,-7555000.000000,-8647000.000000,-0.180000,-0.180000,-0.180000,57517000.000000,,57517000.000000,366346206.000000,-12.000000,-14.750000,-8483000.000000,-0.181000,1.000000,11216000.000000,0.454000,14607000.000000,1092000.000000,59323000.000000,,0.000000,29995000.000000,29995000.000000,0.000000,71410000.000000,40837000.000000,30573000.000000,32339000.000000,0.000000,71608000.000000,-1598000.000000,0.000000,70815000.000000,-30258000.000000,-29993000.000000,-8218000.000000,0.000000,-8659000.000000,-8659000.000000,-8659000.000000,0.000000,0.000000,-0.351000,18743000.000000,-7527000.000000,3373000.000000,0.000000,6.039000,-10.416000,-1.348000,11521000.000000,0.000000,7.200000,3.707000,3.604000,7098000.000000,-107775000.000000,24685000.000000,24685000.000000,5554000.000000,,,,,1723000.000000,13189000.000000,1.000000,48241973.000000,46898000.000000,46898000.000000,0.526000,114320000.000000,0.000000,12000.000000,2485000.000000,2.438000
MRQ,2014-09-30,2014-09-30,2014-09-30,2014-Q3,51024000.000000,316631065.000000,2025-05-01,1000.000000,121874000.000000,,93939000.000000,27935000.000000,,0.997000,-142000.000000,53489000.000000,53489000.000000,13504000.000000,-11435000.000000,2.189000,1.531000,48625000.000000,20600000.000000,28025000.000000,48625000.000000,4991000.000000,1567000.000000,0.000000,0.000000,0.000000,-10306000.000000,-8739000.000000,-0.338000,-8739000.000000,-10306000.000000,-11422000.000000,-0.240000,-0.240000,-0.240000,48150000.000000,,48150000.000000,302471065.000000,-9.000000,-11.111000,-6503000.000000,-0.135000,1.000000,12365000.000000,0.478000,14479000.000000,1116000.000000,59616000.000000,,0.000000,29999000.000000,29999000.000000,0.000000,73724000.000000,42915000.000000,30809000.000000,-8088000.000000,0.000000,62000.000000,-1647000.000000,0.000000,-1585000.000000,-142000.000000,0.000000,-6361000.000000,0.000000,-11435000.000000,-11435000.000000,-11435000.000000,0.000000,0.000000,-0.442000,22766000.000000,-10401000.000000,2856000.000000,0.000000,6.576000,-8.547000,-1.853000,12117000.000000,0.000000,6.540000,3.215000,3.209000,7725000.000000,-119210000.000000,25869000.000000,25869000.000000,5503000.000000,,,,,1877000.000000,17263000.000000,1.000000,48414536.000000,48310000.000000,48310000.000000,0.535000,107395000.000000,0.000000,13000.000000,2437000.000000,2.223000
MRQ,2014-12-31,2014-12-31,2014-12-31,2014-Q4,56234000.000000,218979322.000000,2025-05-01,0.000000,116934000.000000,,88584000.000000,28350000.000000,,1.110000,-547000.000000,58289000.000000,58289000.000000,14540000.000000,-9372000.000000,2.738000,1.801000,47696000.000000,7995000.000000,39701000.000000,47696000.000000,5346000.000000,1605000.000000,0.000000,0.000000,0.000000,-8164000.000000,-6559000.000000,-0.232000,-6559000.000000,-8164000.000000,-9339000.000000,-0.160000,-0.160000,-0.160000,41753000.000000,,41753000.000000,214115322.000000,-6.000000,-7.908000,-4067000.000000,-0.108000,1.000000,13734000.000000,0.486000,14351000.000000,1175000.000000,59640000.000000,,0.000000,20000000.000000,20000000.000000,0.000000,75181000.000000,32350000.000000,42831000.000000,4800000.000000,0.000000,1105000.000000,-2239000.000000,0.000000,-1134000.000000,9454000.000000,10001000.000000,-3520000.000000,0.000000,-9372000.000000,-9372000.000000,-9372000.000000,0.000000,0.000000,-0.331000,22044000.000000,-8310000.000000,4179000.000000,0.000000,5.245000,-5.795000,-4.480000,12571000.000000,0.000000,4.480000,2.124000,1.634000,8335000.000000,-128582000.000000,28274000.000000,28274000.000000,5828000.000000,,,,,1957000.000000,16216000.000000,1.000000,48879313.000000,37604000.000000,37604000.000000,0.752000,102583000.000000,0.000000,33000.000000,2879000.000000,2.728000
MRQ,2015-03-31,2015-03-31,2015-03-31,2015-Q1,49498000.000000,274992963.000000,2025-05-01,-1000.000000,110046000.000000,,82534000.000000,27512000.000000,,0.712000,-198000.000000,50646000.000000,50646000.000000,14778000.000000,-8903000.000000,2.498000,2.126000,46753000.000000,7995000.000000,38758000.000000,46753000.000000,5641000.000000,1775000.000000,0.000000,0.000000,0.000000,-7746000.000000,-5971000.000000,-0.197000,-5971000.000000,-7746000.000000,-8885000.000000,-0.180000,-0.180000,-0.180000,35201000.000000,,35201000.000000,264399963.000000,-8.000000,-9.747000,-5951000.000000,-0.120000,1.000000,15496000.000000,0.512000,14223000.000000,1139000.000000,58894000.000000,,0.000000,19999000.000000,19999000.000000,0.000000,74845000.000000,33036000.000000,41809000.000000,-7643000.000000,0.000000,116000.000000,-2468000.000000,0.000000,-2352000.000000,462000.000000,0.000000,-5753000.000000,0.000000,-8903000.000000,-8903000.000000,-8903000.000000,0.000000,0.000000,-0.294000,23244000.000000,-7748000.000000,2541000.000000,0.000000,7.812000,-7.167000,-7.316000,12426000.000000,0.000000,5.560000,2.521000,2.519000,8719000.000000,-137485000.000000,30274000.000000,30274000.000000,6038000.000000,,,,,2235000.000000,17206000.000000,1.000000,49459166.000000,49433000.000000,49433000.000000,0.612000,95823000.000000,0.000000,18000.000000,3524000.000000,1.938000
MRQ,2015-06-30,2015-06-30,2015-06-30,2015-Q2,44835000.000000,260648023.000000,2025-05-01,0.000000,104579000.000000,,77811000.000000,26768000.000000,,0.612000,-216000.000000,65333000.000000,65333000.000000,14270000.000000,-7369000.000000,2.360000,2.420000,47739000.000000,9446000.000000,38293000.000000,47739000.000000,5525000.000000,1910000.000000,0.000000,0.000000,0.000000,-6234000.000000,-4324000.000000,-0.143000,-4324000.000000,-6234000.000000,-7389000.000000,-0.150000,-0.150000,-0.150000,30575000.000000,,30575000.000000,256755023.000000,-8.000000,-10.032000,-4173000.000000,-0.083000,1.000000,16004000.000000,0.529000,14095000.000000,1155000.000000,39914000.000000,,0.000000,0.000000,0.000000,0.000000,74004000.000000,32976000.000000,41028000.000000,14687000.000000,0.000000,913000.000000,-2199000.000000,0.000000,-1286000.000000,19930000.000000,20000000.000000,-3957000.000000,0.000000,-7369000.000000,-7369000.000000,-7369000.000000,0.000000,0.000000,-0.243000,22189000.000000,-6185000.000000,2766000.000000,0.000000,8.525000,-7.030000,-7.164000,11964000.000000,0.000000,5.230000,2.273000,2.279000,8250000.000000,-144854000.000000,30274000.000000,30274000.000000,5568000.000000,,,,,1830000.000000,16621000.000000,1.000000,49837098.000000,49980000.000000,49980000.000000,0.606000,90484000.000000,0.000000,-20000.000000,2926000.000000,1.810000
MRQ,2015-09-30,2015-09-30,2015-09-30,2015-Q3,38258000.000000,185938905.000000,2025-05-01,0.000000,98870000.000000,,71727000.000000,27143000.000000,,0.527000,-275000.000000,59501000.000000,59501000.000000,14812000.000000,-6048000.000000,2.143000,2.725000,46628000.000000,10358000.000000,36270000.000000,46628000.000000,5562000.000000,1840000.000000,0.000000,0.000000,0.000000,-4763000.000000,-2923000.000000,-0.091000,-2923000.000000,-4763000.000000,-5998000.000000,-0.120000,-0.120000,-0.120000,26542000.000000,,26542000.000000,168344905.000000,-6.000000,-8.512000,-3438000.000000,-0.068000,1.000000,17475000.000000,0.541000,13967000.000000,1235000.000000,38561000.000000,,0.000000,0.000000,0.000000,0.000000,72328000.000000,33469000.000000,38859000.000000,-5832000.000000,0.000000,70000.000000,-2464000.000000,0.000000,-2394000.000000,-275000.000000,0.000000,-3163000.000000,0.000000,-6048000.000000,-6048000.000000,-6048000.000000,0.000000,0.000000,-0.187000,22357000.000000,-4882000.000000,2865000.000000,0.000000,7.005000,-5.867000,-6.066000,12376000.000000,0.000000,3.700000,1.535000,1.539000,9309000.000000,-150902000.000000,32287000.000000,32287000.000000,5473000.000000,,,,,1945000.000000,16884000.000000,1.000000,50253758.000000,50369000.000000,50369000.000000,0.641000,84903000.000000,0.000000,50000.000000,2985000.000000,1.686000
MRQ,2015-12-31,2015-12-31,2015-12-31,2015-Q4,22712000.000000,439387105.000000,2025-05-01,0.000000,99233000.000000,,71235000.000000,27998000.000000,,0.518000,-427000.000000,58484000.000000,58484000.000000,15635000.000000,-3518000.000000,1.468000,2.776000,46617000.000000,24684000.000000,21933000.000000,46617000.000000,6413000.000000,1863000.000000,0.000000,0.000000,0.000000,-2307000.000000,-444000.000000,-0.012000,-444000.000000,-2307000.000000,-3505000.000000,-0.070000,-0.070000,-0.070000,26280000.000000,,26280000.000000,426514105.000000,-20.000000,-31.219000,-493000.000000,-0.010000,1.000000,20398000.000000,0.566000,13839000.000000,1198000.000000,25004000.000000,,0.000000,0.000000,0.000000,0.000000,72953000.000000,48523000.000000,24430000.000000,-1017000.000000,0.000000,1536000.000000,-2060000.000000,0.000000,-524000.000000,-427000.000000,0.000000,-66000.000000,0.000000,-3518000.000000,-3518000.000000,-3518000.000000,0.000000,0.000000,-0.098000,22733000.000000,-2335000.000000,2569000.000000,0.000000,16.719000,-17.005000,-16.731000,13225000.000000,0.000000,8.700000,3.410000,3.385000,10567000.000000,-154420000.000000,36033000.000000,36033000.000000,5580000.000000,,,,,1720000.000000,17153000.000000,1.000000,50504265.000000,50771000.000000,50771000.000000,0.710000,85394000.000000,0.000000,13000.000000,3177000.000000,1.682000
MRQ,2016-03-31,2016-03-31,2016-03-31,2016-Q1,21127000.000000,455553817.000000,2025-05-01,0.000000,101664000.000000,,74194000.000000,27470000.000000,,0.501000,-252000.000000,57767000.000000,57767000.000000,16610000.000000,-4911000.000000,1.398000,2.947000,45198000.000000,25060000.000000,20138000.000000,45198000.000000,7832000.000000,2103000.000000,0.000000,0.000000,0.000000,-3684000.000000,-1581000.000000,-0.042000,-1581000.000000,-3684000.000000,-4883000.000000,-0.100000,-0.100000,-0.100000,25759000.000000,,25759000.000000,443686817.000000,-26.000000,-47.852000,-200000.000000,-0.004000,1.000000,21405000.000000,0.563000,13711000.000000,1199000.000000,22317000.000000,,0.000000,0.000000,0.000000,0.000000,75905000.000000,53067000.000000,22838000.000000,-717000.000000,0.000000,2397000.000000,-2914000.000000,0.000000,-517000.000000,-252000.000000,0.000000,52000.000000,0.000000,-4911000.000000,-4911000.000000,-4911000.000000,0.000000,0.000000,-0.129000,25044000.000000,-3639000.000000,3376000.000000,0.000000,17.685000,-20.853000,-20.205000,12795000.000000,0.000000,8.890000,3.335000,3.343000,12528000.000000,-159331000.000000,38015000.000000,38015000.000000,5802000.000000,,,,,1994000.000000,19242000.000000,1.000000,51243399.000000,51377000.000000,51377000.000000,0.740000,87953000.000000,0.000000,28000.000000,3069000.000000,1.712000
MRQ,2016-06-30,2016-06-30,2016-06-30,2016-Q2,20168000.000000,616758936.000000,2025-05-01,0.000000,99496000.000000,,71793000.000000,27703000.000000,,0.507000,-316000.000000,57638000.000000,57638000.000000,16764000.000000,-3468000.000000,1.391000,2.761000,43536000.000000,24347000.000000,19189000.000000,43536000.000000,7898000.000000,2060000.000000,0.000000,0.000000,0.000000,-2229000.000000,-169000.000000,-0.004000,-169000.000000,-2229000.000000,-3426000.000000,-0.070000,-0.070000,-0.070000,26453000.000000,,26453000.000000,604189936.000000,-47.000000,-118.075000,1889000.000000,0.036000,1.000000,22122000.000000,0.569000,13583000.000000,1197000.000000,20186000.000000,,0.000000,0.000000,0.000000,0.000000,73043000.000000,51625000.000000,21418000.000000,-129000.000000,0.000000,1747000.000000,-3705000.000000,0.000000,-1958000.000000,-376000.000000,0.000000,2205000.000000,0.000000,-3468000.000000,-3468000.000000,-3468000.000000,0.000000,0.000000,-0.089000,24318000.000000,-2196000.000000,3004000.000000,0.000000,23.315000,-34.369000,-33.056000,13188000.000000,0.000000,11.900000,4.247000,4.273000,10765000.000000,-162799000.000000,38886000.000000,38886000.000000,5799000.000000,,,,,2414000.000000,18519000.000000,1.000000,51828482.000000,52143000.000000,52143000.000000,0.746000,85913000.000000,0.000000,42000.000000,2865000.000000,1.648000
MRQ,2016-09-30,2016-09-30,2016-09-30,2016-Q3,37498000.000000,824048664.000000,2025-05-01,0.000000,102699000.000000,,74329000.000000,28370000.000000,,0.489000,-405000.000000,57333000.000000,57333000.000000,17790000.000000,-3890000.000000,2.018000,2.984000,44670000.000000,6704000.000000,37966000.000000,44670000.000000,8838000.000000,2139000.000000,0.000000,0.000000,0.000000,-2931000.000000,-792000.000000,-0.019000,-792000.000000,-2931000.000000,-3892000.000000,-0.070000,-0.070000,-0.070000,25779000.000000,,25779000.000000,809946664.000000,-73.000000,-271.248000,1342000.000000,0.025000,1.000000,23192000.000000,0.566000,13455000.000000,961000.000000,39750000.000000,,0.000000,0.000000,0.000000,0.000000,76920000.000000,36831000.000000,40089000.000000,-305000.000000,0.000000,698000.000000,-1977000.000000,0.000000,-1647000.000000,-405000.000000,0.000000,1747000.000000,0.000000,-3890000.000000,-3890000.000000,-3890000.000000,0.000000,0.000000,-0.095000,25109000.000000,-1917000.000000,3609000.000000,0.000000,31.966000,-52.198000,-50.581000,13690000.000000,0.000000,15.680000,5.354000,5.370000,12899000.000000,-166689000.000000,40982000.000000,40982000.000000,6041000.000000,,,,,2519000.000000,19068000.000000,1.000000,52554124.000000,52708000.000000,52708000.000000,0.778000,89244000.000000,0.000000,-2000.000000,2898000.000000,1.693000
MRQ,2016-12-31,2016-12-31,2016-12-31,2016-Q4,40933000.000000,751622022.000000,2025-05-01,0.000000,105239000.000000,,75011000.000000,30228000.000000,,0.571000,-158000.000000,58122000.000000,58122000.000000,15770000.000000,409000.000000,2.201000,2.470000,45799000.000000,6972000.000000,38827000.000000,45799000.000000,10047000.000000,2088000.000000,0.000000,0.000000,0.000000,1264000.000000,3352000.000000,0.076000,3352000.000000,1264000.000000,395000.000000,0.010000,0.010000,0.010000,30328000.000000,,30328000.000000,738959022.000000,-97.000000,912.295000,2676000.000000,0.050000,1.000000,28437000.000000,0.643000,13337000.000000,869000.000000,45501000.000000,,0.000000,0.000000,0.000000,0.000000,74911000.000000,34078000.000000,40833000.000000,789000.000000,0.000000,1423000.000000,-2104000.000000,0.000000,-681000.000000,-1364000.000000,-1206000.000000,2834000.000000,0.000000,409000.000000,409000.000000,409000.000000,0.000000,0.000000,0.009000,27227000.000000,1210000.000000,3366000.000000,0.000000,24.783000,-63.375000,-61.696000,14688000.000000,0.000000,14.190000,4.637000,4.582000,13881000.000000,-166280000.000000,44207000.000000,44207000.000000,6236000.000000,,,,,2716000.000000,20991000.000000,1.000000,52968430.000000,53134000.000000,53134000.000000,0.832000,91902000.000000,0.000000,-14000.000000,2823000.000000,1.730000
MRQ,2017-03-31,2017-03-31,2017-03-31,2017-Q1,38872000.000000,878899164.000000,2025-05-01,0.000000,108348000.000000,,77022000.000000,31326000.000000,,0.540000,-514000.000000,56452000.000000,56452000.000000,19971000.000000,-5255000.000000,2.019000,2.738000,45876000.000000,6652000.000000,39224000.000000,45876000.000000,10920000.000000,2095000.000000,0.000000,0.000000,0.000000,-4324000.000000,-2229000.000000,-0.047000,-2229000.000000,-4324000.000000,-5206000.000000,-0.100000,-0.100000,-0.100000,28985000.000000,,28985000.000000,866576164.000000,-105.000000,5349.236000,-355000.000000,-0.007000,1.000000,27043000.000000,0.575000,13220000.000000,882000.000000,46402000.000000,,0.000000,0.000000,0.000000,0.000000,79363000.000000,38150000.000000,41213000.000000,-1670000.000000,0.000000,793000.000000,-2108000.000000,0.000000,-1315000.000000,-514000.000000,0.000000,159000.000000,0.000000,-5255000.000000,-5255000.000000,-5255000.000000,0.000000,0.000000,-0.112000,31485000.000000,-4442000.000000,3394000.000000,0.000000,30.323000,-72.017000,-71.565000,15830000.000000,0.000000,16.460000,5.137000,5.165000,15453000.000000,-171706000.000000,47014000.000000,47014000.000000,6847000.000000,,,,,3129000.000000,24638000.000000,1.000000,53396061.000000,53688000.000000,53688000.000000,0.876000,95128000.000000,0.000000,49000.000000,2537000.000000,1.772000
MRQ,2017-06-30,2017-06-30,2017-06-30,2017-Q2,42468000.000000,1171735594.000000,2025-05-01,0.000000,111463000.000000,,80504000.000000,30959000.000000,,0.588000,-664000.000000,57149000.000000,57149000.000000,20273000.000000,-4007000.000000,2.117000,2.466000,45796000.000000,6818000.000000,38978000.000000,45796000.000000,11903000.000000,2270000.000000,0.000000,0.000000,0.000000,-3069000.000000,-799000.000000,-0.017000,-799000.000000,-3069000.000000,-3957000.000000,-0.070000,-0.070000,-0.070000,32155000.000000,,32155000.000000,1161159594.000000,-128.000000,-2481.110000,-580000.000000,-0.011000,1.000000,27454000.000000,0.575000,13104000.000000,888000.000000,48970000.000000,,0.000000,0.000000,0.000000,0.000000,79308000.000000,38036000.000000,41272000.000000,697000.000000,0.000000,3310000.000000,-2033000.000000,0.000000,1277000.000000,-664000.000000,0.000000,84000.000000,0.000000,-4007000.000000,-4007000.000000,-4007000.000000,0.000000,0.000000,-0.084000,30613000.000000,-3159000.000000,4586000.000000,0.000000,36.440000,-91.951000,-93.565000,15656000.000000,0.000000,21.520000,6.512000,6.545000,16281000.000000,-175713000.000000,47727000.000000,47727000.000000,6836000.000000,,,,,3854000.000000,23777000.000000,1.000000,54448680.000000,54723000.000000,54723000.000000,0.872000,98359000.000000,0.000000,50000.000000,2475000.000000,1.797000
MRQ,2017-09-30,2017-09-30,2017-09-30,2017-Q3,46088000.000000,1317285760.000000,2025-05-01,0.000000,118715000.000000,,85404000.000000,33311000.000000,,0.683000,-631000.000000,63364000.000000,63364000.000000,20497000.000000,924000.000000,2.172000,2.143000,46004000.000000,6543000.000000,39461000.000000,46004000.000000,13699000.000000,1881000.000000,0.000000,0.000000,0.000000,1832000.000000,3713000.000000,0.074000,3713000.000000,1832000.000000,967000.000000,0.020000,0.020000,0.020000,37772000.000000,,37772000.000000,1305932760.000000,-304.000000,323.491000,7352000.000000,0.133000,1.000000,29584000.000000,0.591000,12988000.000000,865000.000000,49051000.000000,,0.000000,0.000000,0.000000,0.000000,80943000.000000,39316000.000000,41627000.000000,6215000.000000,0.000000,977000.000000,-2114000.000000,0.000000,-1137000.000000,-631000.000000,0.000000,7983000.000000,0.000000,924000.000000,924000.000000,924000.000000,0.000000,0.000000,0.018000,27870000.000000,1714000.000000,4787000.000000,0.000000,34.875000,-166.135000,-170.714000,17958000.000000,0.000000,23.900000,6.969000,6.993000,17231000.000000,-174789000.000000,50081000.000000,50081000.000000,6689000.000000,,,,,3720000.000000,21181000.000000,1.000000,55116559.000000,55310000.000000,59441000.000000,0.905000,105727000.000000,0.000000,43000.000000,2381000.000000,1.912000
MRQ,2017-12-31,2017-12-31,2017-12-31,2017-Q4,53317000.000000,1384596134.000000,2025-05-01,0.000000,128196000.000000,,92835000.000000,35361000.000000,,0.836000,-841000.000000,68947000.000000,68947000.000000,22363000.000000,-631000.000000,2.349000,1.737000,46742000.000000,6987000.000000,39755000.000000,46742000.000000,13975000.000000,2068000.000000,0.000000,0.000000,0.000000,331000.000000,2399000.000000,0.043000,2399000.000000,331000.000000,-505000.000000,-0.010000,-0.010000,-0.010000,46838000.000000,,46838000.000000,1367236134.000000,-261.000000,443.332000,2039000.000000,0.036000,1.000000,33040000.000000,0.596000,12871000.000000,836000.000000,53602000.000000,,0.000000,0.000000,0.000000,0.000000,81358000.000000,39518000.000000,41840000.000000,5583000.000000,0.000000,5056000.000000,-1512000.000000,0.000000,3544000.000000,-841000.000000,0.000000,2880000.000000,0.000000,-631000.000000,-631000.000000,-631000.000000,0.000000,0.000000,-0.011000,32873000.000000,167000.000000,4292000.000000,0.000000,29.561000,-154.376000,-155.500000,19888000.000000,0.000000,24.880000,6.915000,6.828000,19048000.000000,-175421000.000000,55403000.000000,55403000.000000,6748000.000000,,,,,4640000.000000,26125000.000000,1.000000,55650970.000000,56047000.000000,56047000.000000,0.989000,115325000.000000,0.000000,126000.000000,2370000.000000,2.058000
MRQ,2018-03-31,2018-03-31,2018-03-31,2018-Q1,71190000.000000,1690127160.000000,2025-05-01,0.000000,165911000.000000,,113922000.000000,51989000.000000,,1.426000,-433000.000000,80676000.000000,80676000.000000,24702000.000000,-607000.000000,2.666000,1.062000,47238000.000000,6990000.000000,40248000.000000,47238000.000000,13700000.000000,2320000.000000,0.000000,0.000000,0.000000,248000.000000,2568000.000000,0.044000,2568000.000000,248000.000000,-562000.000000,-0.010000,-0.010000,-0.010000,80452000.000000,,80452000.000000,1667922160.000000,-2535.000000,211.638000,7564000.000000,0.134000,1.000000,34203000.000000,0.581000,12755000.000000,810000.000000,76986000.000000,,0.000000,0.000000,0.000000,0.000000,85459000.000000,42732000.000000,42727000.000000,11729000.000000,0.000000,4751000.000000,-2509000.000000,0.000000,2242000.000000,1490000.000000,1923000.000000,7997000.000000,0.000000,-607000.000000,-607000.000000,-607000.000000,0.000000,0.000000,-0.010000,34353000.000000,-150000.000000,5482000.000000,0.000000,21.008000,-391.143000,-425.571000,20876000.000000,0.000000,29.790000,7.968000,7.921000,18534000.000000,-151883000.000000,58905000.000000,58905000.000000,7772000.000000,,,,,5325000.000000,26581000.000000,1.000000,56734715.000000,56399000.000000,56399000.000000,1.044000,153156000.000000,0.000000,45000.000000,2076000.000000,2.716000
MRQ,2018-06-30,2018-06-30,2018-06-30,2018-Q2,266277000.000000,1994132388.000000,2025-05-01,0.000000,365066000.000000,,310989000.000000,54077000.000000,,2.064000,-659000.000000,166162000.000000,166162000.000000,24814000.000000,-2042000.000000,6.955000,2.055000,205957000.000000,7473000.000000,198484000.000000,205957000.000000,14750000.000000,2449000.000000,0.000000,0.000000,0.000000,400000.000000,2849000.000000,0.047000,2849000.000000,400000.000000,-1978000.000000,-0.040000,-0.040000,-0.040000,119506000.000000,,119506000.000000,1960694388.000000,698.000000,170.066000,5052000.000000,0.087000,1.000000,36306000.000000,0.594000,12639000.000000,2378000.000000,347510000.000000,,0.000000,108140000.000000,108140000.000000,0.000000,245560000.000000,44712000.000000,200848000.000000,85486000.000000,0.000000,3954000.000000,215998000.000000,0.000000,188540000.000000,-108765000.000000,-108106000.000000,5711000.000000,0.000000,-2042000.000000,-2042000.000000,-2042000.000000,0.000000,0.000000,-0.033000,36112000.000000,194000.000000,6035000.000000,0.000000,16.686000,-846.406000,-864.250000,22019000.000000,0.000000,34.570000,8.843000,8.876000,20167000.000000,-153925000.000000,61120000.000000,61120000.000000,8367000.000000,,,,,6797000.000000,27745000.000000,1.000000,57683899.000000,57903000.000000,57903000.000000,1.056000,352427000.000000,0.000000,64000.000000,2129000.000000,6.087000
MRQ,2018-09-30,2018-09-30,2018-09-30,2018-Q3,274050000.000000,2547335445.000000,2025-05-01,0.000000,376116000.000000,,320124000.000000,55992000.000000,,2.188000,-3411000.000000,79619000.000000,79619000.000000,26179000.000000,-1305000.000000,6.948000,1.941000,206823000.000000,6909000.000000,199914000.000000,206823000.000000,17490000.000000,2667000.000000,0.000000,0.000000,0.000000,2331000.000000,4998000.000000,0.077000,4998000.000000,2331000.000000,-1264000.000000,-0.020000,-0.020000,-0.020000,127884000.000000,,127884000.000000,2587130445.000000,782.000000,201.899000,6033000.000000,0.103000,1.000000,39125000.000000,0.599000,12522000.000000,3595000.000000,444724000.000000,,0.000000,200007000.000000,200007000.000000,0.000000,248232000.000000,46074000.000000,202158000.000000,-86543000.000000,0.000000,1290000.000000,-2066000.000000,0.000000,-776000.000000,-95211000.000000,-91800000.000000,9444000.000000,0.000000,-1305000.000000,-1305000.000000,-1305000.000000,0.000000,0.000000,-0.020000,38146000.000000,979000.000000,4528000.000000,0.000000,19.919000,-555.580000,-546.125000,22909000.000000,0.000000,43.690000,10.582000,10.609000,23903000.000000,-155230000.000000,65304000.000000,65304000.000000,9582000.000000,,,,,8869000.000000,28564000.000000,1.000000,58304771.000000,58454000.000000,58454000.000000,1.117000,363594000.000000,0.000000,41000.000000,2206000.000000,6.220000
MRQ,2018-12-31,2018-12-31,2018-12-31,2018-Q4,286008000.000000,2569509916.000000,2025-05-01,-93000.000000,394666000.000000,,334002000.000000,60664000.000000,,2.422000,-4758000.000000,81912000.000000,81912000.000000,28339000.000000,3733000.000000,6.959000,1.765000,207919000.000000,6647000.000000,201272000.000000,207919000.000000,17391000.000000,2838000.000000,0.000000,0.000000,0.000000,7345000.000000,10183000.000000,0.141000,10183000.000000,7345000.000000,3883000.000000,0.070000,0.070000,0.070000,142748000.000000,,142748000.000000,2696713916.000000,261.000000,130.921000,10712000.000000,0.182000,1.000000,43996000.000000,0.608000,12429000.000000,3462000.000000,460250000.000000,,0.000000,209907000.000000,209907000.000000,0.000000,251918000.000000,47994000.000000,203924000.000000,2293000.000000,0.000000,3514000.000000,-2168000.000000,0.000000,1086000.000000,-14263000.000000,-9505000.000000,15470000.000000,0.000000,3733000.000000,3733000.000000,3733000.000000,0.000000,0.000000,0.052000,38010000.000000,5986000.000000,7010000.000000,0.000000,18.000000,-11626.742000,,25885000.000000,0.000000,43.720000,9.972000,9.854000,24797000.000000,-151497000.000000,72335000.000000,72335000.000000,8451000.000000,,,,,7493000.000000,29559000.000000,1.000000,58771956.000000,58934000.000000,58934000.000000,1.227000,382237000.000000,0.000000,150000.000000,2582000.000000,6.486000
MRQ,2019-03-31,2019-03-31,2019-03-31,2019-Q1,288263000.000000,3130338526.000000,2025-05-01,81000.000000,415366000.000000,,344596000.000000,70770000.000000,,2.538000,-3985000.000000,93492000.000000,93492000.000000,30851000.000000,-1924000.000000,6.117000,1.757000,216700000.000000,10530000.000000,206170000.000000,216700000.000000,17853000.000000,4202000.000000,0.000000,0.000000,0.000000,1423000.000000,5625000.000000,0.075000,5625000.000000,1423000.000000,-1973000.000000,-0.030000,-0.030000,-0.030000,150666000.000000,,150666000.000000,3256345526.000000,283.000000,137.660000,7205000.000000,0.121000,1.000000,43687000.000000,0.586000,12341000.000000,3396000.000000,469900000.000000,,0.000000,205450000.000000,205450000.000000,0.000000,264700000.000000,56333000.000000,208367000.000000,11580000.000000,0.000000,982000.000000,-1894000.000000,0.000000,-912000.000000,1302000.000000,5287000.000000,11190000.000000,0.000000,-1924000.000000,-1924000.000000,-1924000.000000,0.000000,0.000000,-0.026000,44009000.000000,-322000.000000,7233000.000000,0.000000,20.777000,-2035.331000,-2641.500000,34231000.000000,0.000000,52.830000,11.454000,11.476000,25840000.000000,-153421000.000000,74538000.000000,74538000.000000,10546000.000000,,,,,8686000.000000,33463000.000000,1.000000,59253048.000000,59367000.000000,59367000.000000,1.256000,403025000.000000,0.000000,-49000.000000,2243000.000000,6.789000
MRQ,2019-06-30,2019-06-30,2019-06-30,2019-Q2,302649000.000000,3060825636.000000,2025-05-01,146000.000000,435767000.000000,,358619000.000000,77148000.000000,,2.773000,-4241000.000000,110469000.000000,110469000.000000,31248000.000000,-1860000.000000,6.407000,1.616000,221837000.000000,10677000.000000,211160000.000000,221837000.000000,19991000.000000,4498000.000000,0.000000,0.000000,0.000000,1575000.000000,6073000.000000,0.078000,6073000.000000,1575000.000000,-1831000.000000,-0.030000,-0.030000,-0.030000,166570000.000000,,166570000.000000,3184033636.000000,251.000000,118.458000,2547000.000000,0.042000,1.000000,46188000.000000,0.596000,12253000.000000,3406000.000000,478912000.000000,,0.000000,197007000.000000,197007000.000000,0.000000,269197000.000000,55970000.000000,213227000.000000,16977000.000000,0.000000,7262000.000000,-1808000.000000,0.000000,5454000.000000,4735000.000000,8976000.000000,6788000.000000,0.000000,-1860000.000000,-1860000.000000,-1860000.000000,0.000000,0.000000,-0.024000,46103000.000000,85000.000000,7534000.000000,0.000000,18.376000,-2257.246000,-5129.000000,38474000.000000,0.000000,51.290000,10.569000,10.636000,28153000.000000,-155281000.000000,77436000.000000,77436000.000000,10811000.000000,,,,,10436000.000000,35292000.000000,1.000000,59676850.000000,60058000.000000,60058000.000000,1.289000,423514000.000000,0.000000,29000.000000,2102000.000000,7.052000
MRQ,2019-09-30,2019-09-30,2019-09-30,2019-Q3,313813000.000000,3259294511.000000,2025-05-01,227000.000000,454024000.000000,,375452000.000000,78572000.000000,,2.928000,-4550000.000000,120573000.000000,120573000.000000,34472000.000000,-1604000.000000,6.091000,1.551000,221814000.000000,9467000.000000,212347000.000000,221814000.000000,21858000.000000,4770000.000000,0.000000,0.000000,0.000000,1932000.000000,6702000.000000,0.080000,6702000.000000,1932000.000000,-1554000.000000,-0.030000,-0.030000,-0.030000,177971000.000000,,177971000.000000,3370662511.000000,275.000000,117.925000,13127000.000000,0.216000,1.000000,49297000.000000,0.588000,12165000.000000,3486000.000000,481461000.000000,,0.000000,200385000.000000,200385000.000000,0.000000,276053000.000000,61639000.000000,214414000.000000,10104000.000000,0.000000,1849000.000000,-1706000.000000,0.000000,143000.000000,-7716000.000000,-3166000.000000,17677000.000000,0.000000,-1604000.000000,-1604000.000000,-1604000.000000,0.000000,0.000000,-0.019000,48825000.000000,472000.000000,6757000.000000,0.000000,18.314000,-1969.362000,-2687.000000,37332000.000000,0.000000,53.740000,10.579000,10.602000,31407000.000000,-156885000.000000,83769000.000000,83769000.000000,11665000.000000,,,,,11075000.000000,37160000.000000,1.000000,60649321.000000,60781000.000000,60781000.000000,1.378000,441859000.000000,0.000000,50000.000000,2268000.000000,7.270000
MRQ,2019-12-31,2019-12-31,2019-12-31,2019-Q4,315282000.000000,4005532817.000000,2025-05-01,576000.000000,482380000.000000,,381274000.000000,101106000.000000,,3.207000,-6452000.000000,77976000.000000,77976000.000000,37940000.000000,836000.000000,5.778000,1.455000,223324000.000000,8582000.000000,214742000.000000,223324000.000000,24681000.000000,5639000.000000,0.000000,0.000000,0.000000,4416000.000000,10055000.000000,0.109000,10055000.000000,4416000.000000,910000.000000,0.010000,0.010000,0.010000,196458000.000000,,196458000.000000,4106773817.000000,439.000000,144.325000,9114000.000000,0.149000,1.000000,54323000.000000,0.589000,27331000.000000,3506000.000000,534405000.000000,,0.000000,241973000.000000,241973000.000000,0.000000,285922000.000000,65992000.000000,219930000.000000,-42597000.000000,-13890000.000000,5435000.000000,-1646000.000000,0.000000,3789000.000000,-61952000.000000,-41610000.000000,15566000.000000,0.000000,836000.000000,836000.000000,836000.000000,0.000000,0.000000,0.009000,51291000.000000,3032000.000000,10156000.000000,0.000000,20.389000,-879.950000,-819.750000,41936000.000000,0.000000,65.580000,12.212000,12.070000,37655000.000000,-156049000.000000,92263000.000000,92263000.000000,12168000.000000,,,,,11868000.000000,39123000.000000,1.000000,61078573.000000,61262000.000000,61262000.000000,1.506000,455049000.000000,0.000000,74000.000000,2723000.000000,7.428000
MRQ,2020-03-31,2020-03-31,2020-03-31,2020-Q1,322868000.000000,4708674104.000000,2025-05-01,1630000.000000,503659000.000000,,393981000.000000,109678000.000000,,3.346000,-6045000.000000,155863000.000000,155863000.000000,40037000.000000,-7437000.000000,5.540000,1.439000,227547000.000000,8899000.000000,218648000.000000,227547000.000000,25632000.000000,6364000.000000,0.000000,0.000000,0.000000,-3884000.000000,2480000.000000,0.026000,2480000.000000,-3884000.000000,-7368000.000000,-0.120000,-0.120000,-0.120000,206466000.000000,,206466000.000000,4854022104.000000,1202.000000,191.783000,4349000.000000,0.070000,1.000000,55051000.000000,0.579000,26341000.000000,3484000.000000,477889000.000000,,0.000000,170433000.000000,170433000.000000,0.000000,297193000.000000,71113000.000000,226080000.000000,77887000.000000,-100000.000000,2596000.000000,-1229000.000000,0.000000,1367000.000000,66126000.000000,72271000.000000,10394000.000000,0.000000,-7437000.000000,-7437000.000000,-7437000.000000,0.000000,0.000000,-0.078000,60007000.000000,-4956000.000000,8367000.000000,0.000000,22.806000,-467.827000,-449.765000,45974000.000000,0.000000,76.460000,13.509000,13.536000,39972000.000000,-163486000.000000,95088000.000000,95088000.000000,15189000.000000,,,,,13794000.000000,44818000.000000,1.000000,61583496.000000,61705000.000000,61705000.000000,1.541000,477318000.000000,0.000000,69000.000000,2566000.000000,7.735000
MRQ,2020-06-30,2020-06-30,2020-06-30,2020-Q2,675548000.000000,6864738363.000000,2025-05-01,1004000.000000,993303000.000000,,759230000.000000,234073000.000000,,4.020000,-8846000.000000,233235000.000000,233235000.000000,42453000.000000,-16052000.000000,9.073000,2.904000,654831000.000000,7279000.000000,647552000.000000,654831000.000000,26306000.000000,7635000.000000,0.000000,0.000000,0.000000,-13194000.000000,-5559000.000000,-0.056000,-5559000.000000,-13194000.000000,-18928000.000000,-0.250000,-0.250000,-0.250000,254408000.000000,,254408000.000000,6936422363.000000,-646.000000,507.123000,5919000.000000,0.094000,1.000000,57339000.000000,0.575000,60049000.000000,5734000.000000,1271168000.000000,,0.000000,534772000.000000,452708000.000000,82064000.000000,738895000.000000,83682000.000000,655213000.000000,77372000.000000,-28313000.000000,9150000.000000,546384000.000000,0.000000,465086000.000000,-402479000.000000,-365320000.000000,14765000.000000,0.000000,-16052000.000000,-16052000.000000,-16052000.000000,0.000000,0.000000,-0.161000,65568000.000000,-8229000.000000,12045000.000000,0.000000,26.983000,-283.000000,-283.769000,49805000.000000,0.000000,110.670000,18.508000,18.882000,39607000.000000,-179538000.000000,99792000.000000,99792000.000000,17208000.000000,,,,,16791000.000000,48360000.000000,1.000000,62028900.000000,63282000.000000,63282000.000000,1.577000,933254000.000000,0.000000,-2876000.000000,2412000.000000,14.748000
MRQ,2020-09-30,2020-09-30,2020-09-30,2020-Q3,765323000.000000,8472755622.000000,2025-05-01,761000.000000,1013287000.000000,,857290000.000000,155997000.000000,,4.008000,-5521000.000000,301767000.000000,301767000.000000,46561000.000000,-11431000.000000,9.322000,2.862000,656877000.000000,5606000.000000,651271000.000000,656877000.000000,28527000.000000,7978000.000000,0.000000,0.000000,0.000000,-1436000.000000,6542000.000000,0.058000,6542000.000000,-1436000.000000,-11085000.000000,-0.170000,-0.170000,-0.170000,262389000.000000,,262389000.000000,8894351622.000000,-631.000000,657.964000,17310000.000000,0.264000,1.000000,65582000.000000,0.585000,58311000.000000,9649000.000000,1218119000.000000,,0.000000,479141000.000000,479141000.000000,0.000000,750898000.000000,91967000.000000,658931000.000000,68532000.000000,0.000000,2848000.000000,-5836000.000000,0.000000,-2988000.000000,48689000.000000,54210000.000000,22831000.000000,0.000000,-11431000.000000,-11431000.000000,-11431000.000000,0.000000,0.000000,-0.102000,67367000.000000,-1785000.000000,12829000.000000,0.000000,32.291000,-248.585000,-244.679000,50345000.000000,0.000000,129.680000,21.220000,21.260000,42542000.000000,-190969000.000000,112143000.000000,112143000.000000,17674000.000000,,,,,17286000.000000,49693000.000000,1.000000,65335870.000000,65460000.000000,65460000.000000,1.713000,954976000.000000,0.000000,346000.000000,2480000.000000,14.589000
MRQ,2020-12-31,2020-12-31,2020-12-31,2020-Q4,585557000.000000,11507185285.000000,2025-05-01,335000.000000,1063742000.000000,,689118000.000000,374624000.000000,,4.220000,-10010000.000000,220372000.000000,220372000.000000,51233000.000000,-7210000.000000,6.654000,2.810000,653219000.000000,4524000.000000,648695000.000000,653219000.000000,31983000.000000,8797000.000000,0.000000,0.000000,0.000000,2279000.000000,11076000.000000,0.087000,11076000.000000,2279000.000000,-7202000.000000,-0.110000,-0.110000,-0.110000,279164000.000000,,279164000.000000,11862295285.000000,-731.000000,815.895000,9302000.000000,0.141000,1.000000,76652000.000000,0.599000,217104000.000000,9481000.000000,1175924000.000000,,0.000000,425298000.000000,383171000.000000,42127000.000000,784578000.000000,103561000.000000,681017000.000000,-81395000.000000,-137025000.000000,8531000.000000,-14572000.000000,0.000000,-6041000.000000,-94666000.000000,52369000.000000,19312000.000000,0.000000,-7210000.000000,-7210000.000000,-7210000.000000,0.000000,0.000000,-0.056000,73987000.000000,2665000.000000,17145000.000000,0.000000,41.220000,-273.135000,-264.242000,60223000.000000,0.000000,174.400000,26.459000,25.726000,48731000.000000,-198179000.000000,127885000.000000,127885000.000000,18676000.000000,,,,,16876000.000000,55311000.000000,1.000000,65981567.000000,66146000.000000,66146000.000000,1.933000,846638000.000000,0.000000,8000.000000,2571000.000000,12.800000
MRQ,2021-03-31,2021-03-31,2021-03-31,2021-Q1,624701000.000000,10420935757.000000,2025-05-01,379000.000000,1118749000.000000,,738378000.000000,380371000.000000,,2.161000,-8229000.000000,176326000.000000,176326000.000000,59803000.000000,-12332000.000000,6.495000,6.758000,833010000.000000,5634000.000000,827376000.000000,833010000.000000,32835000.000000,11152000.000000,0.000000,0.000000,0.000000,-10911000.000000,241000.000000,0.002000,241000.000000,-10911000.000000,-12849000.000000,-0.180000,-0.180000,-0.180000,144206000.000000,,144206000.000000,10853782757.000000,-467.000000,882.421000,5536000.000000,0.083000,1.000000,78079000.000000,0.566000,214157000.000000,1938000.000000,1447599000.000000,,0.000000,467143000.000000,467143000.000000,0.000000,974543000.000000,113677000.000000,860866000.000000,-44046000.000000,0.000000,2215000.000000,-8296000.000000,0.000000,-6081000.000000,-51730000.000000,-43501000.000000,13765000.000000,0.000000,-12332000.000000,-12332000.000000,-12332000.000000,0.000000,0.000000,-0.089000,89165000.000000,-11086000.000000,16056000.000000,0.000000,72.264000,-221.604000,-220.183000,103256000.000000,0.000000,156.330000,21.815000,21.835000,51987000.000000,-187768000.000000,137882000.000000,137882000.000000,22121000.000000,,,,,20908000.000000,67044000.000000,1.000000,66659859.000000,66721000.000000,66721000.000000,2.067000,904592000.000000,0.000000,-517000.000000,2030000.000000,13.558000
MRQ,2021-06-30,2021-06-30,2021-06-30,2021-Q2,529484000.000000,12295021822.000000,2025-05-01,299000.000000,1135716000.000000,,668897000.000000,466819000.000000,,2.418000,-11248000.000000,175199000.000000,175199000.000000,64395000.000000,-16530000.000000,4.798000,5.980000,827411000.000000,7794000.000000,819617000.000000,827411000.000000,33237000.000000,11735000.000000,0.000000,0.000000,0.000000,-14547000.000000,-2812000.000000,-0.020000,-2812000.000000,-14547000.000000,-16665000.000000,-0.250000,-0.250000,-0.250000,162706000.000000,,162706000.000000,12951705822.000000,-526.000000,860.750000,144000.000000,0.002000,1.000000,79387000.000000,0.552000,211210000.000000,2118000.000000,1437305000.000000,,0.000000,463744000.000000,390986000.000000,72758000.000000,973010000.000000,139413000.000000,833597000.000000,-1127000.000000,0.000000,10352000.000000,-9901000.000000,0.000000,-2749000.000000,-9770000.000000,1478000.000000,11392000.000000,0.000000,-16530000.000000,-16530000.000000,-16530000.000000,0.000000,0.000000,-0.115000,93581000.000000,-14194000.000000,17632000.000000,0.000000,75.566000,-258.826000,-258.296000,110073000.000000,0.000000,183.390000,23.568000,23.655000,53811000.000000,-204298000.000000,143782000.000000,143782000.000000,24648000.000000,,,,,24901000.000000,68933000.000000,1.000000,67043033.000000,67292000.000000,67292000.000000,2.137000,924506000.000000,0.000000,-135000.000000,2455000.000000,13.739000
MRQ,2021-09-30,2021-09-30,2021-09-30,2021-Q3,388083000.000000,10814347043.000000,2025-05-01,225000.000000,1150906000.000000,,535135000.000000,615771000.000000,,2.523000,-9001000.000000,82465000.000000,82465000.000000,67137000.000000,-20537000.000000,3.639000,5.728000,827346000.000000,8849000.000000,818497000.000000,827346000.000000,36887000.000000,11752000.000000,0.000000,0.000000,0.000000,-18778000.000000,-7026000.000000,-0.046000,-7026000.000000,-18778000.000000,-20725000.000000,-0.300000,-0.300000,-0.300000,171070000.000000,,171070000.000000,11466559043.000000,-273.000000,7752.913000,-13809000.000000,-0.204000,1.000000,87191000.000000,0.565000,208263000.000000,1947000.000000,1540472000.000000,,0.000000,541292000.000000,332824000.000000,208468000.000000,979836000.000000,147052000.000000,832784000.000000,-92734000.000000,0.000000,1590000.000000,-1285000.000000,0.000000,305000.000000,-88231000.000000,-79230000.000000,-4808000.000000,0.000000,-20537000.000000,-20537000.000000,-20537000.000000,0.000000,0.000000,-0.133000,106182000.000000,-18991000.000000,21330000.000000,0.000000,63.216000,-191.036000,-190.167000,117222000.000000,0.000000,159.740000,19.179000,19.207000,60383000.000000,-224835000.000000,154328000.000000,154328000.000000,29680000.000000,,,,,27395000.000000,76502000.000000,1.000000,67699681.000000,67800000.000000,67800000.000000,2.276000,942643000.000000,0.000000,-188000.000000,2711000.000000,13.903000
MRQ,2021-12-31,2021-12-31,2021-12-31,2021-Q4,459651000.000000,9344482226.000000,2025-05-01,-287000.000000,1192942000.000000,,617226000.000000,575716000.000000,,3.095000,-13738000.000000,90878000.000000,90878000.000000,79764000.000000,-3601000.000000,3.917000,4.650000,825513000.000000,9826000.000000,815687000.000000,825513000.000000,43720000.000000,12791000.000000,0.000000,0.000000,0.000000,-12022000.000000,769000.000000,0.004000,769000.000000,-12022000.000000,-14046000.000000,-0.060000,-0.060000,-0.060000,211132000.000000,,211132000.000000,10089363226.000000,-179.000000,-1142.882000,-5089000.000000,-0.075000,1.000000,93835000.000000,0.541000,205317000.000000,2024000.000000,1564685000.000000,,0.000000,526357000.000000,378980000.000000,147377000.000000,981810000.000000,157575000.000000,824235000.000000,8926000.000000,0.000000,8642000.000000,-5818000.000000,0.000000,1024000.000000,-747000.000000,12991000.000000,8649000.000000,0.000000,-3601000.000000,-3601000.000000,-3601000.000000,0.000000,0.000000,-0.021000,105814000.000000,-11979000.000000,20510000.000000,0.000000,44.259000,-176.311000,-173.823000,126488000.000000,0.000000,137.320000,15.329000,15.208000,83731000.000000,-228436000.000000,173599000.000000,173599000.000000,30448000.000000,,,,,35601000.000000,75366000.000000,1.000000,68048953.000000,68214000.000000,68214000.000000,2.545000,987625000.000000,0.000000,-10445000.000000,3537000.000000,14.478000
MRQ,2022-03-31,2022-03-31,2022-03-31,2022-Q1,440806000.000000,7634118269.000000,2025-05-01,-3370000.000000,1188395000.000000,,624594000.000000,563801000.000000,,3.108000,-12967000.000000,100151000.000000,100151000.000000,88867000.000000,-34120000.000000,3.398000,4.544000,792818000.000000,10135000.000000,782683000.000000,792818000.000000,46564000.000000,13198000.000000,0.000000,0.000000,0.000000,-29994000.000000,-16796000.000000,-0.092000,-16796000.000000,-29994000.000000,-31864000.000000,-0.490000,-0.490000,-0.490000,214359000.000000,,214359000.000000,8368753269.000000,-111.000000,-323.555000,15757000.000000,0.228000,1.000000,93910000.000000,0.514000,202370000.000000,1870000.000000,1494904000.000000,,0.000000,496226000.000000,377519000.000000,118707000.000000,974036000.000000,183788000.000000,790248000.000000,9273000.000000,0.000000,1277000.000000,-31905000.000000,0.000000,-30628000.000000,11177000.000000,24144000.000000,28724000.000000,0.000000,-34120000.000000,-34120000.000000,-34120000.000000,0.000000,0.000000,-0.187000,124749000.000000,-30839000.000000,31981000.000000,0.000000,35.614000,-102.077000,-100.364000,138012000.000000,0.000000,110.400000,11.664000,11.635000,77912000.000000,-262556000.000000,182777000.000000,182777000.000000,35824000.000000,,,,,39394000.000000,88925000.000000,1.000000,69149622.000000,68974000.000000,68974000.000000,2.650000,986025000.000000,0.000000,2256000.000000,2930000.000000,14.296000
MRQ,2022-06-30,2022-06-30,2022-06-30,2022-Q2,513383000.000000,6339463714.000000,2025-05-01,-4534000.000000,1177223000.000000,,660037000.000000,517186000.000000,,3.511000,-22899000.000000,101315000.000000,101315000.000000,88229000.000000,-23670000.000000,4.501000,3.807000,788694000.000000,10023000.000000,778671000.000000,788694000.000000,51553000.000000,14179000.000000,0.000000,0.000000,0.000000,-21481000.000000,-7302000.000000,-0.039000,-7302000.000000,-21481000.000000,-23338000.000000,-0.340000,-0.340000,-0.340000,244902000.000000,,244902000.000000,7032130714.000000,-85.000000,-231.663000,-26024000.000000,-0.373000,1.000000,101153000.000000,0.534000,199435000.000000,1857000.000000,1518513000.000000,,0.000000,457491000.000000,397067000.000000,60424000.000000,932321000.000000,146654000.000000,785667000.000000,1142000.000000,0.000000,10066000.000000,-2129000.000000,0.000000,-10163000.000000,14430000.000000,37329000.000000,-3125000.000000,0.000000,-23670000.000000,-23670000.000000,-23670000.000000,0.000000,0.000000,-0.125000,122914000.000000,-21761000.000000,25931000.000000,0.000000,25.886000,-77.378000,-76.588000,143587000.000000,0.000000,91.140000,9.055000,9.080000,82885000.000000,-286226000.000000,189382000.000000,189382000.000000,34992000.000000,,,,,44785000.000000,87922000.000000,1.000000,69557425.000000,69748000.000000,69748000.000000,2.715000,977788000.000000,0.000000,332000.000000,3141000.000000,14.019000
MRQ,2022-09-30,2022-09-30,2022-09-30,2022-Q3,590106000.000000,5256322190.000000,2025-05-01,-4101000.000000,1206812000.000000,,741516000.000000,465296000.000000,,3.836000,-12582000.000000,129492000.000000,129492000.000000,94111000.000000,-23207000.000000,4.897000,3.479000,790293000.000000,10377000.000000,779916000.000000,790293000.000000,53834000.000000,13764000.000000,0.000000,0.000000,0.000000,-20749000.000000,-6985000.000000,-0.035000,-6985000.000000,-20749000.000000,-22628000.000000,-0.330000,-0.330000,-0.330000,269445000.000000,,269445000.000000,5943701190.000000,-71.000000,-196.071000,17944000.000000,0.255000,1.000000,104231000.000000,0.526000,196501000.000000,1879000.000000,1519702000.000000,,0.000000,449573000.000000,447612000.000000,1961000.000000,937367000.000000,151410000.000000,785957000.000000,28152000.000000,0.000000,2353000.000000,-23000.000000,0.000000,2330000.000000,-4704000.000000,8160000.000000,30526000.000000,0.000000,-23207000.000000,-23207000.000000,-23207000.000000,0.000000,0.000000,-0.117000,125962000.000000,-21731000.000000,21153000.000000,0.000000,19.508000,-62.133000,-61.459000,146910000.000000,0.000000,74.980000,7.064000,7.077000,88225000.000000,-309433000.000000,198342000.000000,198342000.000000,34113000.000000,,,,,44503000.000000,91849000.000000,1.000000,70102990.000000,70232000.000000,70232000.000000,2.824000,1010311000.000000,0.000000,579000.000000,3379000.000000,14.385000
MRQ,2022-12-31,2022-12-31,2022-12-31,2022-Q4,627934000.000000,4784496037.000000,2025-05-01,-2688000.000000,1244485000.000000,,778710000.000000,465775000.000000,,4.383000,-7723000.000000,180520000.000000,180520000.000000,96294000.000000,-13653000.000000,5.165000,3.015000,790560000.000000,10795000.000000,779765000.000000,790560000.000000,57816000.000000,13907000.000000,0.000000,0.000000,0.000000,-10545000.000000,3362000.000000,0.016000,3362000.000000,-10545000.000000,-12432000.000000,-0.190000,-0.190000,-0.190000,309965000.000000,,309965000.000000,5445297037.000000,-66.000000,-196.432000,25017000.000000,0.354000,1.000000,112051000.000000,0.538000,193612000.000000,1887000.000000,1510137000.000000,,0.000000,434628000.000000,433743000.000000,885000.000000,934520000.000000,150776000.000000,783744000.000000,51029000.000000,0.000000,8239000.000000,-10000.000000,0.000000,8229000.000000,10060000.000000,17767000.000000,32740000.000000,0.000000,-13653000.000000,-13653000.000000,-13653000.000000,0.000000,0.000000,-0.066000,125302000.000000,-13251000.000000,23629000.000000,0.000000,15.436000,-50.549000,-50.267000,145341000.000000,0.000000,67.860000,6.143000,6.092000,87494000.000000,-323086000.000000,208345000.000000,208345000.000000,36865000.000000,,,,,43825000.000000,88437000.000000,1.000000,70505394.000000,70712000.000000,70712000.000000,2.946000,1050873000.000000,0.000000,1221000.000000,0.000000,14.861000
MRQ,2023-03-31,2023-03-31,2023-03-31,2023-Q1,640193000.000000,5143530369.000000,2025-05-01,-961000.000000,1286108000.000000,,800409000.000000,485699000.000000,,4.759000,-11734000.000000,141359000.000000,141359000.000000,104756000.000000,-27248000.000000,4.996000,2.793000,792895000.000000,11908000.000000,780987000.000000,792895000.000000,58082000.000000,14281000.000000,0.000000,0.000000,0.000000,-24876000.000000,-10595000.000000,-0.049000,-10595000.000000,-24876000.000000,-26721000.000000,-0.380000,-0.380000,-0.380000,339086000.000000,,339086000.000000,5753570369.000000,-74.000000,-267.359000,21678000.000000,0.304000,1.000000,113683000.000000,0.520000,190766000.000000,1845000.000000,1586662000.000000,,0.000000,501879000.000000,488381000.000000,13498000.000000,947022000.000000,160216000.000000,786806000.000000,-39149000.000000,0.000000,3125000.000000,0.000000,0.000000,3125000.000000,-75686000.000000,-63952000.000000,33412000.000000,0.000000,-27248000.000000,-27248000.000000,-27248000.000000,0.000000,0.000000,-0.125000,142680000.000000,-28997000.000000,22461000.000000,0.000000,15.169000,-58.597000,-58.298000,146396000.000000,0.000000,72.290000,6.315000,6.324000,88085000.000000,-350334000.000000,218439000.000000,218439000.000000,38108000.000000,,,,,50743000.000000,104572000.000000,1.000000,71151340.000000,71259000.000000,71259000.000000,3.065000,1095342000.000000,0.000000,527000.000000,3115000.000000,15.371000
MRQ,2023-06-30,2023-06-30,2023-06-30,2023-Q2,682984000.000000,5868500199.000000,2025-05-01,-1397000.000000,1402944000.000000,,841235000.000000,561709000.000000,,6.405000,-8473000.000000,195592000.000000,195592000.000000,104361000.000000,-21739000.000000,5.316000,2.058000,794286000.000000,12635000.000000,781651000.000000,794286000.000000,57539000.000000,14628000.000000,0.000000,0.000000,0.000000,-19120000.000000,-4492000.000000,-0.020000,-4492000.000000,-19120000.000000,-20986000.000000,-0.300000,-0.300000,-0.300000,458799000.000000,,458799000.000000,6520036199.000000,-87.000000,-348.479000,13379000.000000,0.187000,1.000000,118521000.000000,0.532000,187921000.000000,1866000.000000,1655466000.000000,,0.000000,549354000.000000,464244000.000000,85110000.000000,944145000.000000,158251000.000000,785894000.000000,55401000.000000,0.000000,13300000.000000,74284000.000000,0.000000,87584000.000000,-54035000.000000,-45562000.000000,21852000.000000,0.000000,-21739000.000000,-21739000.000000,-21739000.000000,0.000000,0.000000,-0.098000,143764000.000000,-25243000.000000,23286000.000000,0.000000,12.791000,-68.360000,-68.708000,144794000.000000,0.000000,82.450000,6.920000,6.964000,88461000.000000,-372073000.000000,222882000.000000,222882000.000000,39210000.000000,,,,,53367000.000000,104554000.000000,1.000000,71176473.000000,71627000.000000,71627000.000000,3.112000,1215023000.000000,0.000000,753000.000000,3459000.000000,16.963000
MRQ,2023-09-30,2023-09-30,2023-09-30,2023-Q3,718697000.000000,4643251662.000000,2025-05-01,-798000.000000,1456444000.000000,,890673000.000000,565771000.000000,,6.826000,-5554000.000000,127828000.000000,127828000.000000,111080000.000000,-20419000.000000,5.179000,1.949000,795624000.000000,13071000.000000,782553000.000000,795624000.000000,64565000.000000,15878000.000000,0.000000,0.000000,0.000000,-17505000.000000,-1627000.000000,-0.007000,-1627000.000000,-17505000.000000,-19477000.000000,-0.280000,-0.280000,-0.280000,493870000.000000,,493870000.000000,5241945662.000000,-73.000000,-392.596000,31476000.000000,0.435000,1.000000,119025000.000000,0.517000,268881000.000000,1972000.000000,1683383000.000000,,0.000000,572462000.000000,572462000.000000,0.000000,962574000.000000,171976000.000000,790598000.000000,-67885000.000000,-80588000.000000,1334000.000000,-496000.000000,0.000000,338000.000000,-105253000.000000,-19111000.000000,37030000.000000,0.000000,-20419000.000000,-20419000.000000,-20419000.000000,0.000000,0.000000,-0.089000,144763000.000000,-25738000.000000,28528000.000000,0.000000,9.402000,-55.903000,-55.913000,148163000.000000,0.000000,64.300000,5.278000,5.288000,94436000.000000,-392492000.000000,230105000.000000,230105000.000000,40391000.000000,,,,,52611000.000000,104372000.000000,1.000000,72212312.000000,72356000.000000,72356000.000000,3.180000,1187563000.000000,0.000000,942000.000000,3884000.000000,16.413000
MRQ,2023-12-31,2023-12-31,2023-12-31,2023-Q4,756839000.000000,5720443125.000000,2025-05-01,582000.000000,1494568000.000000,,924054000.000000,570514000.000000,,7.377000,-15010000.000000,143201000.000000,143201000.000000,112493000.000000,-12358000.000000,5.526000,1.778000,793878000.000000,12498000.000000,781380000.000000,793878000.000000,68187000.000000,16370000.000000,0.000000,0.000000,0.000000,-10276000.000000,6094000.000000,0.025000,6094000.000000,-10276000.000000,-12239000.000000,-0.160000,-0.160000,-0.160000,538085000.000000,,538085000.000000,6388239125.000000,-89.000000,-601.529000,21534000.000000,0.295000,1.000000,126569000.000000,0.529000,265735000.000000,1963000.000000,1712295000.000000,,0.000000,587096000.000000,587096000.000000,0.000000,956483000.000000,167215000.000000,789268000.000000,15488000.000000,0.000000,7295000.000000,-493000.000000,0.000000,3532000.000000,-24588000.000000,-9578000.000000,36544000.000000,0.000000,-12358000.000000,-12358000.000000,-12358000.000000,0.000000,0.000000,-0.052000,145167000.000000,-18598000.000000,24399000.000000,0.000000,10.631000,-69.963000,-69.637000,152009000.000000,0.000000,78.690000,6.283000,6.227000,97424000.000000,-404850000.000000,239062000.000000,239062000.000000,38873000.000000,,,,,49571000.000000,106294000.000000,1.000000,72695935.000000,72939000.000000,72939000.000000,3.278000,1228833000.000000,0.000000,119000.000000,0.000000,16.847000
MRQ,2024-03-31,2024-03-31,2024-03-31,2024-Q1,1105809000.000000,4554315623.000000,2025-05-01,-303000.000000,1871338000.000000,,1289355000.000000,581983000.000000,,6.581000,-15193000.000000,240190000.000000,240190000.000000,114530000.000000,-7077000.000000,7.025000,2.870000,1209264000.000000,11671000.000000,1197593000.000000,1209264000.000000,67019000.000000,15506000.000000,0.000000,0.000000,0.000000,-3521000.000000,11985000.000000,0.049000,11985000.000000,-3521000.000000,-6088000.000000,-0.100000,-0.100000,-0.100000,483598000.000000,,483598000.000000,5204992623.000000,-103.000000,435.200000,17160000.000000,0.234000,1.000000,132480000.000000,0.536000,262944000.000000,2567000.000000,2393922000.000000,,0.000000,843212000.000000,843212000.000000,0.000000,1387740000.000000,183546000.000000,1204194000.000000,96926000.000000,99000.000000,386000.000000,331010000.000000,0.000000,331396000.000000,-266823000.000000,-251729000.000000,32353000.000000,0.000000,-7077000.000000,-7077000.000000,-7077000.000000,0.000000,0.000000,-0.029000,153175000.000000,-20695000.000000,25671000.000000,0.000000,9.418000,-73.942000,-73.940000,153963000.000000,0.000000,62.110000,4.850000,4.861000,103157000.000000,-411927000.000000,247010000.000000,247010000.000000,41518000.000000,,,,,44684000.000000,111657000.000000,1.000000,73326608.000000,73488000.000000,73488000.000000,3.361000,1608394000.000000,0.000000,989000.000000,0.000000,21.886000
MRQ,2024-06-30,2024-06-30,2024-06-30,2024-Q2,707399000.000000,3257578138.000000,2025-05-01,-502000.000000,1910380000.000000,,1322102000.000000,588278000.000000,,7.087000,-11789000.000000,175699000.000000,175699000.000000,118414000.000000,-12816000.000000,2.151000,2.633000,1207830000.000000,443692000.000000,764138000.000000,1207830000.000000,65286000.000000,15927000.000000,0.000000,0.000000,0.000000,-5565000.000000,10362000.000000,0.041000,10362000.000000,-5565000.000000,-9471000.000000,-0.170000,-0.170000,-0.170000,525878000.000000,,525878000.000000,4226652138.000000,-115.000000,157.629000,8089000.000000,0.109000,1.000000,133672000.000000,0.530000,260296000.000000,3906000.000000,2067512000.000000,,0.000000,930639000.000000,930639000.000000,0.000000,1384502000.000000,614703000.000000,769799000.000000,-64386000.000000,0.000000,9533000.000000,-517000.000000,0.000000,9016000.000000,-93280000.000000,-81491000.000000,19878000.000000,0.000000,-12816000.000000,-12816000.000000,-12816000.000000,0.000000,0.000000,-0.051000,153037000.000000,-19365000.000000,29405000.000000,0.000000,6.195000,-61.849000,-62.113000,162360000.000000,0.000000,44.100000,3.364000,3.380000,104382000.000000,-424743000.000000,252086000.000000,252086000.000000,40717000.000000,,,,,43632000.000000,112320000.000000,1.000000,73867985.000000,74203000.000000,74203000.000000,3.397000,1650084000.000000,0.000000,3345000.000000,0.000000,22.237000
MRQ,2024-09-30,2024-09-30,2024-09-30,2024-Q3,554026000.000000,2147168096.000000,2025-05-01,1828000.000000,2007892000.000000,,1204267000.000000,803625000.000000,,7.554000,-20326000.000000,290959000.000000,290959000.000000,121933000.000000,-4479000.000000,1.852000,2.550000,1236692000.000000,452068000.000000,784624000.000000,1236692000.000000,80000000.000000,17463000.000000,0.000000,0.000000,0.000000,-4279000.000000,13184000.000000,0.050000,13184000.000000,-4279000.000000,-8347000.000000,-0.060000,-0.060000,-0.060000,565586000.000000,,565586000.000000,3179299096.000000,-134.000000,76.380000,20796000.000000,0.278000,1.000000,142249000.000000,0.538000,435181000.000000,4068000.000000,1868203000.000000,,0.000000,675704000.000000,675704000.000000,0.000000,1442306000.000000,650241000.000000,792065000.000000,115470000.000000,-167166000.000000,26000.000000,-1040000.000000,0.000000,-1014000.000000,75362000.000000,262854000.000000,41122000.000000,0.000000,-4479000.000000,-4479000.000000,-4479000.000000,0.000000,0.000000,-0.017000,157672000.000000,-15423000.000000,33876000.000000,0.000000,3.796000,-58.458000,-58.633000,200794000.000000,0.000000,28.730000,2.142000,2.146000,116430000.000000,-429222000.000000,264182000.000000,264182000.000000,42482000.000000,,,,,39556000.000000,115190000.000000,1.000000,74736098.000000,74876000.000000,74876000.000000,3.528000,1572711000.000000,0.000000,-3868000.000000,0.000000,21.004000
MRQ,2024-12-31,2024-12-31,2024-12-31,2024-Q4,606877000.000000,3056469742.000000,2025-05-01,636000.000000,2051214000.000000,,1248568000.000000,802646000.000000,,8.248000,-17303000.000000,362546000.000000,362546000.000000,122663000.000000,11577000.000000,1.946000,2.297000,1233130000.000000,452516000.000000,780614000.000000,1233130000.000000,79173000.000000,19367000.000000,0.000000,0.000000,0.000000,15422000.000000,34789000.000000,0.125000,34789000.000000,15422000.000000,11151000.000000,0.160000,0.160000,0.160000,622192000.000000,,622192000.000000,4002202742.000000,1946.000000,56.914000,32512000.000000,0.431000,1.000000,155997000.000000,0.560000,431068000.000000,4271000.000000,1849039000.000000,,0.000000,643410000.000000,643410000.000000,0.000000,1429022000.000000,641691000.000000,787331000.000000,71333000.000000,15000.000000,5333000.000000,-2006000.000000,0.000000,3327000.000000,18191000.000000,35479000.000000,49815000.000000,0.000000,11577000.000000,11577000.000000,11577000.000000,0.000000,0.000000,0.042000,151817000.000000,4180000.000000,26282000.000000,0.000000,4.912000,-238.880000,-239.059000,203037000.000000,0.000000,40.640000,2.933000,2.906000,115172000.000000,-417645000.000000,278660000.000000,278660000.000000,41480000.000000,,,,,38443000.000000,110337000.000000,1.000000,75208409.000000,75436000.000000,75436000.000000,3.694000,1620146000.000000,0.000000,-426000.000000,0.000000,21.477000
MRQ,2025-03-31,2025-03-31,2025-03-31,2025-Q1,648559000.000000,2058229608.000000,2025-05-01,497000.000000,2089924000.000000,,1287451000.000000,802473000.000000,,8.746000,-13456000.000000,370344000.000000,370344000.000000,125973000.000000,576000.000000,2.015000,2.146000,1234281000.000000,454252000.000000,780029000.000000,1234281000.000000,74809000.000000,19574000.000000,0.000000,0.000000,0.000000,4875000.000000,24449000.000000,0.087000,24449000.000000,4875000.000000,760000.000000,0.010000,0.010000,0.010000,664286000.000000,,664286000.000000,2928813608.000000,280.000000,35.379000,34928000.000000,0.460000,1.000000,153732000.000000,0.550000,428230000.000000,4115000.000000,1886739000.000000,,0.000000,671394000.000000,671394000.000000,0.000000,1425638000.000000,638892000.000000,786746000.000000,8118000.000000,0.000000,3000.000000,-2166000.000000,0.000000,-2163000.000000,-38103000.000000,-24647000.000000,48384000.000000,0.000000,576000.000000,576000.000000,576000.000000,0.000000,0.000000,0.002000,159160000.000000,-5428000.000000,29477000.000000,0.000000,3.098000,-400.278000,-452.500000,204017000.000000,0.000000,27.150000,1.915000,1.919000,118614000.000000,-417069000.000000,279705000.000000,279705000.000000,41100000.000000,,,,,39245000.000000,118060000.000000,1.000000,75809562.000000,75949000.000000,89275000.000000,3.683000,1661694000.000000,0.000000,184000.000000,0.000000,21.879000
MRT,2011-12-31,2011-12-31,2011-12-31,2011-Q4,,,2025-05-01,,,,,,,,-3142000.000000,,,24563000.000000,-7872000.000000,,,,,,,,1539000.000000,,,0.000000,-7351000.000000,-5812000.000000,-0.135000,-5812000.000000,-7351000.000000,-7808000.000000,-2.990000,-2.990000,-2.990000,,,,,,,-3841000.000000,-1.458000,1.000000,18625000.000000,0.431000,,457000.000000,,,,,,,,,,1721000.000000,0.000000,109000.000000,1826000.000000,0.000000,9843000.000000,-7423000.000000,-3581000.000000,-699000.000000,0.000000,-7872000.000000,-7872000.000000,-7872000.000000,0.000000,0.000000,-0.182000,25921000.000000,-7296000.000000,,0.000000,,,,,0.000000,,,,,,43188000.000000,43188000.000000,8739000.000000,,,,-0.170000,357000.000000,17197000.000000,1.000000,,2635000.000000,2635000.000000,16.390000,,,64000.000000,,
MRT,2012-12-31,2012-12-31,2012-12-31,2012-Q4,-2047000.000000,,2025-05-01,0.000000,26607000.000000,,14834000.000000,11773000.000000,,-2.429000,-2680000.000000,5961000.000000,5961000.000000,39306000.000000,-19334000.000000,0.879000,-4.298000,8194000.000000,3987000.000000,4207000.000000,8194000.000000,4269000.000000,2624000.000000,0.000000,,0.000000,-18715000.000000,-16091000.000000,-0.252000,-16091000.000000,-18715000.000000,-19272000.000000,-5.820000,-5.820000,-5.820000,-8067000.000000,,-8067000.000000,,,,-10981000.000000,-3.307000,1.000000,24516000.000000,0.384000,0.000000,557000.000000,11959000.000000,,0.000000,2490000.000000,2490000.000000,0.000000,34674000.000000,16881000.000000,17793000.000000,583000.000000,0.000000,120000.000000,-1510000.000000,0.000000,10473000.000000,-1589000.000000,1091000.000000,-8301000.000000,0.000000,-19334000.000000,-19334000.000000,-19334000.000000,0.000000,0.000000,-0.303000,41571000.000000,-17055000.000000,4649000.000000,0.000000,,,,10874000.000000,0.000000,,,,5441000.000000,-59482000.000000,63822000.000000,63822000.000000,13217000.000000,,,,-0.293000,464000.000000,28354000.000000,1.000000,,3321000.000000,3321000.000000,19.218000,26607000.000000,0.000000,62000.000000,3300000.000000,8.012000
MRT,2013-03-31,2013-03-31,2013-03-31,2013-Q1,,,2025-05-01,,,,,,,,,,,,,,,,,,,,,,,0.000000,,,,,,,,,,,,,,,,,,1.000000,,,,,,,,,,,,,,,,,,,,,,,,,,,,,,,,,,,,,,,,,,,,,,,,,,,,,1.000000,,3536000.000000,,,,,,,
MRT,2013-06-30,2013-06-30,2013-06-30,2013-Q2,,,2025-05-01,,,,,,,,,,,,,,,,,,,,,,,0.000000,,,,,,,,,,,,,,,,,,1.000000,,,,,,,,,,,,,,,,,,,,,,,,,,,,,,,,,,,,,,,,,,,,,,,,,,,,,1.000000,,3684000.000000,,,,,,,
MRT,2013-09-30,2013-09-30,2013-09-30,2013-Q3,,,2025-05-01,,,,,,,,,,,,,,,,,,,,,,,0.000000,,,,,,,,,,,,,,,,,,1.000000,,,,,,,,,,,,,,,,,,,,,,,,,,,,,,,,,,,,,,,,,,,,,,,,,,,,,1.000000,,3779000.000000,,,,,,,
MRT,2013-12-31,2013-12-31,2013-12-31,2013-Q4,1076000.000000,,2025-05-01,0.000000,56278000.000000,41442500.000000,26369000.000000,29909000.000000,2.030000,-0.741000,-554000.000000,17748000.000000,17748000.000000,48807000.000000,-31314000.000000,1.043000,-19.962000,30332000.000000,6379000.000000,23953000.000000,30332000.000000,4375000.000000,4415000.000000,0.000000,,0.000000,-30164000.000000,-25749000.000000,-0.306000,-25749000.000000,-30164000.000000,-31244000.000000,-7.820000,-7.820000,-7.820000,-2968000.000000,-5517500.000000,-2968000.000000,,,,-21513000.000000,-5.370000,1.000000,35325000.000000,0.420000,14863000.000000,1080000.000000,28706000.000000,20332500.000000,0.000000,0.000000,0.000000,0.000000,59246000.000000,25293000.000000,33953000.000000,11787000.000000,-2836000.000000,702000.000000,12092000.000000,0.000000,33767000.000000,-1021000.000000,2490000.000000,-20959000.000000,0.000000,-31314000.000000,-31314000.000000,-31314000.000000,0.000000,0.000000,-0.372000,63647000.000000,-28322000.000000,4306000.000000,0.000000,,,,11607000.000000,0.000000,,,,6970000.000000,-90796000.000000,84132000.000000,84132000.000000,17529000.000000,-0.756000,5.675000,-1.484000,-0.359000,1949000.000000,46118000.000000,1.000000,46047510.000000,4006000.000000,4006000.000000,21.001000,41415000.000000,0.000000,70000.000000,5448000.000000,10.338000
MRT,2014-03-31,2014-03-31,2014-03-31,2014-Q1,-1850000.000000,,2025-05-01,0.000000,69235000.000000,,38535000.000000,30700000.000000,,-1.604000,-510000.000000,29238000.000000,29238000.000000,50274000.000000,-32977000.000000,0.954000,-8.694000,48242000.000000,19444000.000000,28798000.000000,48242000.000000,4957000.000000,5049000.000000,0.000000,,0.000000,-31219000.000000,-26170000.000000,-0.293000,-26170000.000000,-31219000.000000,-32899000.000000,-7.410000,-7.410000,-7.410000,-8998000.000000,,-8998000.000000,,,,-23806000.000000,-4.245000,1.000000,39017000.000000,0.437000,14735000.000000,1680000.000000,33119000.000000,,0.000000,0.000000,0.000000,0.000000,78233000.000000,40385000.000000,37848000.000000,23762000.000000,-2836000.000000,1171000.000000,26955000.000000,0.000000,48309000.000000,-1251000.000000,2241000.000000,-23296000.000000,0.000000,-32977000.000000,-32977000.000000,-32977000.000000,0.000000,0.000000,-0.369000,69939000.000000,-30922000.000000,3753000.000000,0.000000,,,,11179000.000000,0.000000,,,,6650000.000000,-99116000.000000,89291000.000000,89291000.000000,18600000.000000,,,,-0.350000,2881000.000000,51339000.000000,1.000000,46047510.000000,5608000.000000,5608000.000000,15.922000,54500000.000000,0.000000,78000.000000,5825000.000000,9.718000
MRT,2014-06-30,2014-06-30,2014-06-30,2014-Q2,60612000.000000,347342206.000000,2025-05-01,0.000000,128927000.000000,,101449000.000000,27478000.000000,,1.226000,-765000.000000,61577000.000000,61577000.000000,51528000.000000,-33346000.000000,2.484000,1.242000,47417000.000000,19815000.000000,27602000.000000,47417000.000000,5009000.000000,5867000.000000,0.000000,0.000000,0.000000,-30704000.000000,-24837000.000000,-0.265000,-24837000.000000,-30704000.000000,-33261000.000000,-5.340000,-5.340000,-5.340000,57517000.000000,,57517000.000000,366346206.000000,-12.000000,-14.750000,-26298000.000000,-0.561000,1.000000,42165000.000000,0.450000,14607000.000000,2557000.000000,59323000.000000,,0.000000,29995000.000000,29995000.000000,0.000000,71410000.000000,40837000.000000,30573000.000000,43835000.000000,-2836000.000000,72707000.000000,30916000.000000,0.000000,103108000.000000,-33740000.000000,-29993000.000000,-25533000.000000,0.000000,-33346000.000000,-33346000.000000,-33346000.000000,0.000000,0.000000,-0.356000,73297000.000000,-31132000.000000,3373000.000000,0.000000,6.039000,-10.416000,-1.348000,11521000.000000,0.000000,7.200000,3.707000,3.604000,7098000.000000,-107775000.000000,93693000.000000,93693000.000000,20048000.000000,,,,-0.328000,4300000.000000,53249000.000000,1.000000,48241973.000000,46898000.000000,46898000.000000,1.998000,114320000.000000,0.000000,85000.000000,2485000.000000,2.438000
MRT,2014-09-30,2014-09-30,2014-09-30,2014-Q3,51024000.000000,316631065.000000,2025-05-01,1000.000000,121874000.000000,94078500.000000,93939000.000000,27935000.000000,1.047000,0.997000,-731000.000000,53489000.000000,53489000.000000,52767000.000000,-37046000.000000,2.189000,1.531000,48625000.000000,20600000.000000,28025000.000000,48625000.000000,4991000.000000,6371000.000000,0.000000,0.000000,0.000000,-33593000.000000,-27222000.000000,-0.276000,-27222000.000000,-33593000.000000,-36993000.000000,-3.530000,-3.530000,-3.530000,48150000.000000,23425250.000000,48150000.000000,302471065.000000,-9.000000,-11.111000,-27027000.000000,-0.559000,1.000000,45704000.000000,0.464000,14479000.000000,3400000.000000,59616000.000000,45191000.000000,0.000000,29999000.000000,29999000.000000,0.000000,73724000.000000,42915000.000000,30809000.000000,43379000.000000,-2836000.000000,72759000.000000,30686000.000000,0.000000,103381000.000000,-33706000.000000,-29993000.000000,-26296000.000000,0.000000,-37046000.000000,-37046000.000000,-37046000.000000,0.000000,0.000000,-0.376000,80457000.000000,-34753000.000000,2856000.000000,0.000000,6.576000,-8.547000,-1.853000,12117000.000000,0.000000,6.540000,3.215000,3.209000,7725000.000000,-119210000.000000,98471000.000000,98471000.000000,21132000.000000,-0.394000,-1.581000,-0.743000,-0.341000,5719000.000000,59325000.000000,1.000000,48414536.000000,48310000.000000,48310000.000000,2.038000,107395000.000000,0.000000,53000.000000,2437000.000000,2.223000
MRT,2014-12-31,2014-12-31,2014-12-31,2014-Q4,56234000.000000,218979322.000000,2025-05-01,0.000000,116934000.000000,109242500.000000,88584000.000000,28350000.000000,0.944000,1.110000,-1025000.000000,58289000.000000,58289000.000000,54661000.000000,-37786000.000000,2.738000,1.801000,47696000.000000,7995000.000000,39701000.000000,47696000.000000,5346000.000000,6463000.000000,0.000000,0.000000,0.000000,-33540000.000000,-27077000.000000,-0.263000,-27077000.000000,-33540000.000000,-37701000.000000,-1.000000,-1.000000,-1.000000,41753000.000000,34605500.000000,41753000.000000,214115322.000000,-6.000000,-7.908000,-25304000.000000,-0.673000,1.000000,48441000.000000,0.470000,14351000.000000,4161000.000000,59640000.000000,52924500.000000,0.000000,20000000.000000,20000000.000000,0.000000,75181000.000000,32350000.000000,42831000.000000,40541000.000000,0.000000,73331000.000000,12531000.000000,0.000000,85862000.000000,-21042000.000000,-19992000.000000,-24279000.000000,0.000000,-37786000.000000,-37786000.000000,-37786000.000000,0.000000,0.000000,-0.366000,83971000.000000,-35530000.000000,4179000.000000,0.000000,5.245000,-5.795000,-4.480000,12571000.000000,0.000000,4.480000,2.124000,1.634000,8335000.000000,-128582000.000000,103102000.000000,103102000.000000,22110000.000000,-0.346000,-1.092000,-0.634000,-0.325000,6753000.000000,61861000.000000,1.000000,48879313.000000,37604000.000000,37604000.000000,2.742000,102583000.000000,0.000000,85000.000000,2879000.000000,2.728000
MRT,2015-03-31,2015-03-31,2015-03-31,2015-Q1,49498000.000000,274992963.000000,2025-05-01,-1000.000000,110046000.000000,119445250.000000,82534000.000000,27512000.000000,0.913000,0.712000,-1152000.000000,50646000.000000,50646000.000000,56291000.000000,-38369000.000000,2.498000,2.126000,46753000.000000,7995000.000000,38758000.000000,46753000.000000,5641000.000000,6646000.000000,0.000000,0.000000,0.000000,-33771000.000000,-27125000.000000,-0.249000,-27125000.000000,-33771000.000000,-38293000.000000,-0.760000,-0.760000,-0.760000,35201000.000000,45655250.000000,35201000.000000,264399963.000000,-8.000000,-9.747000,-25004000.000000,-0.506000,1.000000,52811000.000000,0.484000,14223000.000000,4522000.000000,58894000.000000,59368250.000000,0.000000,19999000.000000,19999000.000000,0.000000,74845000.000000,33036000.000000,41809000.000000,21408000.000000,0.000000,72891000.000000,-7952000.000000,0.000000,65744000.000000,-20484000.000000,-19992000.000000,-23852000.000000,0.000000,-38369000.000000,-38369000.000000,-38369000.000000,0.000000,0.000000,-0.352000,86797000.000000,-33986000.000000,2541000.000000,0.000000,7.812000,-7.167000,-7.316000,12426000.000000,0.000000,5.560000,2.521000,2.519000,8719000.000000,-137485000.000000,109102000.000000,109102000.000000,22923000.000000,-0.321000,-0.840000,-0.569000,-0.310000,7792000.000000,63874000.000000,1.000000,49459166.000000,49433000.000000,49433000.000000,2.207000,95823000.000000,0.000000,76000.000000,3524000.000000,1.938000
MRT,2015-06-30,2015-06-30,2015-06-30,2015-Q2,44835000.000000,260648023.000000,2025-05-01,0.000000,104579000.000000,113358250.000000,77811000.000000,26768000.000000,1.012000,0.612000,-1103000.000000,65333000.000000,65333000.000000,57092000.000000,-37079000.000000,2.360000,2.420000,47739000.000000,9446000.000000,38293000.000000,47739000.000000,5525000.000000,6857000.000000,0.000000,0.000000,0.000000,-32450000.000000,-25593000.000000,-0.223000,-25593000.000000,-32450000.000000,-37035000.000000,-0.730000,-0.730000,-0.730000,30575000.000000,38919750.000000,30575000.000000,256755023.000000,-8.000000,-10.032000,-20694000.000000,-0.414000,1.000000,57599000.000000,0.502000,14095000.000000,4585000.000000,39914000.000000,54516000.000000,0.000000,0.000000,0.000000,0.000000,74004000.000000,32976000.000000,41028000.000000,3756000.000000,0.000000,2196000.000000,-8553000.000000,0.000000,-6357000.000000,29704000.000000,30001000.000000,-19591000.000000,0.000000,-37079000.000000,-37079000.000000,-37079000.000000,0.000000,0.000000,-0.323000,90243000.000000,-32644000.000000,2766000.000000,0.000000,8.525000,-7.030000,-7.164000,11964000.000000,0.000000,5.230000,2.273000,2.279000,8250000.000000,-144854000.000000,114691000.000000,114691000.000000,22937000.000000,-0.327000,-0.953000,-0.595000,-0.283000,7899000.000000,67306000.000000,1.000000,49837098.000000,49980000.000000,49980000.000000,2.295000,90484000.000000,0.000000,44000.000000,2926000.000000,1.810000
MRT,2015-09-30,2015-09-30,2015-09-30,2015-Q3,38258000.000000,185938905.000000,2025-05-01,0.000000,98870000.000000,107607250.000000,71727000.000000,27143000.000000,1.125000,0.527000,-1236000.000000,59501000.000000,59501000.000000,58400000.000000,-31692000.000000,2.143000,2.725000,46628000.000000,10358000.000000,36270000.000000,46628000.000000,5562000.000000,7130000.000000,0.000000,0.000000,0.000000,-26907000.000000,-19777000.000000,-0.163000,-19777000.000000,-26907000.000000,-31611000.000000,-0.610000,-0.610000,-0.610000,26542000.000000,33517750.000000,26542000.000000,168344905.000000,-6.000000,-8.512000,-17629000.000000,-0.350000,1.000000,62709000.000000,0.518000,13967000.000000,4704000.000000,38561000.000000,49252250.000000,0.000000,0.000000,0.000000,0.000000,72328000.000000,33469000.000000,38859000.000000,6012000.000000,0.000000,2204000.000000,-9370000.000000,0.000000,-7166000.000000,29571000.000000,30001000.000000,-16393000.000000,0.000000,-31692000.000000,-31692000.000000,-31692000.000000,0.000000,0.000000,-0.262000,89834000.000000,-27125000.000000,2865000.000000,0.000000,7.005000,-5.867000,-6.066000,12376000.000000,0.000000,3.700000,1.535000,1.539000,9309000.000000,-150902000.000000,121109000.000000,121109000.000000,22907000.000000,-0.295000,-0.946000,-0.546000,-0.222000,7967000.000000,66927000.000000,1.000000,50253758.000000,50369000.000000,50369000.000000,2.404000,84903000.000000,0.000000,81000.000000,2985000.000000,1.686000
MRT,2015-12-31,2015-12-31,2015-12-31,2015-Q4,22712000.000000,439387105.000000,2025-05-01,0.000000,99233000.000000,103182000.000000,71235000.000000,27998000.000000,1.249000,0.524000,-1116000.000000,58484000.000000,58484000.000000,59495000.000000,-25838000.000000,1.468000,2.776000,46617000.000000,24684000.000000,21933000.000000,46617000.000000,6413000.000000,7388000.000000,0.000000,0.000000,0.000000,-21050000.000000,-13662000.000000,-0.106000,-13662000.000000,-21050000.000000,-25777000.000000,-0.520000,-0.520000,-0.520000,26280000.000000,29649500.000000,26280000.000000,426514105.000000,-20.000000,-31.219000,-14055000.000000,-0.280000,1.000000,69373000.000000,0.538000,13839000.000000,4727000.000000,25004000.000000,40593250.000000,0.000000,0.000000,0.000000,0.000000,72953000.000000,48523000.000000,24430000.000000,195000.000000,0.000000,2635000.000000,-9191000.000000,0.000000,-6556000.000000,19690000.000000,20000000.000000,-12939000.000000,0.000000,-25838000.000000,-25838000.000000,-25838000.000000,0.000000,0.000000,-0.200000,90523000.000000,-21150000.000000,2569000.000000,0.000000,16.719000,-17.005000,-16.731000,13225000.000000,0.000000,8.700000,3.410000,3.385000,10567000.000000,-154420000.000000,128868000.000000,128868000.000000,22659000.000000,-0.250000,-0.871000,-0.519000,-0.163000,7730000.000000,67864000.000000,1.000000,50504265.000000,50141000.000000,50141000.000000,2.570000,85394000.000000,0.000000,61000.000000,3177000.000000,1.703000
MRT,2016-03-31,2016-03-31,2016-03-31,2016-Q1,21127000.000000,455553817.000000,2025-05-01,0.000000,101664000.000000,101086500.000000,74194000.000000,27470000.000000,1.351000,0.501000,-1170000.000000,57767000.000000,57767000.000000,61327000.000000,-21846000.000000,1.398000,2.947000,45198000.000000,25060000.000000,20138000.000000,45198000.000000,7832000.000000,7716000.000000,0.000000,0.000000,0.000000,-16988000.000000,-9272000.000000,-0.068000,-9272000.000000,-16988000.000000,-21775000.000000,-0.440000,-0.440000,-0.440000,25759000.000000,27289000.000000,25759000.000000,443686817.000000,-26.000000,-47.852000,-8304000.000000,-0.162000,1.000000,75282000.000000,0.551000,13711000.000000,4787000.000000,22317000.000000,31449000.000000,0.000000,0.000000,0.000000,0.000000,75905000.000000,53067000.000000,22838000.000000,7121000.000000,0.000000,4916000.000000,-9637000.000000,0.000000,-4721000.000000,18976000.000000,20000000.000000,-7134000.000000,0.000000,-21846000.000000,-21846000.000000,-21846000.000000,0.000000,0.000000,-0.160000,92323000.000000,-17041000.000000,3376000.000000,0.000000,17.685000,-20.853000,-20.205000,12795000.000000,0.000000,8.890000,3.335000,3.343000,12528000.000000,-159331000.000000,136609000.000000,136609000.000000,22423000.000000,-0.216000,-0.801000,-0.540000,-0.124000,7489000.000000,69900000.000000,1.000000,51243399.000000,51377000.000000,51377000.000000,2.659000,87953000.000000,0.000000,71000.000000,3069000.000000,1.712000
MRT,2016-06-30,2016-06-30,2016-06-30,2016-Q2,20168000.000000,616758936.000000,2025-05-01,0.000000,99496000.000000,99815750.000000,71793000.000000,27703000.000000,1.455000,0.507000,-1270000.000000,57638000.000000,57638000.000000,63821000.000000,-17945000.000000,1.391000,2.761000,43536000.000000,24347000.000000,19189000.000000,43536000.000000,7898000.000000,7866000.000000,0.000000,0.000000,0.000000,-12983000.000000,-5117000.000000,-0.035000,-5117000.000000,-12983000.000000,-17812000.000000,-0.360000,-0.360000,-0.360000,26453000.000000,26258500.000000,26453000.000000,604189936.000000,-47.000000,-118.075000,-2242000.000000,-0.043000,1.000000,81400000.000000,0.561000,13583000.000000,4829000.000000,20186000.000000,26517000.000000,0.000000,0.000000,0.000000,0.000000,73043000.000000,51625000.000000,21418000.000000,-7695000.000000,0.000000,5750000.000000,-11143000.000000,0.000000,-5393000.000000,-1330000.000000,0.000000,-972000.000000,0.000000,-17945000.000000,-17945000.000000,-17945000.000000,0.000000,0.000000,-0.124000,94452000.000000,-13052000.000000,3004000.000000,0.000000,23.315000,-34.369000,-33.056000,13188000.000000,0.000000,11.900000,4.247000,4.273000,10765000.000000,-162799000.000000,145221000.000000,145221000.000000,22654000.000000,-0.180000,-0.683000,-0.490000,-0.089000,8073000.000000,71798000.000000,1.000000,51828482.000000,52143000.000000,52143000.000000,2.785000,85913000.000000,0.000000,133000.000000,2865000.000000,1.648000
MRT,2016-09-30,2016-09-30,2016-09-30,2016-Q3,37498000.000000,824048664.000000,2025-05-01,0.000000,102699000.000000,100773000.000000,74329000.000000,28370000.000000,1.527000,0.489000,-1400000.000000,57333000.000000,57333000.000000,66799000.000000,-15787000.000000,2.018000,2.984000,44670000.000000,6704000.000000,37966000.000000,44670000.000000,8838000.000000,8165000.000000,0.000000,0.000000,0.000000,-11151000.000000,-2986000.000000,-0.019000,-2986000.000000,-11151000.000000,-15706000.000000,-0.310000,-0.310000,-0.310000,25779000.000000,26067750.000000,25779000.000000,809946664.000000,-73.000000,-271.248000,2538000.000000,0.048000,1.000000,87117000.000000,0.566000,13455000.000000,4555000.000000,39750000.000000,26814250.000000,0.000000,0.000000,0.000000,0.000000,76920000.000000,36831000.000000,40089000.000000,-2168000.000000,0.000000,6378000.000000,-10656000.000000,0.000000,-4646000.000000,-1460000.000000,0.000000,3938000.000000,0.000000,-15787000.000000,-15787000.000000,-15787000.000000,0.000000,0.000000,-0.103000,97204000.000000,-10087000.000000,3609000.000000,0.000000,31.966000,-52.198000,-50.581000,13690000.000000,0.000000,15.680000,5.354000,5.370000,12899000.000000,-166689000.000000,153916000.000000,153916000.000000,23222000.000000,-0.157000,-0.606000,-0.416000,-0.072000,8647000.000000,73982000.000000,1.000000,52554124.000000,52708000.000000,52708000.000000,2.920000,89244000.000000,0.000000,81000.000000,2898000.000000,1.693000
MRT,2016-12-31,2016-12-31,2016-12-31,2016-Q4,40933000.000000,751622022.000000,2025-05-01,0.000000,105239000.000000,102274500.000000,75011000.000000,30228000.000000,1.585000,0.579000,-1131000.000000,58122000.000000,58122000.000000,66934000.000000,-11860000.000000,2.201000,2.470000,45799000.000000,6972000.000000,38827000.000000,45799000.000000,10047000.000000,8390000.000000,0.000000,0.000000,0.000000,-7580000.000000,810000.000000,0.005000,810000.000000,-7580000.000000,-11806000.000000,-0.230000,-0.230000,-0.230000,30328000.000000,27079750.000000,30328000.000000,738959022.000000,-97.000000,912.295000,5707000.000000,0.109000,1.000000,95156000.000000,0.587000,13337000.000000,4226000.000000,45501000.000000,31938500.000000,0.000000,0.000000,0.000000,0.000000,74911000.000000,34078000.000000,40833000.000000,-362000.000000,0.000000,6265000.000000,-10700000.000000,0.000000,-4803000.000000,-2397000.000000,-1206000.000000,6838000.000000,0.000000,-11860000.000000,-11860000.000000,-11860000.000000,0.000000,0.000000,-0.073000,101698000.000000,-6542000.000000,3366000.000000,0.000000,24.783000,-63.375000,-61.696000,14688000.000000,0.000000,14.190000,4.637000,4.582000,13881000.000000,-166280000.000000,162090000.000000,162090000.000000,23878000.000000,-0.116000,-0.438000,-0.237000,-0.047000,9643000.000000,77820000.000000,1.000000,52968430.000000,52342000.000000,52342000.000000,3.097000,91902000.000000,0.000000,54000.000000,2823000.000000,1.756000
MRT,2017-03-31,2017-03-31,2017-03-31,2017-Q1,38872000.000000,878899164.000000,2025-05-01,0.000000,108348000.000000,103945500.000000,77022000.000000,31326000.000000,1.646000,0.540000,-1393000.000000,56452000.000000,56452000.000000,70295000.000000,-12204000.000000,2.019000,2.738000,45876000.000000,6652000.000000,39224000.000000,45876000.000000,10920000.000000,8382000.000000,0.000000,0.000000,0.000000,-8220000.000000,162000.000000,0.001000,162000.000000,-8220000.000000,-12129000.000000,-0.230000,-0.230000,-0.230000,28985000.000000,27886250.000000,28985000.000000,866576164.000000,-105.000000,5349.236000,5552000.000000,0.103000,1.000000,100794000.000000,0.589000,13220000.000000,3909000.000000,46402000.000000,37959750.000000,0.000000,0.000000,0.000000,0.000000,79363000.000000,38150000.000000,41213000.000000,-1315000.000000,0.000000,4661000.000000,-9894000.000000,0.000000,-5601000.000000,-2659000.000000,-1206000.000000,6945000.000000,0.000000,-12204000.000000,-12204000.000000,-12204000.000000,0.000000,0.000000,-0.071000,108139000.000000,-7345000.000000,3394000.000000,0.000000,30.323000,-72.017000,-71.565000,15830000.000000,0.000000,16.460000,5.137000,5.165000,15453000.000000,-171706000.000000,171089000.000000,171089000.000000,24923000.000000,-0.117000,-0.438000,-0.217000,-0.048000,10778000.000000,83216000.000000,1.000000,53396061.000000,53688000.000000,53688000.000000,3.187000,95128000.000000,0.000000,75000.000000,2537000.000000,1.772000
MRT,2017-06-30,2017-06-30,2017-06-30,2017-Q2,42468000.000000,1171735594.000000,2025-05-01,0.000000,111463000.000000,106937250.000000,80504000.000000,30959000.000000,1.683000,0.588000,-1741000.000000,57149000.000000,57149000.000000,73804000.000000,-12743000.000000,2.117000,2.466000,45796000.000000,6818000.000000,38978000.000000,45796000.000000,11903000.000000,8592000.000000,0.000000,0.000000,0.000000,-9060000.000000,-468000.000000,-0.003000,-468000.000000,-9060000.000000,-12660000.000000,-0.230000,-0.230000,-0.230000,32155000.000000,29311750.000000,32155000.000000,1161159594.000000,-128.000000,-2481.110000,3083000.000000,0.056000,1.000000,106126000.000000,0.590000,13104000.000000,3600000.000000,48970000.000000,45155750.000000,0.000000,0.000000,0.000000,0.000000,79308000.000000,38036000.000000,41272000.000000,-489000.000000,0.000000,6224000.000000,-8222000.000000,0.000000,-2366000.000000,-2947000.000000,-1206000.000000,4824000.000000,0.000000,-12743000.000000,-12743000.000000,-12743000.000000,0.000000,0.000000,-0.071000,114434000.000000,-8308000.000000,4586000.000000,0.000000,36.440000,-91.951000,-93.565000,15656000.000000,0.000000,21.520000,6.512000,6.545000,16281000.000000,-175713000.000000,179930000.000000,179930000.000000,25960000.000000,-0.119000,-0.435000,-0.201000,-0.050000,12218000.000000,88474000.000000,1.000000,54448680.000000,54723000.000000,54723000.000000,3.288000,98359000.000000,0.000000,83000.000000,2475000.000000,1.797000
MRT,2017-09-30,2017-09-30,2017-09-30,2017-Q3,46088000.000000,1317285760.000000,2025-05-01,0.000000,118715000.000000,110941250.000000,85404000.000000,33311000.000000,1.704000,0.683000,-1967000.000000,63364000.000000,63364000.000000,76511000.000000,-7929000.000000,2.172000,2.143000,46004000.000000,6543000.000000,39461000.000000,46004000.000000,13699000.000000,8334000.000000,0.000000,0.000000,0.000000,-4297000.000000,4037000.000000,0.021000,4037000.000000,-4297000.000000,-7801000.000000,-0.140000,-0.140000,-0.140000,37772000.000000,32310000.000000,37772000.000000,1305932760.000000,-304.000000,323.491000,9093000.000000,0.164000,1.000000,112518000.000000,0.595000,12988000.000000,3504000.000000,49051000.000000,47481000.000000,0.000000,0.000000,0.000000,0.000000,80943000.000000,39316000.000000,41627000.000000,6031000.000000,0.000000,6503000.000000,-8359000.000000,0.000000,-1856000.000000,-3173000.000000,-1206000.000000,11060000.000000,0.000000,-7929000.000000,-7929000.000000,-7929000.000000,0.000000,0.000000,-0.042000,117195000.000000,-4677000.000000,4787000.000000,0.000000,34.875000,-166.135000,-170.714000,17958000.000000,0.000000,23.900000,6.969000,6.993000,17231000.000000,-174789000.000000,189029000.000000,189029000.000000,26608000.000000,-0.071000,-0.245000,-0.090000,-0.023000,13419000.000000,90587000.000000,1.000000,55116559.000000,55310000.000000,59441000.000000,3.418000,105727000.000000,0.000000,128000.000000,2381000.000000,1.912000
MRT,2017-12-31,2017-12-31,2017-12-31,2017-Q4,53317000.000000,1384596134.000000,2025-05-01,0.000000,128196000.000000,116680500.000000,92835000.000000,35361000.000000,1.716000,0.852000,-2650000.000000,68947000.000000,68947000.000000,83104000.000000,-8969000.000000,2.349000,1.737000,46742000.000000,6987000.000000,39755000.000000,46742000.000000,13975000.000000,8314000.000000,0.000000,0.000000,0.000000,-5230000.000000,3084000.000000,0.015000,3084000.000000,-5230000.000000,-8701000.000000,-0.160000,-0.160000,-0.160000,46838000.000000,36437500.000000,46838000.000000,1367236134.000000,-261.000000,443.332000,8456000.000000,0.154000,1.000000,117121000.000000,0.585000,12871000.000000,3471000.000000,53602000.000000,49506250.000000,0.000000,0.000000,0.000000,0.000000,81358000.000000,39518000.000000,41840000.000000,10825000.000000,0.000000,10136000.000000,-7767000.000000,0.000000,2369000.000000,-2650000.000000,0.000000,11106000.000000,0.000000,-8969000.000000,-8969000.000000,-8969000.000000,0.000000,0.000000,-0.045000,122841000.000000,-5720000.000000,4292000.000000,0.000000,29.561000,-154.376000,-155.500000,19888000.000000,0.000000,24.880000,6.915000,6.828000,19048000.000000,-175421000.000000,200225000.000000,200225000.000000,27120000.000000,-0.077000,-0.246000,-0.106000,-0.026000,15343000.000000,95721000.000000,1.000000,55650970.000000,54946000.000000,54946000.000000,3.644000,115325000.000000,0.000000,268000.000000,2370000.000000,2.099000
MRT,2018-03-31,2018-03-31,2018-03-31,2018-Q1,71190000.000000,1690127160.000000,2025-05-01,0.000000,165911000.000000,131071250.000000,113922000.000000,51989000.000000,1.618000,1.426000,-2569000.000000,80676000.000000,80676000.000000,87835000.000000,-4321000.000000,2.666000,1.062000,47238000.000000,6990000.000000,40248000.000000,47238000.000000,13700000.000000,8539000.000000,0.000000,0.000000,0.000000,-658000.000000,7881000.000000,0.037000,7881000.000000,-658000.000000,-4057000.000000,-0.070000,-0.070000,-0.070000,80452000.000000,49304250.000000,80452000.000000,1667922160.000000,-2535.000000,211.638000,16375000.000000,0.290000,1.000000,124281000.000000,0.586000,12755000.000000,3399000.000000,76986000.000000,57152250.000000,0.000000,0.000000,0.000000,0.000000,85459000.000000,42732000.000000,42727000.000000,24224000.000000,0.000000,14094000.000000,-8168000.000000,0.000000,5926000.000000,-646000.000000,1923000.000000,18944000.000000,0.000000,-4321000.000000,-4321000.000000,-4321000.000000,0.000000,0.000000,-0.020000,125709000.000000,-1428000.000000,5482000.000000,0.000000,21.008000,-391.143000,-425.571000,20876000.000000,0.000000,29.790000,7.968000,7.921000,18534000.000000,-151883000.000000,212116000.000000,212116000.000000,28045000.000000,-0.033000,-0.088000,-0.012000,-0.003000,17539000.000000,97664000.000000,1.000000,56734715.000000,56399000.000000,56399000.000000,3.761000,153156000.000000,0.000000,264000.000000,2076000.000000,2.716000
MRT,2018-06-30,2018-06-30,2018-06-30,2018-Q2,266277000.000000,1994132388.000000,2025-05-01,0.000000,365066000.000000,194472000.000000,310989000.000000,54077000.000000,1.160000,2.064000,-2564000.000000,166162000.000000,166162000.000000,92376000.000000,-2356000.000000,6.955000,2.055000,205957000.000000,7473000.000000,198484000.000000,205957000.000000,14750000.000000,8718000.000000,0.000000,0.000000,0.000000,2811000.000000,11529000.000000,0.051000,11529000.000000,2811000.000000,-2078000.000000,-0.040000,-0.040000,-0.040000,119506000.000000,71142000.000000,119506000.000000,1960694388.000000,698.000000,170.066000,22007000.000000,0.380000,1.000000,133133000.000000,0.590000,12639000.000000,4889000.000000,347510000.000000,131787250.000000,0.000000,108140000.000000,108140000.000000,0.000000,245560000.000000,44712000.000000,200848000.000000,109013000.000000,0.000000,14738000.000000,209863000.000000,0.000000,193189000.000000,-108747000.000000,-106183000.000000,24571000.000000,0.000000,-2356000.000000,-2356000.000000,-2356000.000000,0.000000,0.000000,-0.010000,131208000.000000,1925000.000000,6035000.000000,0.000000,16.686000,-846.406000,-864.250000,22019000.000000,0.000000,34.570000,8.843000,8.876000,20167000.000000,-153925000.000000,225509000.000000,225509000.000000,29576000.000000,-0.012000,-0.033000,0.021000,0.012000,20482000.000000,101632000.000000,1.000000,57683899.000000,57903000.000000,57903000.000000,3.895000,352427000.000000,0.000000,278000.000000,2129000.000000,6.087000
MRT,2018-09-30,2018-09-30,2018-09-30,2018-Q3,274050000.000000,2547335445.000000,2025-05-01,0.000000,376116000.000000,258822250.000000,320124000.000000,55992000.000000,0.930000,2.188000,-5344000.000000,79619000.000000,79619000.000000,98058000.000000,-4585000.000000,6.948000,1.941000,206823000.000000,6909000.000000,199914000.000000,206823000.000000,17490000.000000,9504000.000000,0.000000,0.000000,0.000000,3310000.000000,12814000.000000,0.053000,12814000.000000,3310000.000000,-4309000.000000,-0.080000,-0.080000,-0.080000,127884000.000000,93670000.000000,127884000.000000,2587130445.000000,782.000000,201.899000,20688000.000000,0.354000,1.000000,142674000.000000,0.593000,12522000.000000,7619000.000000,444724000.000000,230705500.000000,0.000000,200007000.000000,200007000.000000,0.000000,248232000.000000,46074000.000000,202158000.000000,16255000.000000,0.000000,15051000.000000,209911000.000000,0.000000,193550000.000000,-203327000.000000,-197983000.000000,26032000.000000,0.000000,-4585000.000000,-4585000.000000,-4585000.000000,0.000000,0.000000,-0.019000,141484000.000000,1190000.000000,4528000.000000,0.000000,19.919000,-555.580000,-546.125000,22909000.000000,0.000000,43.690000,10.582000,10.609000,23903000.000000,-155230000.000000,240732000.000000,240732000.000000,32469000.000000,-0.018000,-0.049000,0.014000,0.014000,25631000.000000,109015000.000000,1.000000,58304771.000000,58454000.000000,58454000.000000,4.118000,363594000.000000,0.000000,276000.000000,2206000.000000,6.220000
MRT,2018-12-31,2018-12-31,2018-12-31,2018-Q4,286008000.000000,2569509916.000000,2025-05-01,-93000.000000,394666000.000000,325439750.000000,334002000.000000,60664000.000000,0.792000,2.458000,-9261000.000000,81912000.000000,81912000.000000,104034000.000000,-221000.000000,6.959000,1.765000,207919000.000000,6647000.000000,201272000.000000,207919000.000000,17391000.000000,10274000.000000,0.000000,0.000000,0.000000,10324000.000000,20598000.000000,0.080000,20598000.000000,10324000.000000,79000.000000,0.000000,0.000000,0.000000,142748000.000000,117647500.000000,142748000.000000,2696713916.000000,261.000000,130.921000,29361000.000000,0.506000,1.000000,153630000.000000,0.596000,12429000.000000,10245000.000000,460250000.000000,332367500.000000,0.000000,209907000.000000,209907000.000000,0.000000,251918000.000000,47994000.000000,203924000.000000,12965000.000000,0.000000,13509000.000000,209255000.000000,0.000000,191092000.000000,-216749000.000000,-207488000.000000,38622000.000000,0.000000,-221000.000000,-221000.000000,-221000.000000,0.000000,0.000000,-0.001000,146621000.000000,7009000.000000,7010000.000000,,18.000000,-11626.742000,,25885000.000000,0.000000,43.720000,9.972000,9.854000,24797000.000000,-151497000.000000,257664000.000000,257664000.000000,34172000.000000,-0.001000,-0.002000,0.031000,0.040000,28484000.000000,112449000.000000,1.000000,58771956.000000,58076000.000000,58076000.000000,4.437000,382237000.000000,0.000000,300000.000000,2582000.000000,6.582000
MRT,2019-03-31,2019-03-31,2019-03-31,2019-Q1,288263000.000000,3130338526.000000,2025-05-01,81000.000000,415366000.000000,387803500.000000,344596000.000000,70770000.000000,0.705000,2.538000,-12813000.000000,93492000.000000,93492000.000000,110183000.000000,-1538000.000000,6.117000,1.757000,216700000.000000,10530000.000000,206170000.000000,216700000.000000,17853000.000000,12156000.000000,0.000000,0.000000,0.000000,11499000.000000,23655000.000000,0.087000,23655000.000000,11499000.000000,-1332000.000000,-0.020000,-0.020000,-0.020000,150666000.000000,135201000.000000,150666000.000000,3256345526.000000,283.000000,137.660000,29002000.000000,0.489000,1.000000,163114000.000000,0.597000,12341000.000000,12831000.000000,469900000.000000,430596000.000000,0.000000,205450000.000000,205450000.000000,0.000000,264700000.000000,56333000.000000,208367000.000000,12816000.000000,0.000000,9740000.000000,209870000.000000,0.000000,187938000.000000,-216937000.000000,-204124000.000000,41815000.000000,0.000000,-1538000.000000,-1538000.000000,-1538000.000000,0.000000,0.000000,-0.006000,156277000.000000,6837000.000000,7233000.000000,0.000000,20.777000,-2035.331000,-2641.500000,34231000.000000,0.000000,52.830000,11.454000,11.476000,25840000.000000,-153421000.000000,273297000.000000,273297000.000000,36946000.000000,-0.004000,-0.011000,0.027000,0.042000,31845000.000000,119331000.000000,1.000000,59253048.000000,59367000.000000,59367000.000000,4.604000,403025000.000000,0.000000,206000.000000,2243000.000000,6.789000
MRT,2019-06-30,2019-06-30,2019-06-30,2019-Q2,302649000.000000,3060825636.000000,2025-05-01,146000.000000,435767000.000000,405478750.000000,358619000.000000,77148000.000000,0.714000,2.773000,-16395000.000000,110469000.000000,110469000.000000,116617000.000000,-1356000.000000,6.407000,1.616000,221837000.000000,10677000.000000,211160000.000000,221837000.000000,19991000.000000,14205000.000000,0.000000,0.000000,0.000000,12674000.000000,26879000.000000,0.093000,26879000.000000,12674000.000000,-1185000.000000,-0.010000,-0.010000,-0.010000,166570000.000000,146967000.000000,166570000.000000,3184033636.000000,251.000000,118.458000,26497000.000000,0.441000,1.000000,172996000.000000,0.597000,12253000.000000,13859000.000000,478912000.000000,463446500.000000,0.000000,197007000.000000,197007000.000000,0.000000,269197000.000000,55970000.000000,213227000.000000,-55693000.000000,0.000000,13048000.000000,-7936000.000000,0.000000,4852000.000000,-103437000.000000,-87042000.000000,42892000.000000,0.000000,-1356000.000000,-1356000.000000,-1356000.000000,0.000000,0.000000,-0.005000,166268000.000000,6728000.000000,7534000.000000,0.000000,18.376000,-2257.246000,-5129.000000,38474000.000000,0.000000,51.290000,10.569000,10.636000,28153000.000000,-155281000.000000,289613000.000000,289613000.000000,39390000.000000,-0.003000,-0.009000,0.027000,0.044000,35484000.000000,126878000.000000,1.000000,59676850.000000,60058000.000000,60058000.000000,4.822000,423514000.000000,0.000000,171000.000000,2102000.000000,7.052000
MRT,2019-09-30,2019-09-30,2019-09-30,2019-Q3,313813000.000000,3259294511.000000,2025-05-01,227000.000000,454024000.000000,424955750.000000,375452000.000000,78572000.000000,0.725000,2.928000,-17534000.000000,120573000.000000,120573000.000000,124910000.000000,-1655000.000000,6.091000,1.551000,221814000.000000,9467000.000000,212347000.000000,221814000.000000,21858000.000000,16308000.000000,0.000000,0.000000,0.000000,12275000.000000,28583000.000000,0.093000,28583000.000000,12275000.000000,-1475000.000000,-0.020000,-0.020000,-0.020000,177971000.000000,159488750.000000,177971000.000000,3370662511.000000,275.000000,117.925000,33591000.000000,0.553000,1.000000,183168000.000000,0.595000,12165000.000000,13750000.000000,481461000.000000,472630750.000000,0.000000,200385000.000000,200385000.000000,0.000000,276053000.000000,61639000.000000,214414000.000000,40954000.000000,0.000000,13607000.000000,-7576000.000000,0.000000,5771000.000000,-15942000.000000,1592000.000000,51125000.000000,0.000000,-1655000.000000,-1655000.000000,-1655000.000000,0.000000,0.000000,-0.005000,176947000.000000,6221000.000000,6757000.000000,0.000000,18.314000,-1969.362000,-2687.000000,37332000.000000,0.000000,53.740000,10.579000,10.602000,31407000.000000,-156885000.000000,308078000.000000,308078000.000000,41473000.000000,-0.004000,-0.010000,0.026000,0.040000,37690000.000000,135474000.000000,1.000000,60649321.000000,60781000.000000,60781000.000000,5.069000,441859000.000000,0.000000,180000.000000,2268000.000000,7.270000
MRT,2019-12-31,2019-12-31,2019-12-31,2019-Q4,315282000.000000,4005532817.000000,2025-05-01,576000.000000,482380000.000000,446884250.000000,381274000.000000,101106000.000000,0.734000,3.254000,-19228000.000000,77976000.000000,77976000.000000,134511000.000000,-4552000.000000,5.778000,1.455000,223324000.000000,8582000.000000,214742000.000000,223324000.000000,24681000.000000,19109000.000000,0.000000,0.000000,0.000000,9346000.000000,28455000.000000,0.087000,28455000.000000,9346000.000000,-4448000.000000,-0.080000,-0.080000,-0.080000,196458000.000000,172916250.000000,196458000.000000,4106773817.000000,439.000000,144.325000,31993000.000000,0.530000,1.000000,193495000.000000,0.590000,27331000.000000,13794000.000000,534405000.000000,491169500.000000,0.000000,241973000.000000,241973000.000000,0.000000,285922000.000000,65992000.000000,219930000.000000,-3936000.000000,-13890000.000000,15528000.000000,-7054000.000000,0.000000,8474000.000000,-63631000.000000,-30513000.000000,51221000.000000,0.000000,-4552000.000000,-4552000.000000,-4552000.000000,0.000000,0.000000,-0.014000,190228000.000000,3267000.000000,10156000.000000,0.000000,20.389000,-879.950000,-819.750000,41936000.000000,0.000000,65.580000,12.212000,12.070000,37655000.000000,-156049000.000000,328006000.000000,328006000.000000,45190000.000000,-0.010000,-0.026000,0.019000,0.028000,42065000.000000,145038000.000000,1.000000,61078573.000000,60371000.000000,60371000.000000,5.433000,455049000.000000,0.000000,104000.000000,2723000.000000,7.538000
MRT,2020-03-31,2020-03-31,2020-03-31,2020-Q1,322868000.000000,4708674104.000000,2025-05-01,1630000.000000,503659000.000000,468957500.000000,393981000.000000,109678000.000000,0.743000,3.346000,-21288000.000000,155863000.000000,155863000.000000,143697000.000000,-10065000.000000,5.540000,1.439000,227547000.000000,8899000.000000,218648000.000000,227547000.000000,25632000.000000,21271000.000000,0.000000,0.000000,0.000000,4039000.000000,25310000.000000,0.073000,25310000.000000,4039000.000000,-9843000.000000,-0.170000,-0.170000,-0.170000,206466000.000000,186866250.000000,206466000.000000,4854022104.000000,1202.000000,191.783000,29137000.000000,0.472000,1.000000,204859000.000000,0.588000,26341000.000000,13882000.000000,477889000.000000,493166750.000000,0.000000,170433000.000000,170433000.000000,0.000000,297193000.000000,71113000.000000,226080000.000000,62371000.000000,-13990000.000000,17142000.000000,-6389000.000000,0.000000,10753000.000000,1193000.000000,36471000.000000,50425000.000000,0.000000,-10065000.000000,-10065000.000000,-10065000.000000,0.000000,0.000000,-0.029000,206226000.000000,-1367000.000000,8367000.000000,0.000000,22.806000,-467.827000,-449.765000,45974000.000000,0.000000,76.460000,13.509000,13.536000,39972000.000000,-163486000.000000,348556000.000000,348556000.000000,49833000.000000,-0.021000,-0.054000,0.008000,0.012000,47173000.000000,156393000.000000,1.000000,61583496.000000,61705000.000000,61705000.000000,5.649000,477318000.000000,0.000000,222000.000000,2566000.000000,7.735000
MRT,2020-06-30,2020-06-30,2020-06-30,2020-Q2,675548000.000000,6864738363.000000,2025-05-01,1004000.000000,993303000.000000,608341500.000000,759230000.000000,234073000.000000,0.610000,4.020000,-25893000.000000,233235000.000000,233235000.000000,154902000.000000,-24257000.000000,9.073000,2.904000,654831000.000000,7279000.000000,647552000.000000,654831000.000000,26306000.000000,24408000.000000,0.000000,0.000000,0.000000,-10730000.000000,13678000.000000,0.037000,13678000.000000,-10730000.000000,-26940000.000000,-0.390000,-0.390000,-0.390000,254408000.000000,208825750.000000,254408000.000000,6936422363.000000,-646.000000,507.123000,32509000.000000,0.514000,1.000000,216010000.000000,0.582000,60049000.000000,16210000.000000,1271168000.000000,691230750.000000,0.000000,534772000.000000,452708000.000000,82064000.000000,738895000.000000,83682000.000000,655213000.000000,122766000.000000,-42303000.000000,19030000.000000,541803000.000000,0.000000,470385000.000000,-406021000.000000,-337825000.000000,58402000.000000,0.000000,-24257000.000000,-24257000.000000,-24257000.000000,0.000000,0.000000,-0.065000,225691000.000000,-9681000.000000,12045000.000000,0.000000,26.983000,-283.000000,-283.769000,49805000.000000,0.000000,110.670000,18.508000,18.882000,39607000.000000,-179538000.000000,370912000.000000,370912000.000000,56230000.000000,-0.040000,-0.116000,-0.016000,-0.029000,53528000.000000,169461000.000000,1.000000,62028900.000000,63282000.000000,63282000.000000,5.861000,933254000.000000,0.000000,-2683000.000000,2412000.000000,14.748000
MRT,2020-09-30,2020-09-30,2020-09-30,2020-Q3,765323000.000000,8472755622.000000,2025-05-01,761000.000000,1013287000.000000,748157250.000000,857290000.000000,155997000.000000,0.534000,4.008000,-26864000.000000,301767000.000000,301767000.000000,166991000.000000,-34084000.000000,9.322000,2.862000,656877000.000000,5606000.000000,651271000.000000,656877000.000000,28527000.000000,27616000.000000,0.000000,0.000000,0.000000,-14098000.000000,13518000.000000,0.034000,13518000.000000,-14098000.000000,-36471000.000000,-0.530000,-0.530000,-0.530000,262389000.000000,229930250.000000,262389000.000000,8894351622.000000,-631.000000,657.964000,36692000.000000,0.561000,1.000000,232295000.000000,0.582000,58311000.000000,22373000.000000,1218119000.000000,875395250.000000,0.000000,479141000.000000,479141000.000000,0.000000,750898000.000000,91967000.000000,658931000.000000,181194000.000000,-42303000.000000,20029000.000000,537673000.000000,0.000000,467254000.000000,-349616000.000000,-280449000.000000,63556000.000000,0.000000,-34084000.000000,-34084000.000000,-34084000.000000,0.000000,0.000000,-0.085000,244233000.000000,-11938000.000000,12829000.000000,0.000000,32.291000,-248.585000,-244.679000,50345000.000000,0.000000,129.680000,21.220000,21.260000,42542000.000000,-190969000.000000,399286000.000000,399286000.000000,62239000.000000,-0.046000,-0.148000,-0.016000,-0.035000,59739000.000000,181994000.000000,1.000000,65335870.000000,65460000.000000,65460000.000000,6.100000,954976000.000000,0.000000,-2387000.000000,2480000.000000,14.589000
MRT,2020-12-31,2020-12-31,2020-12-31,2020-Q4,585557000.000000,11507185285.000000,2025-05-01,335000.000000,1063742000.000000,893497750.000000,689118000.000000,374624000.000000,0.487000,4.351000,-30422000.000000,220372000.000000,220372000.000000,180284000.000000,-42130000.000000,6.654000,2.810000,653219000.000000,4524000.000000,648695000.000000,653219000.000000,31983000.000000,30774000.000000,0.000000,0.000000,0.000000,-16235000.000000,14539000.000000,0.033000,14539000.000000,-16235000.000000,-44583000.000000,-0.660000,-0.660000,-0.660000,279164000.000000,250606750.000000,279164000.000000,11862295285.000000,-731.000000,815.895000,36880000.000000,0.575000,1.000000,254624000.000000,0.585000,217104000.000000,28348000.000000,1175924000.000000,1035775000.000000,0.000000,425298000.000000,383171000.000000,42127000.000000,784578000.000000,103561000.000000,681017000.000000,142396000.000000,-165438000.000000,23125000.000000,524747000.000000,0.000000,457424000.000000,-382330000.000000,-186470000.000000,67302000.000000,0.000000,-42130000.000000,-42130000.000000,-42130000.000000,0.000000,0.000000,-0.097000,266929000.000000,-12305000.000000,17145000.000000,0.000000,41.220000,-273.135000,-264.242000,60223000.000000,0.000000,174.400000,26.459000,25.726000,48731000.000000,-198179000.000000,434908000.000000,434908000.000000,68747000.000000,-0.047000,-0.168000,-0.016000,-0.037000,64747000.000000,198182000.000000,1.000000,65981567.000000,64154000.000000,64154000.000000,6.779000,846638000.000000,0.000000,-2453000.000000,2571000.000000,13.197000
MRT,2021-03-31,2021-03-31,2021-03-31,2021-Q1,624701000.000000,10420935757.000000,2025-05-01,379000.000000,1118749000.000000,1047270250.000000,738378000.000000,380371000.000000,0.456000,2.161000,-32606000.000000,176326000.000000,176326000.000000,200050000.000000,-47025000.000000,6.495000,6.758000,833010000.000000,5634000.000000,827376000.000000,833010000.000000,32835000.000000,35562000.000000,0.000000,0.000000,0.000000,-23262000.000000,12300000.000000,0.026000,12300000.000000,-23262000.000000,-50064000.000000,-0.710000,-0.710000,-0.710000,144206000.000000,235041750.000000,144206000.000000,10853782757.000000,-467.000000,882.421000,38067000.000000,0.571000,1.000000,277652000.000000,0.581000,214157000.000000,26802000.000000,1447599000.000000,1278202500.000000,0.000000,467143000.000000,467143000.000000,0.000000,974543000.000000,113677000.000000,860866000.000000,20463000.000000,-165338000.000000,22744000.000000,517680000.000000,0.000000,449976000.000000,-500186000.000000,-302242000.000000,70673000.000000,0.000000,-47025000.000000,-47025000.000000,-47025000.000000,0.000000,0.000000,-0.098000,296087000.000000,-18435000.000000,16056000.000000,0.000000,72.264000,-221.604000,-220.183000,103256000.000000,0.000000,156.330000,21.815000,21.835000,51987000.000000,-187768000.000000,477702000.000000,477702000.000000,75679000.000000,-0.045000,-0.200000,-0.018000,-0.049000,71861000.000000,220408000.000000,1.000000,66659859.000000,66721000.000000,66721000.000000,7.160000,904592000.000000,0.000000,-3039000.000000,2030000.000000,13.558000
MRT,2021-06-30,2021-06-30,2021-06-30,2021-Q2,529484000.000000,12295021822.000000,2025-05-01,299000.000000,1135716000.000000,1082873500.000000,668897000.000000,466819000.000000,0.482000,2.418000,-35008000.000000,175199000.000000,175199000.000000,221992000.000000,-47503000.000000,4.798000,5.980000,827411000.000000,7794000.000000,819617000.000000,827411000.000000,33237000.000000,39662000.000000,0.000000,0.000000,0.000000,-24615000.000000,15047000.000000,0.029000,15047000.000000,-24615000.000000,-47801000.000000,-0.710000,-0.710000,-0.710000,162706000.000000,212116250.000000,162706000.000000,12951705822.000000,-526.000000,860.750000,32292000.000000,0.480000,1.000000,299700000.000000,0.574000,211210000.000000,23186000.000000,1437305000.000000,1319736750.000000,0.000000,463744000.000000,390986000.000000,72758000.000000,973010000.000000,139413000.000000,833597000.000000,-58036000.000000,-137025000.000000,23946000.000000,-38605000.000000,0.000000,-17859000.000000,-107477000.000000,64556000.000000,67300000.000000,0.000000,-47503000.000000,-47503000.000000,-47503000.000000,0.000000,0.000000,-0.091000,324100000.000000,-24400000.000000,17632000.000000,0.000000,75.566000,-258.826000,-258.296000,110073000.000000,0.000000,183.390000,23.568000,23.655000,53811000.000000,-204298000.000000,521692000.000000,521692000.000000,83119000.000000,-0.044000,-0.224000,-0.019000,-0.047000,79971000.000000,240981000.000000,1.000000,67043033.000000,67292000.000000,67292000.000000,7.753000,924506000.000000,0.000000,-298000.000000,2455000.000000,13.739000
MRT,2021-09-30,2021-09-30,2021-09-30,2021-Q3,388083000.000000,10814347043.000000,2025-05-01,225000.000000,1150906000.000000,1117278250.000000,535135000.000000,615771000.000000,0.505000,2.523000,-38488000.000000,82465000.000000,82465000.000000,242568000.000000,-56609000.000000,3.639000,5.728000,827346000.000000,8849000.000000,818497000.000000,827346000.000000,36887000.000000,43436000.000000,0.000000,0.000000,0.000000,-41957000.000000,1479000.000000,0.003000,1479000.000000,-41957000.000000,-57441000.000000,-0.840000,-0.840000,-0.840000,171070000.000000,189286500.000000,171070000.000000,11466559043.000000,-273.000000,7752.913000,1173000.000000,0.017000,1.000000,321309000.000000,0.570000,208263000.000000,15484000.000000,1540472000.000000,1400325000.000000,0.000000,541292000.000000,332824000.000000,208468000.000000,979836000.000000,147052000.000000,832784000.000000,-219302000.000000,-137025000.000000,22688000.000000,-34054000.000000,0.000000,-14566000.000000,-244397000.000000,-68884000.000000,39661000.000000,0.000000,-56609000.000000,-56609000.000000,-56609000.000000,0.000000,0.000000,-0.100000,362915000.000000,-41606000.000000,21330000.000000,0.000000,63.216000,-191.036000,-190.167000,117222000.000000,0.000000,159.740000,19.179000,19.207000,60383000.000000,-224835000.000000,563877000.000000,563877000.000000,95125000.000000,-0.051000,-0.299000,-0.030000,-0.074000,90080000.000000,267790000.000000,1.000000,67699681.000000,67800000.000000,67800000.000000,8.317000,942643000.000000,0.000000,-832000.000000,2711000.000000,13.903000
MRT,2021-12-31,2021-12-31,2021-12-31,2021-Q4,459651000.000000,9344482226.000000,2025-05-01,-287000.000000,1192942000.000000,1149578250.000000,617226000.000000,575716000.000000,0.530000,3.127000,-42216000.000000,90878000.000000,90878000.000000,271099000.000000,-53000000.000000,3.917000,4.650000,825513000.000000,9826000.000000,815687000.000000,825513000.000000,43720000.000000,47430000.000000,0.000000,0.000000,0.000000,-56258000.000000,-8828000.000000,-0.014000,-8828000.000000,-56258000.000000,-64285000.000000,-0.790000,-0.790000,-0.790000,211132000.000000,172278500.000000,211132000.000000,10089363226.000000,-179.000000,-1142.882000,-13218000.000000,-0.196000,1.000000,338492000.000000,0.555000,205317000.000000,8027000.000000,1564685000.000000,1497515250.000000,0.000000,526357000.000000,378980000.000000,147377000.000000,981810000.000000,157575000.000000,824235000.000000,-128981000.000000,0.000000,22799000.000000,-25300000.000000,0.000000,-7501000.000000,-150478000.000000,-108262000.000000,28998000.000000,0.000000,-53000000.000000,-53000000.000000,-53000000.000000,0.000000,0.000000,-0.087000,394742000.000000,-56250000.000000,20510000.000000,0.000000,44.259000,-176.311000,-173.823000,126488000.000000,0.000000,137.320000,15.329000,15.208000,83731000.000000,-228436000.000000,609591000.000000,609591000.000000,106897000.000000,-0.046000,-0.308000,-0.038000,-0.092000,108805000.000000,287845000.000000,1.000000,68048953.000000,67512000.000000,67512000.000000,9.029000,987625000.000000,0.000000,-11285000.000000,3537000.000000,14.629000
MRT,2022-03-31,2022-03-31,2022-03-31,2022-Q1,440806000.000000,7634118269.000000,2025-05-01,-3370000.000000,1188395000.000000,1166989750.000000,624594000.000000,563801000.000000,0.561000,3.108000,-46954000.000000,100151000.000000,100151000.000000,300163000.000000,-74788000.000000,3.398000,4.544000,792818000.000000,10135000.000000,782683000.000000,792818000.000000,46564000.000000,49476000.000000,0.000000,0.000000,0.000000,-75341000.000000,-25865000.000000,-0.040000,-25865000.000000,-75341000.000000,-83300000.000000,-1.100000,-1.100000,-1.100000,214359000.000000,189816750.000000,214359000.000000,8368753269.000000,-111.000000,-323.555000,-2997000.000000,-0.043000,1.000000,354323000.000000,0.541000,202370000.000000,7959000.000000,1494904000.000000,1509341500.000000,0.000000,496226000.000000,377519000.000000,118707000.000000,974036000.000000,183788000.000000,790248000.000000,-75662000.000000,0.000000,21861000.000000,-48909000.000000,0.000000,-32048000.000000,-87571000.000000,-40617000.000000,43957000.000000,0.000000,-74788000.000000,-74788000.000000,-74788000.000000,0.000000,0.000000,-0.114000,430326000.000000,-76003000.000000,31981000.000000,0.000000,35.614000,-102.077000,-100.364000,138012000.000000,0.000000,110.400000,11.664000,11.635000,77912000.000000,-262556000.000000,654486000.000000,654486000.000000,120600000.000000,-0.064000,-0.394000,-0.050000,-0.115000,127291000.000000,309726000.000000,1.000000,69149622.000000,68974000.000000,68974000.000000,9.489000,986025000.000000,0.000000,-8512000.000000,2930000.000000,14.296000
MRT,2022-06-30,2022-06-30,2022-06-30,2022-Q2,513383000.000000,6339463714.000000,2025-05-01,-4534000.000000,1177223000.000000,1177366500.000000,660037000.000000,517186000.000000,0.595000,3.511000,-58605000.000000,101315000.000000,101315000.000000,323997000.000000,-81928000.000000,4.501000,3.807000,788694000.000000,10023000.000000,778671000.000000,788694000.000000,51553000.000000,51920000.000000,0.000000,0.000000,0.000000,-82275000.000000,-30355000.000000,-0.043000,-30355000.000000,-82275000.000000,-89973000.000000,-1.190000,-1.190000,-1.190000,244902000.000000,210365750.000000,244902000.000000,7032130714.000000,-85.000000,-231.663000,-29165000.000000,-0.418000,1.000000,376089000.000000,0.537000,199435000.000000,7698000.000000,1518513000.000000,1529643500.000000,0.000000,457491000.000000,397067000.000000,60424000.000000,932321000.000000,146654000.000000,785667000.000000,-73393000.000000,0.000000,21575000.000000,-41137000.000000,0.000000,-39462000.000000,-63371000.000000,-4766000.000000,29440000.000000,0.000000,-81928000.000000,-81928000.000000,-81928000.000000,0.000000,0.000000,-0.117000,459659000.000000,-83570000.000000,25931000.000000,0.000000,25.886000,-77.378000,-76.588000,143587000.000000,0.000000,91.140000,9.055000,9.080000,82885000.000000,-286226000.000000,700086000.000000,700086000.000000,130944000.000000,-0.070000,-0.389000,-0.054000,-0.118000,147175000.000000,328715000.000000,1.000000,69557425.000000,69748000.000000,69748000.000000,10.037000,977788000.000000,0.000000,-8045000.000000,3141000.000000,14.019000
MRT,2022-09-30,2022-09-30,2022-09-30,2022-Q3,590106000.000000,5256322190.000000,2025-05-01,-4101000.000000,1206812000.000000,1191343000.000000,741516000.000000,465296000.000000,0.625000,3.836000,-62186000.000000,129492000.000000,129492000.000000,350971000.000000,-84598000.000000,4.897000,3.479000,790293000.000000,10377000.000000,779916000.000000,790293000.000000,53834000.000000,53932000.000000,0.000000,0.000000,0.000000,-84246000.000000,-30314000.000000,-0.041000,-30314000.000000,-84246000.000000,-91876000.000000,-1.220000,-1.220000,-1.220000,269445000.000000,234959500.000000,269445000.000000,5943701190.000000,-71.000000,-196.071000,2588000.000000,0.037000,1.000000,393129000.000000,0.528000,196501000.000000,7630000.000000,1519702000.000000,1524451000.000000,0.000000,449573000.000000,447612000.000000,1961000.000000,937367000.000000,151410000.000000,785957000.000000,47493000.000000,0.000000,22338000.000000,-39875000.000000,0.000000,-37437000.000000,20156000.000000,82624000.000000,64774000.000000,0.000000,-84598000.000000,-84598000.000000,-84598000.000000,0.000000,0.000000,-0.114000,479439000.000000,-86310000.000000,21153000.000000,0.000000,19.508000,-62.133000,-61.459000,146910000.000000,0.000000,74.980000,7.064000,7.077000,88225000.000000,-309433000.000000,744100000.000000,744100000.000000,135377000.000000,-0.071000,-0.360000,-0.055000,-0.113000,164283000.000000,344062000.000000,1.000000,70102990.000000,70232000.000000,70232000.000000,10.595000,1010311000.000000,0.000000,-7278000.000000,3379000.000000,14.385000
MRT,2022-12-31,2022-12-31,2022-12-31,2022-Q4,627934000.000000,4784496037.000000,2025-05-01,-2688000.000000,1244485000.000000,1204228750.000000,778710000.000000,465775000.000000,0.647000,4.433000,-56171000.000000,180520000.000000,180520000.000000,367501000.000000,-94650000.000000,5.165000,3.015000,790560000.000000,10795000.000000,779765000.000000,790560000.000000,57816000.000000,55048000.000000,0.000000,0.000000,0.000000,-82769000.000000,-27721000.000000,-0.036000,-27721000.000000,-82769000.000000,-90262000.000000,-1.350000,-1.350000,-1.350000,309965000.000000,259667750.000000,309965000.000000,5445297037.000000,-66.000000,-196.432000,32694000.000000,0.468000,1.000000,411345000.000000,0.528000,193612000.000000,7493000.000000,1510137000.000000,1510814000.000000,0.000000,434628000.000000,433743000.000000,885000.000000,934520000.000000,150776000.000000,783744000.000000,89596000.000000,0.000000,21935000.000000,-34067000.000000,0.000000,-30232000.000000,30963000.000000,87400000.000000,88865000.000000,0.000000,-94650000.000000,-94650000.000000,-94650000.000000,0.000000,0.000000,-0.122000,498927000.000000,-87582000.000000,23629000.000000,0.000000,15.436000,-50.549000,-50.267000,145341000.000000,0.000000,67.860000,6.143000,6.092000,87494000.000000,-323086000.000000,778846000.000000,778846000.000000,141794000.000000,-0.079000,-0.365000,-0.055000,-0.106000,172507000.000000,357133000.000000,1.000000,70505394.000000,69920000.000000,69920000.000000,11.139000,1050873000.000000,0.000000,4388000.000000,0.000000,15.030000
MRT,2023-03-31,2023-03-31,2023-03-31,2023-Q1,640193000.000000,5143530369.000000,2025-05-01,-961000.000000,1286108000.000000,1228657000.000000,800409000.000000,485699000.000000,0.663000,4.759000,-54938000.000000,141359000.000000,141359000.000000,383390000.000000,-87778000.000000,4.996000,2.793000,792895000.000000,11908000.000000,780987000.000000,792895000.000000,58082000.000000,56131000.000000,0.000000,0.000000,0.000000,-77651000.000000,-21520000.000000,-0.026000,-21520000.000000,-77651000.000000,-85119000.000000,-1.240000,-1.240000,-1.240000,339086000.000000,290849500.000000,339086000.000000,5753570369.000000,-74.000000,-267.359000,38615000.000000,0.542000,1.000000,431118000.000000,0.529000,190766000.000000,7468000.000000,1586662000.000000,1533753500.000000,0.000000,501879000.000000,488381000.000000,13498000.000000,947022000.000000,160216000.000000,786806000.000000,41174000.000000,0.000000,23783000.000000,-2162000.000000,0.000000,3521000.000000,-55900000.000000,-696000.000000,93553000.000000,0.000000,-87778000.000000,-87778000.000000,-87778000.000000,0.000000,0.000000,-0.108000,516858000.000000,-85740000.000000,22461000.000000,0.000000,15.169000,-58.597000,-58.298000,146396000.000000,0.000000,72.290000,6.315000,6.324000,88085000.000000,-350334000.000000,814508000.000000,814508000.000000,144078000.000000,-0.071000,-0.302000,-0.051000,-0.095000,183856000.000000,372780000.000000,1.000000,71151340.000000,71259000.000000,71259000.000000,11.430000,1095342000.000000,0.000000,2659000.000000,3115000.000000,15.371000
MRT,2023-06-30,2023-06-30,2023-06-30,2023-Q2,682984000.000000,5868500199.000000,2025-05-01,-1397000.000000,1402944000.000000,1285087250.000000,841235000.000000,561709000.000000,0.660000,6.405000,-40512000.000000,195592000.000000,195592000.000000,399522000.000000,-85847000.000000,5.316000,2.058000,794286000.000000,12635000.000000,781651000.000000,794286000.000000,57539000.000000,56580000.000000,0.000000,0.000000,0.000000,-75290000.000000,-18710000.000000,-0.022000,-18710000.000000,-75290000.000000,-82767000.000000,-1.200000,-1.200000,-1.200000,458799000.000000,344323750.000000,458799000.000000,6520036199.000000,-87.000000,-348.479000,78018000.000000,1.089000,1.000000,448486000.000000,0.529000,187921000.000000,7477000.000000,1655466000.000000,1567991750.000000,0.000000,549354000.000000,464244000.000000,85110000.000000,944145000.000000,158251000.000000,785894000.000000,95433000.000000,0.000000,27017000.000000,74251000.000000,0.000000,101268000.000000,-124365000.000000,-83587000.000000,118530000.000000,0.000000,-85847000.000000,-85847000.000000,-85847000.000000,0.000000,0.000000,-0.101000,537708000.000000,-89222000.000000,23286000.000000,0.000000,12.791000,-68.360000,-68.708000,144794000.000000,0.000000,82.450000,6.920000,6.964000,88461000.000000,-372073000.000000,848008000.000000,848008000.000000,148296000.000000,-0.067000,-0.249000,-0.048000,-0.089000,192438000.000000,389412000.000000,1.000000,71176473.000000,71627000.000000,71627000.000000,11.839000,1215023000.000000,0.000000,3080000.000000,3459000.000000,16.963000
MRT,2023-09-30,2023-09-30,2023-09-30,2023-Q3,718697000.000000,4643251662.000000,2025-05-01,-798000.000000,1456444000.000000,1347495250.000000,890673000.000000,565771000.000000,0.653000,6.826000,-33484000.000000,127828000.000000,127828000.000000,416491000.000000,-83059000.000000,5.179000,1.949000,795624000.000000,13071000.000000,782553000.000000,795624000.000000,64565000.000000,58694000.000000,0.000000,0.000000,0.000000,-72046000.000000,-13352000.000000,-0.015000,-13352000.000000,-72046000.000000,-79616000.000000,-1.150000,-1.150000,-1.150000,493870000.000000,400430000.000000,493870000.000000,5241945662.000000,-73.000000,-392.596000,91550000.000000,1.265000,1.000000,463280000.000000,0.527000,268881000.000000,7570000.000000,1683383000.000000,1608912000.000000,0.000000,572462000.000000,572462000.000000,0.000000,962574000.000000,171976000.000000,790598000.000000,-604000.000000,-80588000.000000,25998000.000000,73778000.000000,0.000000,99276000.000000,-224914000.000000,-110858000.000000,125034000.000000,0.000000,-83059000.000000,-83059000.000000,-83059000.000000,0.000000,0.000000,-0.094000,556509000.000000,-93229000.000000,28528000.000000,0.000000,9.402000,-55.903000,-55.913000,148163000.000000,0.000000,64.300000,5.278000,5.288000,94436000.000000,-392492000.000000,879771000.000000,879771000.000000,154574000.000000,-0.062000,-0.207000,-0.045000,-0.082000,200546000.000000,401935000.000000,1.000000,72212312.000000,72356000.000000,72356000.000000,12.159000,1187563000.000000,0.000000,3443000.000000,3884000.000000,16.413000
MRT,2023-12-31,2023-12-31,2023-12-31,2023-Q4,756839000.000000,5720443125.000000,2025-05-01,582000.000000,1494568000.000000,1410016000.000000,924054000.000000,570514000.000000,0.646000,7.468000,-40771000.000000,143201000.000000,143201000.000000,432690000.000000,-81764000.000000,5.526000,1.778000,793878000.000000,12498000.000000,781380000.000000,793878000.000000,68187000.000000,61157000.000000,0.000000,0.000000,0.000000,-71777000.000000,-10620000.000000,-0.012000,-10620000.000000,-71777000.000000,-79423000.000000,-1.130000,-1.130000,-1.130000,538085000.000000,457460000.000000,538085000.000000,6388239125.000000,-89.000000,-601.529000,88067000.000000,1.222000,1.000000,477798000.000000,0.525000,265735000.000000,7646000.000000,1712295000.000000,1659451500.000000,0.000000,587096000.000000,587096000.000000,0.000000,956483000.000000,167215000.000000,789268000.000000,-36145000.000000,-80588000.000000,25054000.000000,73295000.000000,0.000000,94579000.000000,-259562000.000000,-138203000.000000,128838000.000000,0.000000,-81764000.000000,-81764000.000000,-81764000.000000,0.000000,0.000000,-0.090000,576374000.000000,-98576000.000000,24399000.000000,0.000000,10.631000,-69.963000,-69.637000,152009000.000000,0.000000,78.690000,6.283000,6.227000,97424000.000000,-404850000.000000,910488000.000000,910488000.000000,156582000.000000,-0.058000,-0.179000,-0.043000,-0.079000,206292000.000000,419792000.000000,1.000000,72695935.000000,72048000.000000,72048000.000000,12.637000,1228833000.000000,0.000000,2341000.000000,0.000000,17.056000
MRT,2024-03-31,2024-03-31,2024-03-31,2024-Q1,1105809000.000000,4554315623.000000,2025-05-01,-303000.000000,1871338000.000000,1556323500.000000,1289355000.000000,581983000.000000,0.603000,6.581000,-44230000.000000,240190000.000000,240190000.000000,442464000.000000,-61593000.000000,7.025000,2.870000,1209264000.000000,11671000.000000,1197593000.000000,1209264000.000000,67019000.000000,62382000.000000,0.000000,0.000000,0.000000,-50422000.000000,11960000.000000,0.013000,11960000.000000,-50422000.000000,-58790000.000000,-0.840000,-0.840000,-0.840000,483598000.000000,493588000.000000,483598000.000000,5204992623.000000,-103.000000,435.200000,83549000.000000,1.137000,1.000000,496595000.000000,0.529000,262944000.000000,8368000.000000,2393922000.000000,1861266500.000000,0.000000,843212000.000000,843212000.000000,0.000000,1387740000.000000,183546000.000000,1204194000.000000,99930000.000000,-80489000.000000,22315000.000000,404305000.000000,0.000000,422850000.000000,-450699000.000000,-325980000.000000,127779000.000000,0.000000,-61593000.000000,-61593000.000000,-61593000.000000,0.000000,0.000000,-0.066000,586869000.000000,-90274000.000000,25671000.000000,0.000000,9.418000,-73.942000,-73.940000,153963000.000000,0.000000,62.110000,4.850000,4.861000,103157000.000000,-411927000.000000,939059000.000000,939059000.000000,159992000.000000,-0.040000,-0.125000,-0.027000,-0.054000,200233000.000000,426877000.000000,1.000000,73326608.000000,73488000.000000,73488000.000000,12.778000,1608394000.000000,0.000000,2803000.000000,0.000000,21.886000
MRT,2024-06-30,2024-06-30,2024-06-30,2024-Q2,707399000.000000,3257578138.000000,2025-05-01,-502000.000000,1910380000.000000,1683182500.000000,1322102000.000000,588278000.000000,0.575000,7.087000,-47546000.000000,175699000.000000,175699000.000000,456517000.000000,-52670000.000000,2.151000,2.633000,1207830000.000000,443692000.000000,764138000.000000,1207830000.000000,65286000.000000,63681000.000000,0.000000,0.000000,0.000000,-36867000.000000,26814000.000000,0.028000,26814000.000000,-36867000.000000,-47275000.000000,-0.710000,-0.710000,-0.710000,525878000.000000,510357750.000000,525878000.000000,4226652138.000000,-115.000000,157.629000,78259000.000000,1.055000,1.000000,511746000.000000,0.529000,260296000.000000,10408000.000000,2067512000.000000,1964278000.000000,0.000000,930639000.000000,930639000.000000,0.000000,1384502000.000000,614703000.000000,769799000.000000,-19857000.000000,-80489000.000000,18548000.000000,329504000.000000,0.000000,344282000.000000,-489944000.000000,-361909000.000000,125805000.000000,0.000000,-52670000.000000,-52670000.000000,-52670000.000000,0.000000,0.000000,-0.054000,596142000.000000,-84396000.000000,29405000.000000,0.000000,6.195000,-61.849000,-62.113000,162360000.000000,0.000000,44.100000,3.364000,3.380000,104382000.000000,-424743000.000000,968263000.000000,968263000.000000,161499000.000000,-0.031000,-0.103000,-0.019000,-0.038000,190498000.000000,434643000.000000,1.000000,73867985.000000,74203000.000000,74203000.000000,13.049000,1650084000.000000,0.000000,5395000.000000,0.000000,22.237000
MRT,2024-09-30,2024-09-30,2024-09-30,2024-Q3,554026000.000000,2147168096.000000,2025-05-01,1828000.000000,2007892000.000000,1821044500.000000,1204267000.000000,803625000.000000,0.550000,7.554000,-62318000.000000,290959000.000000,290959000.000000,467370000.000000,-36730000.000000,1.852000,2.550000,1236692000.000000,452068000.000000,784624000.000000,1236692000.000000,80000000.000000,65266000.000000,0.000000,0.000000,0.000000,-23641000.000000,41625000.000000,0.042000,41625000.000000,-23641000.000000,-36145000.000000,-0.490000,-0.490000,-0.490000,565586000.000000,528286750.000000,565586000.000000,3179299096.000000,-134.000000,76.380000,67579000.000000,0.903000,1.000000,534970000.000000,0.534000,435181000.000000,12504000.000000,1868203000.000000,2010483000.000000,0.000000,675704000.000000,675704000.000000,0.000000,1442306000.000000,650241000.000000,792065000.000000,163498000.000000,-167067000.000000,17240000.000000,328960000.000000,0.000000,342930000.000000,-309329000.000000,-79944000.000000,129897000.000000,0.000000,-36730000.000000,-36730000.000000,-36730000.000000,0.000000,0.000000,-0.037000,609051000.000000,-74081000.000000,33876000.000000,0.000000,3.796000,-58.458000,-58.633000,200794000.000000,0.000000,28.730000,2.142000,2.146000,116430000.000000,-429222000.000000,1002340000.000000,1002340000.000000,163590000.000000,-0.020000,-0.070000,-0.012000,-0.024000,177443000.000000,445461000.000000,1.000000,74736098.000000,74876000.000000,74876000.000000,13.387000,1572711000.000000,0.000000,585000.000000,0.000000,21.004000
MRT,2024-12-31,2024-12-31,2024-12-31,2024-Q4,606877000.000000,3056469742.000000,2025-05-01,636000.000000,2051214000.000000,1960206000.000000,1248568000.000000,802646000.000000,0.532000,8.351000,-64611000.000000,362546000.000000,362546000.000000,477540000.000000,-12795000.000000,1.946000,2.297000,1233130000.000000,452516000.000000,780614000.000000,1233130000.000000,79173000.000000,68263000.000000,0.000000,0.000000,0.000000,2057000.000000,70320000.000000,0.067000,70320000.000000,2057000.000000,-12755000.000000,-0.170000,-0.170000,-0.170000,622192000.000000,549313500.000000,622192000.000000,4002202742.000000,1946.000000,56.914000,78557000.000000,1.054000,1.000000,564398000.000000,0.542000,431068000.000000,14812000.000000,1849039000.000000,2044669000.000000,0.000000,643410000.000000,643410000.000000,0.000000,1429022000.000000,641691000.000000,787331000.000000,219343000.000000,-167052000.000000,15278000.000000,327447000.000000,0.000000,342725000.000000,-266550000.000000,-34887000.000000,143168000.000000,0.000000,-12795000.000000,-12795000.000000,-12795000.000000,0.000000,0.000000,-0.012000,615701000.000000,-51303000.000000,26282000.000000,0.000000,4.912000,-238.880000,-239.059000,203037000.000000,0.000000,40.640000,2.933000,2.906000,115172000.000000,-417645000.000000,1041938000.000000,1041938000.000000,166197000.000000,-0.007000,-0.023000,0.001000,0.002000,166315000.000000,449504000.000000,1.000000,75208409.000000,74503000.000000,74503000.000000,13.985000,1620146000.000000,0.000000,40000.000000,0.000000,21.746000
MRT,2025-03-31,2025-03-31,2025-03-31,2025-Q1,648559000.000000,2058229608.000000,2025-05-01,497000.000000,2089924000.000000,2014852500.000000,1287451000.000000,802473000.000000,0.533000,8.746000,-62874000.000000,370344000.000000,370344000.000000,488983000.000000,-5142000.000000,2.015000,2.146000,1234281000.000000,454252000.000000,780029000.000000,1234281000.000000,74809000.000000,72331000.000000,0.000000,0.000000,0.000000,10453000.000000,82784000.000000,0.077000,82784000.000000,10453000.000000,-5907000.000000,-0.060000,-0.060000,-0.060000,664286000.000000,594485500.000000,664286000.000000,2928813608.000000,280.000000,35.379000,96325000.000000,1.268000,1.000000,585650000.000000,0.545000,428230000.000000,16360000.000000,1886739000.000000,1917873250.000000,0.000000,671394000.000000,671394000.000000,0.000000,1425638000.000000,638892000.000000,786746000.000000,130535000.000000,-167151000.000000,14895000.000000,-5729000.000000,0.000000,9166000.000000,-37830000.000000,192195000.000000,159199000.000000,0.000000,-5142000.000000,-5142000.000000,-5142000.000000,0.000000,0.000000,-0.005000,621686000.000000,-36036000.000000,29477000.000000,0.000000,3.098000,-400.278000,-452.500000,204017000.000000,0.000000,27.150000,1.915000,1.919000,118614000.000000,-417069000.000000,1074633000.000000,1074633000.000000,165779000.000000,-0.003000,-0.009000,0.005000,0.010000,160876000.000000,455907000.000000,1.000000,75809562.000000,75949000.000000,89275000.000000,14.149000,1661694000.000000,0.000000,-765000.000000,0.000000,21.879000
MRY,2011-12-31,2011-12-31,2011-12-31,2011-FY,,,2025-05-01,,,,,,,,-3142000.000000,,,24563000.000000,-7872000.000000,,,,,,,,1539000.000000,,,0.000000,-7351000.000000,-5812000.000000,-0.135000,-5812000.000000,-7351000.000000,-7808000.000000,-2.990000,-2.990000,-2.990000,,,,,,,-3841000.000000,-1.458000,1.000000,18625000.000000,0.431000,,457000.000000,,,,,,,,,,1721000.000000,0.000000,109000.000000,1826000.000000,0.000000,9843000.000000,-7423000.000000,-3581000.000000,-699000.000000,0.000000,-7872000.000000,-7872000.000000,-7872000.000000,0.000000,0.000000,-0.182000,25921000.000000,-7296000.000000,,0.000000,,,,,0.000000,,,,,,43188000.000000,43188000.000000,8739000.000000,,,,-0.170000,357000.000000,17197000.000000,1.000000,,2635000.000000,2635000.000000,16.390000,,,64000.000000,,
MRY,2012-12-31,2012-12-31,2012-12-31,2012-FY,-2047000.000000,,2025-05-01,0.000000,26607000.000000,,14834000.000000,11773000.000000,,-2.429000,-2680000.000000,5961000.000000,5961000.000000,39306000.000000,-19334000.000000,0.879000,-4.298000,8194000.000000,3987000.000000,4207000.000000,8194000.000000,4269000.000000,2624000.000000,0.000000,,0.000000,-18715000.000000,-16091000.000000,-0.252000,-16091000.000000,-18715000.000000,-19272000.000000,-5.820000,-5.820000,-5.820000,-8067000.000000,,-8067000.000000,,,,-10981000.000000,-3.307000,1.000000,24516000.000000,0.384000,0.000000,557000.000000,11959000.000000,,0.000000,2490000.000000,2490000.000000,0.000000,34674000.000000,16881000.000000,17793000.000000,583000.000000,0.000000,120000.000000,-1510000.000000,0.000000,10473000.000000,-1589000.000000,1091000.000000,-8301000.000000,0.000000,-19334000.000000,-19334000.000000,-19334000.000000,0.000000,0.000000,-0.303000,41571000.000000,-17055000.000000,4649000.000000,0.000000,,,,10874000.000000,0.000000,,,,5441000.000000,-59482000.000000,63822000.000000,63822000.000000,13217000.000000,,,,-0.293000,464000.000000,28354000.000000,1.000000,,3321000.000000,3321000.000000,19.218000,26607000.000000,0.000000,62000.000000,3300000.000000,8.012000
MRY,2013-12-31,2013-12-31,2013-12-31,2013-FY,1076000.000000,,2025-05-01,0.000000,56278000.000000,41442500.000000,26369000.000000,29909000.000000,2.030000,-0.741000,-554000.000000,17748000.000000,17748000.000000,48807000.000000,-31314000.000000,1.043000,-19.962000,30332000.000000,6379000.000000,23953000.000000,30332000.000000,4375000.000000,4415000.000000,0.000000,,0.000000,-30164000.000000,-25749000.000000,-0.306000,-25749000.000000,-30164000.000000,-31244000.000000,-7.820000,-7.820000,-7.820000,-2968000.000000,-5517500.000000,-2968000.000000,,,,-21513000.000000,-5.370000,1.000000,35325000.000000,0.420000,14863000.000000,1080000.000000,28706000.000000,20332500.000000,0.000000,0.000000,0.000000,0.000000,59246000.000000,25293000.000000,33953000.000000,11787000.000000,-2836000.000000,702000.000000,12092000.000000,0.000000,33767000.000000,-1021000.000000,2490000.000000,-20959000.000000,0.000000,-31314000.000000,-31314000.000000,-31314000.000000,0.000000,0.000000,-0.372000,63647000.000000,-28322000.000000,4306000.000000,0.000000,,,,11607000.000000,0.000000,,,,6970000.000000,-90796000.000000,84132000.000000,84132000.000000,17529000.000000,-0.756000,5.675000,-1.484000,-0.359000,1949000.000000,46118000.000000,1.000000,46047510.000000,4006000.000000,4006000.000000,21.001000,41415000.000000,0.000000,70000.000000,5448000.000000,10.338000
MRY,2014-12-31,2014-12-31,2014-12-31,2014-FY,56234000.000000,218979322.000000,2025-05-01,0.000000,116934000.000000,109242500.000000,88584000.000000,28350000.000000,0.944000,1.110000,-1025000.000000,58289000.000000,58289000.000000,54661000.000000,-37786000.000000,2.738000,1.801000,47696000.000000,7995000.000000,39701000.000000,47696000.000000,5346000.000000,6463000.000000,0.000000,0.000000,0.000000,-33540000.000000,-27077000.000000,-0.263000,-27077000.000000,-33540000.000000,-37701000.000000,-1.000000,-1.000000,-1.000000,41753000.000000,34605500.000000,41753000.000000,214115322.000000,-6.000000,-7.908000,-25304000.000000,-0.673000,1.000000,48441000.000000,0.470000,14351000.000000,4161000.000000,59640000.000000,52924500.000000,0.000000,20000000.000000,20000000.000000,0.000000,75181000.000000,32350000.000000,42831000.000000,40541000.000000,0.000000,73331000.000000,12531000.000000,0.000000,85862000.000000,-21042000.000000,-19992000.000000,-24279000.000000,0.000000,-37786000.000000,-37786000.000000,-37786000.000000,0.000000,0.000000,-0.366000,83971000.000000,-35530000.000000,4179000.000000,0.000000,5.245000,-5.795000,-4.480000,12571000.000000,0.000000,4.480000,2.124000,1.634000,8335000.000000,-128582000.000000,103102000.000000,103102000.000000,22110000.000000,-0.346000,-1.092000,-0.634000,-0.325000,6753000.000000,61861000.000000,1.000000,48879313.000000,37604000.000000,37604000.000000,2.742000,102583000.000000,0.000000,85000.000000,2879000.000000,2.728000
MRY,2015-12-31,2015-12-31,2015-12-31,2015-FY,22712000.000000,439387105.000000,2025-05-01,0.000000,99233000.000000,103182000.000000,71235000.000000,27998000.000000,1.249000,0.524000,-1116000.000000,58484000.000000,58484000.000000,59495000.000000,-25838000.000000,1.468000,2.776000,46617000.000000,24684000.000000,21933000.000000,46617000.000000,6413000.000000,7388000.000000,0.000000,0.000000,0.000000,-21050000.000000,-13662000.000000,-0.106000,-13662000.000000,-21050000.000000,-25777000.000000,-0.520000,-0.520000,-0.520000,26280000.000000,29649500.000000,26280000.000000,426514105.000000,-20.000000,-31.219000,-14055000.000000,-0.280000,1.000000,69373000.000000,0.538000,13839000.000000,4727000.000000,25004000.000000,40593250.000000,0.000000,0.000000,0.000000,0.000000,72953000.000000,48523000.000000,24430000.000000,195000.000000,0.000000,2635000.000000,-9191000.000000,0.000000,-6556000.000000,19690000.000000,20000000.000000,-12939000.000000,0.000000,-25838000.000000,-25838000.000000,-25838000.000000,0.000000,0.000000,-0.200000,90523000.000000,-21150000.000000,2569000.000000,0.000000,16.719000,-17.005000,-16.731000,13225000.000000,0.000000,8.700000,3.410000,3.385000,10567000.000000,-154420000.000000,128868000.000000,128868000.000000,22659000.000000,-0.250000,-0.871000,-0.519000,-0.163000,7730000.000000,67864000.000000,1.000000,50504265.000000,50141000.000000,50141000.000000,2.570000,85394000.000000,0.000000,61000.000000,3177000.000000,1.703000
MRY,2016-12-31,2016-12-31,2016-12-31,2016-FY,40933000.000000,751622022.000000,2025-05-01,0.000000,105239000.000000,102274500.000000,75011000.000000,30228000.000000,1.585000,0.579000,-1131000.000000,58122000.000000,58122000.000000,66934000.000000,-11860000.000000,2.201000,2.470000,45799000.000000,6972000.000000,38827000.000000,45799000.000000,10047000.000000,8390000.000000,0.000000,0.000000,0.000000,-7580000.000000,810000.000000,0.005000,810000.000000,-7580000.000000,-11806000.000000,-0.230000,-0.230000,-0.230000,30328000.000000,27079750.000000,30328000.000000,738959022.000000,-97.000000,912.295000,5707000.000000,0.109000,1.000000,95156000.000000,0.587000,13337000.000000,4226000.000000,45501000.000000,31938500.000000,0.000000,0.000000,0.000000,0.000000,74911000.000000,34078000.000000,40833000.000000,-362000.000000,0.000000,6265000.000000,-10700000.000000,0.000000,-4803000.000000,-2397000.000000,-1206000.000000,6838000.000000,0.000000,-11860000.000000,-11860000.000000,-11860000.000000,0.000000,0.000000,-0.073000,101698000.000000,-6542000.000000,3366000.000000,0.000000,24.783000,-63.375000,-61.696000,14688000.000000,0.000000,14.190000,4.637000,4.582000,13881000.000000,-166280000.000000,162090000.000000,162090000.000000,23878000.000000,-0.116000,-0.438000,-0.237000,-0.047000,9643000.000000,77820000.000000,1.000000,52968430.000000,52342000.000000,52342000.000000,3.097000,91902000.000000,0.000000,54000.000000,2823000.000000,1.756000
MRY,2017-12-31,2017-12-31,2017-12-31,2017-FY,53317000.000000,1384596134.000000,2025-05-01,0.000000,128196000.000000,116680500.000000,92835000.000000,35361000.000000,1.716000,0.852000,-2650000.000000,68947000.000000,68947000.000000,83104000.000000,-8969000.000000,2.349000,1.737000,46742000.000000,6987000.000000,39755000.000000,46742000.000000,13975000.000000,8314000.000000,0.000000,0.000000,0.000000,-5230000.000000,3084000.000000,0.015000,3084000.000000,-5230000.000000,-8701000.000000,-0.160000,-0.160000,-0.160000,46838000.000000,36437500.000000,46838000.000000,1367236134.000000,-261.000000,443.332000,8456000.000000,0.154000,1.000000,117121000.000000,0.585000,12871000.000000,3471000.000000,53602000.000000,49506250.000000,0.000000,0.000000,0.000000,0.000000,81358000.000000,39518000.000000,41840000.000000,10825000.000000,0.000000,10136000.000000,-7767000.000000,0.000000,2369000.000000,-2650000.000000,0.000000,11106000.000000,0.000000,-8969000.000000,-8969000.000000,-8969000.000000,0.000000,0.000000,-0.045000,122841000.000000,-5720000.000000,4292000.000000,0.000000,29.561000,-154.376000,-155.500000,19888000.000000,0.000000,24.880000,6.915000,6.828000,19048000.000000,-175421000.000000,200225000.000000,200225000.000000,27120000.000000,-0.077000,-0.246000,-0.106000,-0.026000,15343000.000000,95721000.000000,1.000000,55650970.000000,54946000.000000,54946000.000000,3.644000,115325000.000000,0.000000,268000.000000,2370000.000000,2.099000
MRY,2018-12-31,2018-12-31,2018-12-31,2018-FY,286008000.000000,2569509916.000000,2025-05-01,-93000.000000,394666000.000000,325439750.000000,334002000.000000,60664000.000000,0.792000,2.458000,-9261000.000000,81912000.000000,81912000.000000,104034000.000000,-221000.000000,6.959000,1.765000,207919000.000000,6647000.000000,201272000.000000,207919000.000000,17391000.000000,10274000.000000,0.000000,0.000000,0.000000,10324000.000000,20598000.000000,0.080000,20598000.000000,10324000.000000,79000.000000,0.000000,0.000000,0.000000,142748000.000000,117647500.000000,142748000.000000,2696713916.000000,261.000000,130.921000,29361000.000000,0.506000,1.000000,153630000.000000,0.596000,12429000.000000,10245000.000000,460250000.000000,332367500.000000,0.000000,209907000.000000,209907000.000000,0.000000,251918000.000000,47994000.000000,203924000.000000,12965000.000000,0.000000,13509000.000000,209255000.000000,0.000000,191092000.000000,-216749000.000000,-207488000.000000,38622000.000000,0.000000,-221000.000000,-221000.000000,-221000.000000,0.000000,0.000000,-0.001000,146621000.000000,7009000.000000,7010000.000000,,18.000000,-11626.742000,,25885000.000000,0.000000,43.720000,9.972000,9.854000,24797000.000000,-151497000.000000,257664000.000000,257664000.000000,34172000.000000,-0.001000,-0.002000,0.031000,0.040000,28484000.000000,112449000.000000,1.000000,58771956.000000,58076000.000000,58076000.000000,4.437000,382237000.000000,0.000000,300000.000000,2582000.000000,6.582000
MRY,2019-12-31,2019-12-31,2019-12-31,2019-FY,315282000.000000,4005532817.000000,2025-05-01,576000.000000,482380000.000000,446884250.000000,381274000.000000,101106000.000000,0.734000,3.254000,-19228000.000000,77976000.000000,77976000.000000,134511000.000000,-4552000.000000,5.778000,1.455000,223324000.000000,8582000.000000,214742000.000000,223324000.000000,24681000.000000,19109000.000000,0.000000,0.000000,0.000000,9346000.000000,28455000.000000,0.087000,28455000.000000,9346000.000000,-4448000.000000,-0.080000,-0.080000,-0.080000,196458000.000000,172916250.000000,196458000.000000,4106773817.000000,439.000000,144.325000,31993000.000000,0.530000,1.000000,193495000.000000,0.590000,27331000.000000,13794000.000000,534405000.000000,491169500.000000,0.000000,241973000.000000,241973000.000000,0.000000,285922000.000000,65992000.000000,219930000.000000,-3936000.000000,-13890000.000000,15528000.000000,-7054000.000000,0.000000,8474000.000000,-63631000.000000,-30513000.000000,51221000.000000,0.000000,-4552000.000000,-4552000.000000,-4552000.000000,0.000000,0.000000,-0.014000,190228000.000000,3267000.000000,10156000.000000,0.000000,20.389000,-879.950000,-819.750000,41936000.000000,0.000000,65.580000,12.212000,12.070000,37655000.000000,-156049000.000000,328006000.000000,328006000.000000,45190000.000000,-0.010000,-0.026000,0.019000,0.028000,42065000.000000,145038000.000000,1.000000,61078573.000000,60371000.000000,60371000.000000,5.433000,455049000.000000,0.000000,104000.000000,2723000.000000,7.538000
MRY,2020-12-31,2020-12-31,2020-12-31,2020-FY,585557000.000000,11507185285.000000,2025-05-01,335000.000000,1063742000.000000,893497750.000000,689118000.000000,374624000.000000,0.487000,4.351000,-30422000.000000,220372000.000000,220372000.000000,180284000.000000,-42130000.000000,6.654000,2.810000,653219000.000000,4524000.000000,648695000.000000,653219000.000000,31983000.000000,30774000.000000,0.000000,0.000000,0.000000,-16235000.000000,14539000.000000,0.033000,14539000.000000,-16235000.000000,-44583000.000000,-0.660000,-0.660000,-0.660000,279164000.000000,250606750.000000,279164000.000000,11862295285.000000,-731.000000,815.895000,36880000.000000,0.575000,1.000000,254624000.000000,0.585000,217104000.000000,28348000.000000,1175924000.000000,1035775000.000000,0.000000,425298000.000000,383171000.000000,42127000.000000,784578000.000000,103561000.000000,681017000.000000,142396000.000000,-165438000.000000,23125000.000000,524747000.000000,0.000000,457424000.000000,-382330000.000000,-186470000.000000,67302000.000000,0.000000,-42130000.000000,-42130000.000000,-42130000.000000,0.000000,0.000000,-0.097000,266929000.000000,-12305000.000000,17145000.000000,0.000000,41.220000,-273.135000,-264.242000,60223000.000000,0.000000,174.400000,26.459000,25.726000,48731000.000000,-198179000.000000,434908000.000000,434908000.000000,68747000.000000,-0.047000,-0.168000,-0.016000,-0.037000,64747000.000000,198182000.000000,1.000000,65981567.000000,64154000.000000,64154000.000000,6.779000,846638000.000000,0.000000,-2453000.000000,2571000.000000,13.197000
MRY,2021-12-31,2021-12-31,2021-12-31,2021-FY,459651000.000000,9344482226.000000,2025-05-01,-287000.000000,1192942000.000000,1149578250.000000,617226000.000000,575716000.000000,0.530000,3.127000,-42216000.000000,90878000.000000,90878000.000000,271099000.000000,-53000000.000000,3.917000,4.650000,825513000.000000,9826000.000000,815687000.000000,825513000.000000,43720000.000000,47430000.000000,0.000000,0.000000,0.000000,-56258000.000000,-8828000.000000,-0.014000,-8828000.000000,-56258000.000000,-64285000.000000,-0.790000,-0.790000,-0.790000,211132000.000000,172278500.000000,211132000.000000,10089363226.000000,-179.000000,-1142.882000,-13218000.000000,-0.196000,1.000000,338492000.000000,0.555000,205317000.000000,8027000.000000,1564685000.000000,1497515250.000000,0.000000,526357000.000000,378980000.000000,147377000.000000,981810000.000000,157575000.000000,824235000.000000,-128981000.000000,0.000000,22799000.000000,-25300000.000000,0.000000,-7501000.000000,-150478000.000000,-108262000.000000,28998000.000000,0.000000,-53000000.000000,-53000000.000000,-53000000.000000,0.000000,0.000000,-0.087000,394742000.000000,-56250000.000000,20510000.000000,0.000000,44.259000,-176.311000,-173.823000,126488000.000000,0.000000,137.320000,15.329000,15.208000,83731000.000000,-228436000.000000,609591000.000000,609591000.000000,106897000.000000,-0.046000,-0.308000,-0.038000,-0.092000,108805000.000000,287845000.000000,1.000000,68048953.000000,67512000.000000,67512000.000000,9.029000,987625000.000000,0.000000,-11285000.000000,3537000.000000,14.629000
MRY,2022-12-31,2022-12-31,2022-12-31,2022-FY,627934000.000000,4784496037.000000,2025-05-01,-2688000.000000,1244485000.000000,1204228750.000000,778710000.000000,465775000.000000,0.647000,4.433000,-56171000.000000,180520000.000000,180520000.000000,367501000.000000,-94650000.000000,5.165000,3.015000,790560000.000000,10795000.000000,779765000.000000,790560000.000000,57816000.000000,55048000.000000,0.000000,0.000000,0.000000,-82769000.000000,-27721000.000000,-0.036000,-27721000.000000,-82769000.000000,-90262000.000000,-1.350000,-1.350000,-1.350000,309965000.000000,259667750.000000,309965000.000000,5445297037.000000,-66.000000,-196.432000,32694000.000000,0.468000,1.000000,411345000.000000,0.528000,193612000.000000,7493000.000000,1510137000.000000,1510814000.000000,0.000000,434628000.000000,433743000.000000,885000.000000,934520000.000000,150776000.000000,783744000.000000,89596000.000000,0.000000,21935000.000000,-34067000.000000,0.000000,-30232000.000000,30963000.000000,87400000.000000,88865000.000000,0.000000,-94650000.000000,-94650000.000000,-94650000.000000,0.000000,0.000000,-0.122000,498927000.000000,-87582000.000000,23629000.000000,0.000000,15.436000,-50.549000,-50.267000,145341000.000000,0.000000,67.860000,6.143000,6.092000,87494000.000000,-323086000.000000,778846000.000000,778846000.000000,141794000.000000,-0.079000,-0.365000,-0.055000,-0.106000,172507000.000000,357133000.000000,1.000000,70505394.000000,69920000.000000,69920000.000000,11.139000,1050873000.000000,0.000000,4388000.000000,0.000000,15.030000
MRY,2023-12-31,2023-12-31,2023-12-31,2023-FY,756839000.000000,5720443125.000000,2025-05-01,582000.000000,1494568000.000000,1410016000.000000,924054000.000000,570514000.000000,0.646000,7.468000,-40771000.000000,143201000.000000,143201000.000000,432690000.000000,-81764000.000000,5.526000,1.778000,793878000.000000,12498000.000000,781380000.000000,793878000.000000,68187000.000000,61157000.000000,0.000000,0.000000,0.000000,-71777000.000000,-10620000.000000,-0.012000,-10620000.000000,-71777000.000000,-79423000.000000,-1.130000,-1.130000,-1.130000,538085000.000000,457460000.000000,538085000.000000,6388239125.000000,-89.000000,-601.529000,88067000.000000,1.222000,1.000000,477798000.000000,0.525000,265735000.000000,7646000.000000,1712295000.000000,1659451500.000000,0.000000,587096000.000000,587096000.000000,0.000000,956483000.000000,167215000.000000,789268000.000000,-36145000.000000,-80588000.000000,25054000.000000,73295000.000000,0.000000,94579000.000000,-259562000.000000,-138203000.000000,128838000.000000,0.000000,-81764000.000000,-81764000.000000,-81764000.000000,0.000000,0.000000,-0.090000,576374000.000000,-98576000.000000,24399000.000000,0.000000,10.631000,-69.963000,-69.637000,152009000.000000,0.000000,78.690000,6.283000,6.227000,97424000.000000,-404850000.000000,910488000.000000,910488000.000000,156582000.000000,-0.058000,-0.179000,-0.043000,-0.079000,206292000.000000,419792000.000000,1.000000,72695935.000000,72048000.000000,72048000.000000,12.637000,1228833000.000000,0.000000,2341000.000000,0.000000,17.056000
MRY,2024-12-31,2024-12-31,2024-12-31,2024-FY,606877000.000000,3056469742.000000,2025-05-01,636000.000000,2051214000.000000,1960206000.000000,1248568000.000000,802646000.000000,0.532000,8.351000,-64611000.000000,362546000.000000,362546000.000000,477540000.000000,-12795000.000000,1.946000,2.297000,1233130000.000000,452516000.000000,780614000.000000,1233130000.000000,79173000.000000,68263000.000000,0.000000,0.000000,0.000000,2057000.000000,70320000.000000,0.067000,70320000.000000,2057000.000000,-12755000.000000,-0.170000,-0.170000,-0.170000,622192000.000000,549313500.000000,622192000.000000,4002202742.000000,1946.000000,56.914000,78557000.000000,1.054000,1.000000,564398000.000000,0.542000,431068000.000000,14812000.000000,1849039000.000000,2044669000.000000,0.000000,643410000.000000,643410000.000000,0.000000,1429022000.000000,641691000.000000,787331000.000000,219343000.000000,-167052000.000000,15278000.000000,327447000.000000,0.000000,342725000.000000,-266550000.000000,-34887000.000000,143168000.000000,0.000000,-12795000.000000,-12795000.000000,-12795000.000000,0.000000,0.000000,-0.012000,615701000.000000,-51303000.000000,26282000.000000,0.000000,4.912000,-238.880000,-239.059000,203037000.000000,0.000000,40.640000,2.933000,2.906000,115172000.000000,-417645000.000000,1041938000.000000,1041938000.000000,166197000.000000,-0.007000,-0.023000,0.001000,0.002000,166315000.000000,449504000.000000,1.000000,75208409.000000,74503000.000000,74503000.000000,13.985000,1620146000.000000,0.000000,40000.000000,0.000000,21.746000
