dimension,calendardate,datekey,reportperiod,fiscalperiod,workingcapital,marketcap,lastupdated,accoci,assets,assetsavg,assetsc,assetsnc,assetturnover,bvps,capex,cashneq,cashnequsd,cor,consolinc,currentratio,de,debt,debtc,debtnc,debtusd,deferredrev,depamor,deposits,divyield,dps,ebit,ebitda,ebitdamargin,ebitdausd,ebitusd,ebt,eps,epsdil,epsusd,equity,equityavg,equityusd,ev,evebit,evebitda,fcf,fcfps,fxusd,gp,grossmargin,intangibles,intexp,invcap,invcapavg,inventory,investments,investmentsc,investmentsnc,liabilities,liabilitiesc,liabilitiesnc,ncf,ncfbus,ncfcommon,ncfdebt,ncfdiv,ncff,ncfi,ncfinv,ncfo,ncfx,netinc,netinccmn,netinccmnusd,netincdis,netincnci,netmargin,opex,opinc,payables,payoutratio,pb,pe,pe1,ppnenet,prefdivis,price,ps,ps1,receivables,retearn,revenue,revenueusd,rnd,roa,roe,roic,ros,sbcomp,sgna,sharefactor,sharesbas,shareswa,shareswadil,sps,tangibles,taxassets,taxexp,taxliabilities,tbvps
ARQ,2016-12-31,2017-05-12,2016-12-31,2016-Q4,620000.000000,,2025-04-30,0.000000,90475000.000000,,1644000.000000,88831000.000000,,0.342000,,920000.000000,920000.000000,,,1.605000,0.075000,279000.000000,14000.000000,265000.000000,279000.000000,0.000000,,0.000000,,0.000000,,,,,,,,,,84143000.000000,,84143000.000000,,,,,,1.000000,,,0.000000,,88810000.000000,,371000.000000,0.000000,0.000000,0.000000,6332000.000000,1024000.000000,5308000.000000,,,,,,,,,,,,,,,,,,,305000.000000,,,,,88831000.000000,,,,,77000.000000,52000.000000,,,,,,,,,,1.000000,246224886.000000,246224886.000000,,,90475000.000000,0.000000,,5043000.000000,0.367000
ARQ,2016-12-31,2017-06-20,2016-12-31,2016-Q4,620000.000000,,2025-04-30,0.000000,90475000.000000,,1644000.000000,88831000.000000,,0.342000,,920000.000000,920000.000000,,,1.605000,0.075000,279000.000000,14000.000000,265000.000000,279000.000000,0.000000,,0.000000,,0.000000,,,,,,,,,,84143000.000000,,84143000.000000,,,,,,1.000000,,,0.000000,,88810000.000000,,371000.000000,0.000000,0.000000,0.000000,6332000.000000,1024000.000000,5308000.000000,,,,,,,,,,,,,,,,,,,305000.000000,,,,,88831000.000000,,,,,77000.000000,52000.000000,,,,,,,,,,1.000000,246224886.000000,246224886.000000,,,90475000.000000,0.000000,,5043000.000000,0.367000
ARQ,2016-12-31,2017-07-25,2016-12-31,2016-Q4,620000.000000,,2025-04-30,0.000000,90475000.000000,,1644000.000000,88831000.000000,,0.342000,,920000.000000,920000.000000,,,1.605000,0.075000,279000.000000,14000.000000,265000.000000,279000.000000,0.000000,,0.000000,,0.000000,,,,,,,,,,84143000.000000,,84143000.000000,,,,,,1.000000,,,0.000000,,88810000.000000,,371000.000000,0.000000,0.000000,0.000000,6332000.000000,1024000.000000,5308000.000000,,,,,,,,,,,,,,,,,,,305000.000000,,,,,88831000.000000,,,,,77000.000000,52000.000000,,,,,,,,,,1.000000,246224886.000000,246224886.000000,,,90475000.000000,0.000000,,5043000.000000,0.367000
ARQ,2016-12-31,2017-07-31,2016-12-31,2016-Q4,620000.000000,,2025-04-30,0.000000,90475000.000000,,1644000.000000,88831000.000000,,0.342000,,920000.000000,920000.000000,,,1.605000,0.075000,279000.000000,14000.000000,265000.000000,279000.000000,0.000000,,0.000000,,0.000000,,,,,,,,,,84143000.000000,,84143000.000000,,,,,,1.000000,,,0.000000,,88810000.000000,,371000.000000,0.000000,0.000000,0.000000,6332000.000000,1024000.000000,5308000.000000,,,,,,,,,,,,,,,,,,,305000.000000,,,,,88831000.000000,,,,,77000.000000,52000.000000,,,,,,,,,,1.000000,246224886.000000,246224886.000000,,,90475000.000000,0.000000,,5043000.000000,0.367000
ARQ,2016-12-31,2017-08-18,2016-12-31,2016-Q4,620000.000000,,2025-04-30,0.000000,90475000.000000,,1644000.000000,88831000.000000,,0.342000,,920000.000000,920000.000000,,,1.605000,0.075000,279000.000000,14000.000000,265000.000000,279000.000000,0.000000,,0.000000,,0.000000,,,,,,,,,,84143000.000000,,84143000.000000,,,,,,1.000000,,,0.000000,,88810000.000000,,371000.000000,0.000000,0.000000,0.000000,6332000.000000,1024000.000000,5308000.000000,,,,,,,,,,,,,,,,,,,305000.000000,,,,,88831000.000000,,,,,77000.000000,52000.000000,,,,,,,,,,1.000000,246224886.000000,246224886.000000,,,90475000.000000,0.000000,,5043000.000000,0.367000
ARQ,2016-12-31,2017-09-28,2016-12-31,2016-Q4,620000.000000,,2025-04-30,0.000000,90475000.000000,,1644000.000000,88831000.000000,,0.342000,,920000.000000,920000.000000,,,1.605000,0.075000,279000.000000,14000.000000,265000.000000,279000.000000,0.000000,,0.000000,,0.000000,,,,,,,,,,84143000.000000,,84143000.000000,,,,,,1.000000,,,0.000000,,88810000.000000,,371000.000000,0.000000,0.000000,0.000000,6332000.000000,1024000.000000,5308000.000000,,,,,,,,,,,,,,,,,,,305000.000000,,,,,88831000.000000,,,,,77000.000000,52000.000000,,,,,,,,,,1.000000,246224886.000000,246224886.000000,,,90475000.000000,0.000000,,5043000.000000,0.367000
ARQ,2016-12-31,2017-10-23,2016-12-31,2016-Q4,620000.000000,,2025-04-30,0.000000,90475000.000000,,1644000.000000,88831000.000000,,0.342000,,920000.000000,920000.000000,,,1.605000,0.075000,279000.000000,14000.000000,265000.000000,279000.000000,0.000000,,0.000000,,0.000000,,,,,,,,,,84143000.000000,,84143000.000000,,,,,,1.000000,,,0.000000,,88810000.000000,,371000.000000,0.000000,0.000000,0.000000,6332000.000000,1024000.000000,5308000.000000,,,,,,,,,,,,,,,,,,,305000.000000,,,,,88831000.000000,,,,,77000.000000,52000.000000,,,,,,,,,,1.000000,246224886.000000,246224886.000000,,,90475000.000000,0.000000,,5043000.000000,0.367000
ARQ,2017-09-30,2017-11-13,2017-09-30,2017-Q3,-60000.000000,,2025-04-30,0.000000,89250000.000000,,903000.000000,88347000.000000,,0.337000,,84000.000000,84000.000000,1881000.000000,0.000000,0.938000,0.075000,249000.000000,0.000000,249000.000000,249000.000000,0.000000,,0.000000,,0.000000,0.000000,,,,0.000000,0.000000,,,,82995000.000000,,82995000.000000,,,,,,1.000000,2221000.000000,0.541000,0.000000,0.000000,88452000.000000,,528000.000000,0.000000,0.000000,0.000000,6255000.000000,963000.000000,5292000.000000,,,,,,,,,,,0.000000,0.000000,0.000000,0.000000,0.000000,0.000000,2221000.000000,0.000000,194000.000000,,,,,88347000.000000,0.000000,,,,206000.000000,52000.000000,4102000.000000,4102000.000000,0.000000,,,,,,293000.000000,1.000000,246224886.000000,246224886.000000,,0.017000,89250000.000000,0.000000,0.000000,5043000.000000,0.362000
ARQ,2017-12-31,2018-03-28,2017-12-31,2017-Q4,,6762253761.000000,2025-04-30,0.000000,9739712000.000000,,,,,20.592000,-51000.000000,197406000.000000,197406000.000000,23684000.000000,44537000.000000,,1.058000,4785756000.000000,,,4785756000.000000,68117000.000000,751000.000000,0.000000,0.009000,0.160000,104115000.000000,104866000.000000,0.559000,104866000.000000,104115000.000000,40761000.000000,0.190000,0.190000,0.190000,4691489000.000000,,4691489000.000000,11350603761.000000,,,129389000.000000,0.568000,1.000000,163925000.000000,0.874000,0.000000,63354000.000000,14328062000.000000,,0.000000,9379043000.000000,,,4963348000.000000,,,141635000.000000,0.000000,963782000.000000,111064000.000000,0.000000,1148446000.000000,-1136251000.000000,-1136200000.000000,129440000.000000,0.000000,42662000.000000,42662000.000000,42662000.000000,0.000000,1875000.000000,0.227000,19729000.000000,144196000.000000,10562000.000000,0.842000,1.441000,,,147900000.000000,0.000000,18.270000,,,0.000000,42662000.000000,187609000.000000,187609000.000000,0.000000,,,,,1385000.000000,9939000.000000,1.000000,370128832.000000,227828844.000000,227985455.000000,0.823000,9739712000.000000,0.000000,-1901000.000000,3718000.000000,42.750000
ARQ,2018-03-31,2018-05-04,2018-03-31,2018-Q1,,6669752259.000000,2025-04-30,0.000000,10486239000.000000,,,,,17.649000,-345000.000000,932023000.000000,932023000.000000,21338000.000000,114103000.000000,,0.719000,4119263000.000000,,,4119263000.000000,60929000.000000,906000.000000,0.000000,0.009000,0.160000,165381000.000000,166287000.000000,0.762000,166287000.000000,165381000.000000,112506000.000000,0.330000,0.330000,0.330000,6051900000.000000,,6051900000.000000,9856992259.000000,,,122138000.000000,0.356000,1.000000,196938000.000000,0.902000,0.000000,52875000.000000,13673479000.000000,,0.000000,9391957000.000000,,,4351339000.000000,,,734617000.000000,0.000000,1307119000.000000,-690784000.000000,0.000000,612479000.000000,-345000.000000,0.000000,122483000.000000,0.000000,112122000.000000,112122000.000000,112122000.000000,0.000000,1981000.000000,0.514000,8214000.000000,188724000.000000,9221000.000000,0.485000,1.102000,,,147339000.000000,0.000000,18.020000,,,0.000000,95563000.000000,218276000.000000,218276000.000000,0.000000,,,,,391000.000000,7308000.000000,1.000000,370130536.000000,342900842.000000,343056532.000000,0.637000,10486239000.000000,0.000000,384000.000000,3718000.000000,30.581000
ARQ,2018-06-30,2018-08-02,2018-06-30,2018-Q2,,7273476936.000000,2025-04-30,-4640000.000000,10564703000.000000,,,,,16.461000,-212000.000000,954548000.000000,954548000.000000,23445000.000000,141359000.000000,,0.721000,4120141000.000000,,,4120141000.000000,71961000.000000,922000.000000,0.000000,0.021000,0.263000,190932000.000000,191854000.000000,0.868000,191854000.000000,190932000.000000,139492000.000000,0.380000,0.380000,0.380000,6089609000.000000,,6089609000.000000,10439069936.000000,23.000000,,123968000.000000,0.335000,1.000000,197530000.000000,0.894000,0.000000,51440000.000000,13730296000.000000,,0.000000,9445059000.000000,,,4391760000.000000,,,22525000.000000,0.000000,0.000000,-277000.000000,-59278000.000000,-61537000.000000,-40118000.000000,-39906000.000000,124180000.000000,0.000000,139044000.000000,139044000.000000,139044000.000000,0.000000,2315000.000000,0.629000,8082000.000000,189448000.000000,0.000000,0.692000,1.194000,24.754000,,146629000.000000,0.000000,19.650000,11.528000,11.521000,0.000000,137444000.000000,220975000.000000,220975000.000000,0.000000,,,,,468000.000000,7160000.000000,1.000000,370151498.000000,369932843.000000,369991738.000000,0.597000,10564703000.000000,0.000000,448000.000000,3718000.000000,28.558000
ARQ,2018-09-30,2018-11-01,2018-09-30,2018-Q3,,8078407494.000000,2025-04-30,5465000.000000,10568501000.000000,,,,,16.554000,-1000.000000,145281000.000000,145281000.000000,29646000.000000,132024000.000000,,0.712000,4121153000.000000,,,4121153000.000000,701000.000000,929000.000000,0.000000,0.033000,0.287000,184015000.000000,184944000.000000,0.795000,184944000.000000,184015000.000000,129964000.000000,0.350000,0.350000,0.350000,6123808000.000000,,6123808000.000000,12054279494.000000,19.000000,18.604000,81853000.000000,0.221000,1.000000,203041000.000000,0.873000,0.000000,54051000.000000,14544373000.000000,,0.000000,10211924000.000000,,,4361228000.000000,,,-809267000.000000,0.000000,0.000000,-114000.000000,-97018000.000000,-99113000.000000,-792008000.000000,-788565000.000000,81854000.000000,0.000000,129912000.000000,129912000.000000,129912000.000000,0.000000,2112000.000000,0.558000,18941000.000000,184100000.000000,0.000000,0.820000,1.319000,19.065000,17.456000,168076000.000000,0.000000,21.820000,9.398000,9.391000,0.000000,160915000.000000,232687000.000000,232687000.000000,0.000000,,,,,623000.000000,5678000.000000,1.000000,370229491.000000,369935055.000000,370127185.000000,0.629000,10568501000.000000,0.000000,52000.000000,4004000.000000,28.569000
ARQ,2018-12-31,2019-02-14,2018-12-31,2018-Q4,,8766382943.000000,2025-04-30,-22124000.000000,11333368000.000000,,,,,17.666000,-155000.000000,598447000.000000,598447000.000000,24751000.000000,144630000.000000,,0.650000,4122264000.000000,,,4122264000.000000,43605000.000000,929000.000000,0.000000,0.046000,0.287000,197396000.000000,198325000.000000,0.877000,198325000.000000,197396000.000000,143098000.000000,0.370000,0.370000,0.370000,6817449000.000000,,6817449000.000000,12290199943.000000,17.000000,16.577000,175410000.000000,0.455000,1.000000,201288000.000000,0.891000,0.000000,54298000.000000,14857185000.000000,,0.000000,10523582000.000000,,,4432346000.000000,,,453166000.000000,0.000000,694374000.000000,0.000000,-106386000.000000,586007000.000000,-308406000.000000,-463913000.000000,175565000.000000,0.000000,142541000.000000,142541000.000000,142541000.000000,0.000000,2089000.000000,0.631000,5606000.000000,195682000.000000,0.000000,0.776000,1.286000,16.742000,15.147000,167302000.000000,0.000000,21.660000,9.762000,8.858000,0.000000,187096000.000000,226039000.000000,226039000.000000,0.000000,,,,,860000.000000,4284000.000000,1.000000,404726821.000000,385913506.000000,386140995.000000,0.586000,11333368000.000000,0.000000,557000.000000,0.000000,29.368000
ARQ,2019-03-31,2019-05-01,2019-03-31,2019-Q1,,9382482199.000000,2025-04-30,-39315000.000000,11448671000.000000,,,,,17.160000,-147000.000000,622642000.000000,622642000.000000,4092000.000000,152926000.000000,,0.632000,4123350000.000000,,,4123350000.000000,355000.000000,930000.000000,0.000000,0.049000,0.287000,204956000.000000,205886000.000000,0.962000,205886000.000000,204956000.000000,151370000.000000,0.370000,0.370000,0.370000,6962269000.000000,,6962269000.000000,12883190199.000000,17.000000,16.496000,115495000.000000,0.285000,1.000000,209910000.000000,0.981000,0.000000,53586000.000000,14949379000.000000,,0.000000,10629680000.000000,,,4402783000.000000,,,24195000.000000,0.000000,128085000.000000,0.000000,-116341000.000000,9713000.000000,-101160000.000000,-100528000.000000,115642000.000000,0.000000,150849000.000000,150849000.000000,150849000.000000,0.000000,2077000.000000,0.705000,8044000.000000,201866000.000000,0.000000,0.776000,1.348000,16.685000,15.531000,166486000.000000,0.000000,22.830000,10.498000,10.365000,0.000000,219791000.000000,214002000.000000,214002000.000000,0.000000,,,,,1051000.000000,6225000.000000,1.000000,410971625.000000,405733656.000000,406035025.000000,0.527000,11448671000.000000,0.000000,521000.000000,0.000000,28.217000
ARQ,2019-06-30,2019-07-31,2019-06-30,2019-Q2,,9837862598.000000,2025-04-30,-70003000.000000,12522046000.000000,,,,,19.376000,-290000.000000,1233552000.000000,1233552000.000000,4848000.000000,154127000.000000,,0.557000,4124448000.000000,,,4124448000.000000,5000.000000,1018000.000000,0.000000,0.054000,0.287000,207421000.000000,208439000.000000,0.944000,208439000.000000,207421000.000000,152602000.000000,0.370000,0.370000,0.370000,7988737000.000000,,7988737000.000000,12728758598.000000,16.000000,15.959000,147010000.000000,0.357000,1.000000,215898000.000000,0.978000,0.000000,54819000.000000,15412942000.000000,,0.000000,11081275000.000000,,,4449623000.000000,,,610910000.000000,0.000000,1036923000.000000,-5371000.000000,-118077000.000000,911464000.000000,-447854000.000000,-446944000.000000,147300000.000000,0.000000,152049000.000000,152049000.000000,152049000.000000,0.000000,2078000.000000,0.689000,10403000.000000,205495000.000000,0.000000,0.776000,1.231000,17.099000,14.616000,94711000.000000,0.000000,21.340000,11.011000,9.848000,0.000000,239301000.000000,220746000.000000,220746000.000000,0.000000,,,,,1366000.000000,6518000.000000,1.000000,461005745.000000,412309577.000000,412821400.000000,0.535000,12522046000.000000,0.000000,553000.000000,0.000000,30.370000
ARQ,2019-09-30,2019-10-31,2019-09-30,2019-Q3,,10856711412.000000,2025-04-30,-77116000.000000,12581466000.000000,,,,,17.345000,-948000.000000,463510000.000000,463510000.000000,5423000.000000,146515000.000000,,0.564000,4125473000.000000,,,4125473000.000000,250000.000000,1000000.000000,0.000000,0.049000,0.297000,212990000.000000,213990000.000000,0.962000,213990000.000000,212990000.000000,144459000.000000,0.310000,0.310000,0.310000,7990314000.000000,,7990314000.000000,14518674412.000000,18.000000,17.563000,173309000.000000,0.376000,1.000000,217090000.000000,0.976000,0.000000,68531000.000000,16243429000.000000,,0.000000,11885325000.000000,,,4507397000.000000,,,-770042000.000000,0.000000,-648000.000000,-2356000.000000,-132441000.000000,-137456000.000000,-806843000.000000,-804996000.000000,174257000.000000,0.000000,144435000.000000,144435000.000000,144435000.000000,0.000000,2080000.000000,0.649000,8710000.000000,208380000.000000,0.000000,0.958000,1.359000,18.405000,16.585000,94711000.000000,0.000000,23.550000,12.291000,12.282000,0.000000,246587000.000000,222513000.000000,222513000.000000,0.000000,,,,,1404000.000000,6717000.000000,1.000000,461006854.000000,460666295.000000,465771668.000000,0.483000,12581466000.000000,0.000000,24000.000000,0.000000,27.311000
ARQ,2019-12-31,2020-02-20,2019-12-31,2019-Q4,,13178667948.000000,2025-04-30,-65078000.000000,13265619000.000000,,,,,17.279000,-295000.000000,1101893000.000000,1101893000.000000,4538000.000000,100713000.000000,,0.655000,4791563000.000000,,,4791563000.000000,70340000.000000,883000.000000,0.000000,0.042000,0.297000,170686000.000000,171569000.000000,0.722000,171569000.000000,170686000.000000,99238000.000000,0.200000,0.200000,0.200000,7965183000.000000,,7965183000.000000,16868337948.000000,21.000000,21.088000,244665000.000000,0.531000,1.000000,232999000.000000,0.981000,0.000000,71448000.000000,16955289000.000000,,0.000000,11880377000.000000,,,5216630000.000000,,,638383000.000000,0.000000,-53000.000000,538128000.000000,-137099000.000000,398945000.000000,-5522000.000000,1467000.000000,244960000.000000,0.000000,98631000.000000,98631000.000000,98631000.000000,0.000000,2082000.000000,0.415000,6241000.000000,226758000.000000,0.000000,1.485000,1.655000,24.138000,22.504000,94711000.000000,0.000000,28.130000,14.728000,13.677000,0.000000,208069000.000000,237537000.000000,237537000.000000,0.000000,,,,,1402000.000000,5109000.000000,1.000000,468491573.000000,460970717.000000,471513346.000000,0.515000,13265619000.000000,0.000000,607000.000000,0.000000,28.778000
ARQ,2020-03-31,2020-04-30,2020-03-31,2020-Q1,,8163329689.000000,2025-04-30,-118216000.000000,14907213000.000000,,,,,16.429000,-1329000.000000,2371084000.000000,2371084000.000000,5073000.000000,-22065000.000000,,0.940000,6754485000.000000,,,6754485000.000000,476000.000000,867000.000000,0.000000,0.068000,0.297000,52535000.000000,53402000.000000,0.209000,53402000.000000,52535000.000000,-23558000.000000,-0.050000,-0.050000,-0.050000,7642568000.000000,,7642568000.000000,12546730689.000000,19.000000,19.380000,136117000.000000,0.293000,1.000000,249928000.000000,0.980000,0.000000,76093000.000000,19290614000.000000,,0.000000,12259911000.000000,,,7183182000.000000,,,1269191000.000000,0.000000,199712000.000000,1910787000.000000,-137133000.000000,1971324000.000000,-839579000.000000,-837560000.000000,137446000.000000,0.000000,-24012000.000000,-24012000.000000,-24012000.000000,0.000000,1947000.000000,-0.094000,161907000.000000,88021000.000000,0.000000,-5.940000,1.068000,21.997000,20.988000,94711000.000000,0.000000,17.420000,8.723000,8.659000,0.000000,-262470000.000000,255001000.000000,255001000.000000,0.000000,,,,,1350000.000000,7015000.000000,1.000000,468618237.000000,465177425.000000,465177425.000000,0.548000,14907213000.000000,0.000000,454000.000000,0.000000,32.046000
ARQ,2020-06-30,2020-07-29,2020-06-30,2020-Q2,,11431185246.000000,2025-04-30,-117265000.000000,16277634000.000000,,,,,18.390000,-858000.000000,3680536000.000000,3680536000.000000,4875000.000000,231643000.000000,,0.801000,6758132000.000000,,,6758132000.000000,358000.000000,1213000.000000,0.000000,0.056000,0.297000,307404000.000000,308617000.000000,1.197000,308617000.000000,307404000.000000,229711000.000000,0.470000,0.470000,0.470000,8992748000.000000,,8992748000.000000,14508781246.000000,20.000000,19.408000,180193000.000000,0.368000,1.000000,253027000.000000,0.981000,0.000000,77693000.000000,19355230000.000000,,0.000000,12321826000.000000,,,7203223000.000000,,,1309452000.000000,0.000000,1276799000.000000,-6109000.000000,-139396000.000000,1129253000.000000,-852000.000000,400000.000000,181051000.000000,0.000000,229402000.000000,229402000.000000,229402000.000000,0.000000,2241000.000000,0.889000,-55609000.000000,308636000.000000,0.000000,0.632000,1.271000,25.490000,23.032000,94711000.000000,0.000000,21.420000,11.749000,10.766000,0.000000,-191835000.000000,257902000.000000,257902000.000000,0.000000,,,,,2011000.000000,7498000.000000,1.000000,533668779.000000,489012165.000000,489213427.000000,0.527000,16277634000.000000,0.000000,309000.000000,0.000000,33.287000
ARQ,2020-09-30,2020-10-28,2020-09-30,2020-Q3,,12096535534.000000,2025-04-30,-104258000.000000,16851830000.000000,,,,,17.420000,-340000.000000,144057000.000000,144057000.000000,11935000.000000,396218000.000000,,0.805000,6761832000.000000,,,6761832000.000000,309000.000000,910000.000000,0.000000,0.054000,0.330000,475305000.000000,476215000.000000,1.402000,476215000.000000,475305000.000000,397906000.000000,0.750000,0.740000,0.750000,9291973000.000000,,9291973000.000000,18714310534.000000,19.000000,18.533000,220684000.000000,0.414000,1.000000,327718000.000000,0.965000,0.000000,77399000.000000,23469605000.000000,,0.000000,16163880000.000000,,,7482291000.000000,,,-3536479000.000000,0.000000,63031000.000000,55396000.000000,-158651000.000000,-41585000.000000,-3715918000.000000,-3746952000.000000,221024000.000000,0.000000,398274000.000000,398274000.000000,398274000.000000,0.000000,-2056000.000000,1.173000,188035000.000000,139683000.000000,0.000000,0.440000,1.302000,17.224000,16.453000,158190000.000000,0.000000,22.540000,11.097000,11.029000,0.000000,29338000.000000,339653000.000000,339653000.000000,0.000000,,,,,2014000.000000,8047000.000000,1.000000,536669722.000000,533407916.000000,536180175.000000,0.637000,16851830000.000000,0.000000,-368000.000000,0.000000,31.593000
ARQ,2020-12-31,2021-02-18,2020-12-31,2020-Q4,,14554303679.000000,2025-04-30,-92521000.000000,17063613000.000000,,,,,17.549000,-241000.000000,315993000.000000,315993000.000000,11542000.000000,290412000.000000,,0.804000,6765532000.000000,,,6765532000.000000,93659000.000000,741000.000000,0.000000,0.046000,0.330000,365866000.000000,366607000.000000,0.983000,366607000.000000,365866000.000000,288446000.000000,0.540000,0.540000,0.540000,9415839000.000000,,9415839000.000000,21003842679.000000,17.000000,17.433000,343878000.000000,0.641000,1.000000,361476000.000000,0.969000,0.000000,77420000.000000,23513152000.000000,,0.000000,16202900000.000000,,,7569868000.000000,,,171936000.000000,0.000000,-1000.000000,-5000.000000,-177025000.000000,-179773000.000000,7590000.000000,-11665000.000000,344119000.000000,0.000000,288010000.000000,288010000.000000,288010000.000000,0.000000,2402000.000000,0.772000,-6740000.000000,368216000.000000,0.000000,0.611000,1.546000,16.322000,15.409000,158190000.000000,0.000000,27.120000,11.875000,11.200000,0.000000,139454000.000000,373018000.000000,373018000.000000,0.000000,,,,,2013000.000000,8101000.000000,1.000000,536663115.000000,536554018.000000,543688213.000000,0.695000,17063613000.000000,0.000000,436000.000000,0.000000,31.802000
ARQ,2021-03-31,2021-04-29,2021-03-31,2021-Q1,,17055647502.000000,2025-04-30,-80143000.000000,17085001000.000000,,,,,17.748000,-1247000.000000,322530000.000000,322530000.000000,11480000.000000,272099000.000000,,0.786000,6769211000.000000,,,6769211000.000000,493000.000000,792000.000000,0.000000,0.041000,0.330000,347333000.000000,348125000.000000,0.930000,348125000.000000,347333000.000000,270285000.000000,0.500000,0.500000,0.500000,9521559000.000000,,9521559000.000000,23502328502.000000,16.000000,15.673000,154479000.000000,0.288000,1.000000,362830000.000000,0.969000,0.000000,77048000.000000,23531682000.000000,,0.000000,16197808000.000000,,,7485309000.000000,,,6537000.000000,0.000000,-1519000.000000,0.000000,-178008000.000000,-181598000.000000,32409000.000000,34255000.000000,155726000.000000,0.000000,269801000.000000,269801000.000000,269801000.000000,0.000000,2298000.000000,0.721000,13218000.000000,349612000.000000,0.000000,0.660000,1.791000,14.387000,14.053000,158046000.000000,0.000000,31.760000,12.682000,12.669000,0.000000,232038000.000000,374310000.000000,374310000.000000,0.000000,,,,,2277000.000000,8085000.000000,1.000000,537016609.000000,536480505.000000,544801802.000000,0.698000,17085001000.000000,0.000000,484000.000000,0.000000,31.846000
ARQ,2021-06-30,2021-07-28,2021-06-30,2021-Q2,,16900802594.000000,2025-04-30,-70815000.000000,17219548000.000000,,,,,17.993000,-276000.000000,407522000.000000,407522000.000000,12219000.000000,303077000.000000,,0.775000,6772903000.000000,,,6772903000.000000,352000.000000,757000.000000,0.000000,0.042000,0.330000,381771000.000000,382528000.000000,1.016000,382528000.000000,381771000.000000,301965000.000000,0.560000,0.540000,0.560000,9656640000.000000,,9656640000.000000,23266183594.000000,15.000000,14.786000,254468000.000000,0.474000,1.000000,364181000.000000,0.968000,0.000000,79806000.000000,23584929000.000000,,0.000000,16247763000.000000,,,7484479000.000000,,,84992000.000000,0.000000,-128000.000000,0.000000,-177248000.000000,-179448000.000000,9696000.000000,11257000.000000,254744000.000000,0.000000,300709000.000000,300709000.000000,300709000.000000,0.000000,2368000.000000,0.799000,-19928000.000000,384109000.000000,0.000000,0.589000,1.750000,13.448000,13.391000,157365000.000000,0.000000,31.470000,11.549000,11.542000,0.000000,355524000.000000,376400000.000000,376400000.000000,0.000000,,,,,2395000.000000,7628000.000000,1.000000,537044887.000000,536692167.000000,554438981.000000,0.701000,17219548000.000000,0.000000,1256000.000000,0.000000,32.085000
ARQ,2021-09-30,2021-10-27,2021-09-30,2021-Q3,,18704855021.000000,2025-04-30,0.000000,17548804000.000000,,,,,21.706000,-130000.000000,669514000.000000,669514000.000000,12079000.000000,164184000.000000,,0.450000,4692032000.000000,,,4692032000.000000,461000.000000,771000.000000,0.000000,0.045000,0.360000,327349000.000000,328120000.000000,0.873000,328120000.000000,327349000.000000,162250000.000000,0.290000,0.280000,0.290000,12050107000.000000,,12050107000.000000,22727373021.000000,16.000000,15.945000,200324000.000000,0.361000,1.000000,363625000.000000,0.968000,0.000000,165099000.000000,21571322000.000000,,0.000000,16288505000.000000,,,5420018000.000000,,,261992000.000000,0.000000,2386129000.000000,-2123166000.000000,-177104000.000000,83787000.000000,-22249000.000000,-18601000.000000,200454000.000000,0.000000,161862000.000000,161862000.000000,161862000.000000,0.000000,2322000.000000,0.431000,18358000.000000,345267000.000000,0.000000,1.241000,1.552000,18.331000,15.735000,153576000.000000,0.000000,29.740000,12.475000,11.011000,0.000000,290966000.000000,375704000.000000,375704000.000000,0.000000,,,,,2395000.000000,8379000.000000,1.000000,628946033.000000,555153692.000000,571894545.000000,0.677000,17548804000.000000,0.000000,388000.000000,0.000000,31.611000
ARQ,2021-12-31,2022-02-23,2021-12-31,2021-Q4,,20184095264.000000,2025-04-30,884000.000000,17597373000.000000,,,,,19.240000,-852000.000000,739614000.000000,739614000.000000,12792000.000000,283798000.000000,,0.447000,4694523000.000000,,,4694523000.000000,0.000000,771000.000000,0.000000,0.051000,0.360000,352675000.000000,353446000.000000,0.922000,353446000.000000,352675000.000000,282238000.000000,0.450000,0.450000,0.450000,12108268000.000000,,12108268000.000000,24139004264.000000,17.000000,17.093000,284574000.000000,0.452000,1.000000,370362000.000000,0.967000,0.000000,70437000.000000,21552282000.000000,,0.000000,16279490000.000000,,,5410199000.000000,,,70100000.000000,0.000000,-437000.000000,-7960000.000000,-226430000.000000,-236919000.000000,21593000.000000,24439000.000000,285426000.000000,0.000000,281479000.000000,281479000.000000,281479000.000000,0.000000,2319000.000000,0.735000,15413000.000000,354949000.000000,0.000000,0.800000,1.667000,19.908000,14.983000,153576000.000000,0.000000,26.970000,13.371000,10.085000,0.000000,346026000.000000,383154000.000000,383154000.000000,0.000000,,,,,2304000.000000,9030000.000000,1.000000,748390629.000000,629337883.000000,636924638.000000,0.609000,17597373000.000000,0.000000,759000.000000,0.000000,27.962000
ARQ,2022-03-31,2022-05-04,2022-03-31,2022-Q1,,29516014763.000000,2025-04-30,109495000.000000,21741321000.000000,,,,,22.510000,-454000.000000,568702000.000000,568702000.000000,13671000.000000,242688000.000000,,0.406000,5297014000.000000,,,5297014000.000000,0.000000,776000.000000,0.000000,0.046000,0.360000,308925000.000000,309701000.000000,0.743000,309701000.000000,308925000.000000,240783000.000000,0.350000,0.350000,0.350000,15404678000.000000,,15404678000.000000,34244326763.000000,25.000000,24.927000,297719000.000000,0.435000,1.000000,402954000.000000,0.967000,0.000000,68142000.000000,26469633000.000000,,0.000000,20277460000.000000,,,6257535000.000000,,,-170912000.000000,0.000000,3216411000.000000,572715000.000000,-227863000.000000,3559160000.000000,-4028245000.000000,-4027655000.000000,298173000.000000,0.000000,240383000.000000,240383000.000000,240383000.000000,0.000000,2305000.000000,0.577000,91817000.000000,311137000.000000,0.000000,1.029000,1.916000,29.983000,18.576000,153576000.000000,0.000000,30.650000,19.019000,13.516000,0.000000,315809000.000000,416625000.000000,416625000.000000,0.000000,,,,,2630000.000000,9466000.000000,1.000000,963002113.000000,684341045.000000,687914683.000000,0.609000,21741321000.000000,0.000000,400000.000000,0.000000,31.770000
ARQ,2022-06-30,2022-07-27,2022-06-30,2022-Q2,,32263629704.000000,2025-04-30,197275000.000000,37289217000.000000,,,,,24.274000,424000.000000,614001000.000000,614001000.000000,21422000.000000,-58141000.000000,,0.697000,13721500000.000000,,,13721500000.000000,0.000000,-716000.000000,0.000000,0.043000,0.360000,76449000.000000,75733000.000000,0.114000,75733000.000000,76449000.000000,-56679000.000000,-0.060000,-0.060000,-0.060000,21762494000.000000,,21762494000.000000,45371128704.000000,43.000000,42.522000,640978000.000000,0.715000,1.000000,641201000.000000,0.968000,0.000000,133128000.000000,50396716000.000000,,0.000000,35572307000.000000,,,15174330000.000000,,,-88045000.000000,-4574436000.000000,-3216411000.000000,4281264000.000000,227863000.000000,3884856000.000000,-4613455000.000000,-32484000.000000,640554000.000000,0.000000,-57706000.000000,-57706000.000000,-57706000.000000,0.000000,-435000.000000,-0.087000,581101000.000000,60100000.000000,0.000000,-6.000000,1.483000,51.538000,32.524000,153576000.000000,0.000000,33.500000,17.553000,16.340000,0.000000,-88610000.000000,662623000.000000,662623000.000000,0.000000,,,,,3180000.000000,11782000.000000,1.000000,963093424.000000,896545880.000000,896545880.000000,0.739000,37289217000.000000,0.000000,1027000.000000,0.000000,41.592000
ARQ,2022-09-30,2022-10-27,2022-09-30,2022-Q3,,29846402310.000000,2025-04-30,191314000.000000,37307982000.000000,,,,,22.554000,-35000.000000,518383000.000000,518383000.000000,23048000.000000,336878000.000000,,0.702000,13730503000.000000,,,13730503000.000000,0.000000,30000.000000,0.000000,0.047000,0.390000,500676000.000000,500706000.000000,0.666000,500706000.000000,500676000.000000,331322000.000000,0.340000,0.340000,0.340000,21709579000.000000,,21709579000.000000,43058522310.000000,35.000000,34.736000,497205000.000000,0.517000,1.000000,728495000.000000,0.969000,0.000000,169354000.000000,50520102000.000000,,0.000000,35703958000.000000,,,15245685000.000000,,,8734000.000000,-100000.000000,0.000000,-155000.000000,0.000000,-242201000.000000,-246305000.000000,-246464000.000000,497240000.000000,0.000000,330905000.000000,330905000.000000,330905000.000000,0.000000,5973000.000000,0.440000,247589000.000000,480906000.000000,0.000000,1.147000,1.375000,37.540000,28.694000,153560000.000000,0.000000,30.990000,13.481000,13.474000,0.000000,-133311000.000000,751543000.000000,751543000.000000,0.000000,,,,,3462000.000000,12063000.000000,1.000000,963097848.000000,962573646.000000,964134340.000000,0.781000,37307982000.000000,0.000000,417000.000000,0.000000,38.759000
ARQ,2022-12-31,2023-02-23,2022-12-31,2022-Q4,,33603030597.000000,2025-04-30,185353000.000000,37575826000.000000,,,,,22.764000,-1811000.000000,208933000.000000,208933000.000000,24090000.000000,614842000.000000,,0.697000,13739675000.000000,,,13739675000.000000,0.000000,3092000.000000,0.000000,0.045000,0.390000,774414000.000000,777506000.000000,1.010000,777506000.000000,774414000.000000,605085000.000000,0.660000,0.670000,0.660000,21933637000.000000,,21933637000.000000,47133772597.000000,28.000000,28.332000,505618000.000000,0.525000,1.000000,745816000.000000,0.969000,0.000000,169329000.000000,51106568000.000000,,0.000000,36277005000.000000,,,15285713000.000000,,,-280458000.000000,0.000000,3212945000.000000,-13000.000000,-1219117000.000000,-371878000.000000,-416009000.000000,-413295000.000000,507429000.000000,0.000000,604053000.000000,604053000.000000,604053000.000000,0.000000,10789000.000000,0.785000,-11838000.000000,757654000.000000,0.000000,0.591000,1.532000,30.066000,26.362000,153560000.000000,0.000000,33.480000,12.921000,11.297000,0.000000,93154000.000000,769906000.000000,769906000.000000,0.000000,,,,,3714000.000000,15029000.000000,1.000000,1003674749.000000,963515481.000000,966234269.000000,0.799000,37575826000.000000,0.000000,1032000.000000,0.000000,38.999000
ARQ,2023-03-31,2023-05-01,2023-03-31,2023-Q1,,33923176192.000000,2025-04-30,170441000.000000,41852813000.000000,,,,,23.276000,0.000000,247673000.000000,247673000.000000,24291000.000000,527861000.000000,,0.780000,16606240000.000000,,,16606240000.000000,0.000000,31000.000000,0.000000,0.045000,0.390000,724187000.000000,724218000.000000,0.825000,724218000.000000,724187000.000000,519827000.000000,0.520000,0.520000,0.520000,23311246000.000000,,23311246000.000000,50281743192.000000,24.000000,24.195000,514273000.000000,0.513000,1.000000,853356000.000000,0.972000,0.000000,204360000.000000,58211380000.000000,,0.000000,40517531000.000000,,,18178278000.000000,,,58402000.000000,-1266905000.000000,-4595000.000000,102704000.000000,0.000000,1011923000.000000,-1467868000.000000,-200743000.000000,514273000.000000,74000.000000,518740000.000000,518740000.000000,518740000.000000,0.000000,9121000.000000,0.591000,126338000.000000,727018000.000000,0.000000,0.750000,1.455000,24.300000,23.137000,153560000.000000,0.000000,33.780000,11.080000,11.050000,0.000000,220254000.000000,877647000.000000,877647000.000000,0.000000,,,,,3467000.000000,15005000.000000,1.000000,1004238490.000000,1001526645.000000,1003831325.000000,0.876000,41852813000.000000,0.000000,1087000.000000,0.000000,41.789000
ARQ,2023-06-30,2023-07-26,2023-06-30,2023-Q2,,33189771912.000000,2025-04-30,173670000.000000,42250610000.000000,,,,,23.554000,-1317000.000000,738793000.000000,738793000.000000,25115000.000000,701581000.000000,,0.766000,16624197000.000000,,,16624197000.000000,0.000000,1670000.000000,0.000000,0.048000,0.390000,896195000.000000,897865000.000000,1.000000,897865000.000000,896195000.000000,692601000.000000,0.690000,0.690000,0.690000,23716716000.000000,,23716716000.000000,49075175912.000000,17.000000,16.921000,536821000.000000,0.533000,1.000000,873043000.000000,0.972000,0.000000,203594000.000000,58136014000.000000,,0.000000,40426951000.000000,,,18166035000.000000,,,471458000.000000,0.000000,1373375000.000000,0.000000,-778909000.000000,-323904000.000000,257106000.000000,252459000.000000,538138000.000000,118000.000000,690702000.000000,690702000.000000,690702000.000000,0.000000,10879000.000000,0.769000,-24771000.000000,897814000.000000,0.000000,0.565000,1.399000,15.477000,14.819000,150727000.000000,0.000000,32.750000,10.066000,10.001000,0.000000,518059000.000000,898158000.000000,898158000.000000,0.000000,,,,,4031000.000000,14920000.000000,1.000000,1013428150.000000,1006893810.000000,1007968422.000000,0.892000,42250610000.000000,0.000000,1899000.000000,0.000000,41.961000
ARQ,2023-09-30,2023-10-25,2023-09-30,2023-Q3,,28511704814.000000,2025-04-30,186241000.000000,42832149000.000000,,,,,23.855000,-577000.000000,510884000.000000,510884000.000000,24511000.000000,565459000.000000,,0.757000,16692728000.000000,,,16692728000.000000,0.000000,1011000.000000,0.000000,0.058000,0.415000,761900000.000000,762911000.000000,0.844000,762911000.000000,761900000.000000,556973000.000000,0.550000,0.550000,0.550000,24164951000.000000,,24164951000.000000,44693548814.000000,14.000000,14.132000,551529000.000000,0.544000,1.000000,879807000.000000,0.973000,0.000000,204927000.000000,59013993000.000000,,0.000000,41200866000.000000,,,18296467000.000000,,,-227909000.000000,0.000000,298671000.000000,55500000.000000,-382855000.000000,-45578000.000000,-734123000.000000,-733278000.000000,552106000.000000,-314000.000000,556329000.000000,556329000.000000,556329000.000000,0.000000,9130000.000000,0.615000,114996000.000000,764811000.000000,0.000000,0.755000,1.180000,12.031000,11.388000,150727000.000000,0.000000,27.560000,8.264000,8.092000,0.000000,652402000.000000,904318000.000000,904318000.000000,0.000000,,,,,4019000.000000,14422000.000000,1.000000,1034532105.000000,1012986784.000000,1013589640.000000,0.893000,42832149000.000000,0.000000,644000.000000,0.000000,42.283000
ARQ,2023-12-31,2024-02-22,2023-12-31,2023-Q4,,30967581892.000000,2025-04-30,153870000.000000,44059841000.000000,,,,,24.361000,-2141000.000000,522574000.000000,522574000.000000,26498000.000000,759721000.000000,,0.729000,16724125000.000000,,,16724125000.000000,0.000000,1586000.000000,0.000000,0.054000,0.415000,943173000.000000,944759000.000000,1.014000,944759000.000000,943173000.000000,737998000.000000,0.730000,0.720000,0.730000,25255931000.000000,,25255931000.000000,47169132892.000000,14.000000,14.166000,574351000.000000,0.554000,1.000000,905367000.000000,0.972000,0.000000,205175000.000000,60261392000.000000,,0.000000,42371210000.000000,,,18402067000.000000,,,11690000.000000,0.000000,807688000.000000,10839000.000000,-422076000.000000,389349000.000000,-954210000.000000,-951360000.000000,576492000.000000,59000.000000,747769000.000000,747769000.000000,747769000.000000,0.000000,11952000.000000,0.802000,-41821000.000000,947188000.000000,0.000000,0.568000,1.226000,12.320000,11.976000,150727000.000000,0.000000,29.700000,8.574000,8.342000,0.000000,965762000.000000,931865000.000000,931865000.000000,0.000000,,,,,4019000.000000,15256000.000000,1.000000,1042679525.000000,1036722576.000000,1037794432.000000,0.899000,44059841000.000000,0.000000,-9771000.000000,0.000000,42.499000
ARQ,2024-03-31,2024-05-01,2024-03-31,2024-Q1,,30147947980.000000,2025-04-30,156640000.000000,44157873000.000000,,,,,24.381000,-2410000.000000,485318000.000000,485318000.000000,25823000.000000,599803000.000000,,0.722000,16711739000.000000,,,16711739000.000000,0.000000,1133000.000000,0.000000,0.057000,0.415000,796460000.000000,797593000.000000,0.838000,797593000.000000,796460000.000000,591578000.000000,0.570000,0.570000,0.570000,25414824000.000000,,25414824000.000000,46374368980.000000,14.000000,13.627000,541329000.000000,0.519000,1.000000,925658000.000000,0.973000,0.000000,204882000.000000,60384294000.000000,,0.000000,42507115000.000000,,,18339315000.000000,,,-37256000.000000,0.000000,-4996000.000000,-24267000.000000,-434811000.000000,-471781000.000000,-109160000.000000,-106308000.000000,543739000.000000,-54000.000000,590016000.000000,590016000.000000,590016000.000000,0.000000,9787000.000000,0.620000,124548000.000000,801110000.000000,0.000000,0.728000,1.186000,11.663000,11.378000,150727000.000000,0.000000,28.900000,8.179000,8.173000,0.000000,1122878000.000000,951481000.000000,951481000.000000,0.000000,,,,,3793000.000000,16192000.000000,1.000000,1043181591.000000,1042404634.000000,1043311636.000000,0.913000,44157873000.000000,0.000000,1562000.000000,0.000000,42.362000
ARQ,2024-06-30,2024-07-31,2024-06-30,2024-Q2,,32734620102.000000,2025-04-30,148211000.000000,44511250000.000000,,,,,24.667000,-2666000.000000,347160000.000000,347160000.000000,26136000.000000,752753000.000000,,0.715000,16727361000.000000,,,16727361000.000000,0.000000,992000.000000,0.000000,0.053000,0.415000,950313000.000000,951305000.000000,0.994000,951305000.000000,950313000.000000,744536000.000000,0.710000,0.710000,0.710000,25718896000.000000,,25718896000.000000,49114821102.000000,14.000000,14.209000,611944000.000000,0.587000,1.000000,930867000.000000,0.973000,0.000000,205777000.000000,60891451000.000000,,0.000000,42988645000.000000,,,18384937000.000000,,,-138158000.000000,0.000000,-336000.000000,-239000.000000,-432812000.000000,-441155000.000000,-311874000.000000,-310527000.000000,614610000.000000,261000.000000,741302000.000000,741302000.000000,741302000.000000,0.000000,11451000.000000,0.775000,-25981000.000000,956848000.000000,0.000000,0.585000,1.273000,12.421000,12.211000,150727000.000000,0.000000,31.260000,8.742000,8.704000,0.000000,1431264000.000000,957003000.000000,957003000.000000,0.000000,,,,,4579000.000000,15768000.000000,1.000000,1047172748.000000,1042650713.000000,1042959627.000000,0.918000,44511250000.000000,0.000000,3234000.000000,0.000000,42.690000
ARQ,2024-09-30,2024-10-31,2024-09-30,2024-Q3,,33480570845.000000,2025-04-30,141705000.000000,44918106000.000000,,,,,24.948000,-1366000.000000,355667000.000000,355667000.000000,26139000.000000,744481000.000000,,0.704000,16743584000.000000,,,16743584000.000000,0.000000,1008000.000000,0.000000,0.053000,0.432000,942676000.000000,943684000.000000,0.978000,943684000.000000,942676000.000000,735359000.000000,0.700000,0.700000,0.700000,26111294000.000000,,26111294000.000000,49868487845.000000,14.000000,13.710000,577686000.000000,0.552000,1.000000,938530000.000000,0.973000,0.000000,207317000.000000,61306023000.000000,,0.000000,43390517000.000000,,,18395034000.000000,,,8507000.000000,0.000000,115103000.000000,-3930000.000000,-432694000.000000,-329291000.000000,-241572000.000000,-238190000.000000,579052000.000000,318000.000000,732898000.000000,732898000.000000,732898000.000000,0.000000,11583000.000000,0.760000,-12996000.000000,951526000.000000,0.000000,0.617000,1.282000,11.906000,11.720000,150727000.000000,0.000000,31.760000,8.799000,8.736000,0.000000,1711277000.000000,964669000.000000,964669000.000000,0.000000,,,,,4601000.000000,16458000.000000,1.000000,1054174145.000000,1046626838.000000,1048338348.000000,0.922000,44918106000.000000,0.000000,2461000.000000,0.000000,42.917000
ARQ,2024-12-31,2025-02-20,2024-12-31,2024-Q4,,32492991977.000000,2025-04-30,144574000.000000,45368940000.000000,,,,,25.150000,-1084000.000000,524615000.000000,524615000.000000,26219000.000000,624205000.000000,,0.694000,16732889000.000000,,,16732889000.000000,0.000000,992000.000000,0.000000,0.055000,0.432000,825162000.000000,826154000.000000,0.846000,826154000.000000,825162000.000000,617041000.000000,0.580000,0.580000,0.580000,26537955000.000000,,26537955000.000000,48701265977.000000,14.000000,13.841000,643013000.000000,0.609000,1.000000,949833000.000000,0.973000,0.000000,208121000.000000,61577214000.000000,,0.000000,43662954000.000000,,,18417139000.000000,,,168948000.000000,0.000000,263575000.000000,-17805000.000000,-452674000.000000,-214894000.000000,-260175000.000000,-255330000.000000,644097000.000000,-80000.000000,614594000.000000,614594000.000000,614594000.000000,0.000000,9611000.000000,0.630000,118950000.000000,830883000.000000,0.000000,0.745000,1.224000,12.130000,12.016000,150727000.000000,0.000000,30.760000,8.441000,8.365000,0.000000,1867400000.000000,976052000.000000,976052000.000000,0.000000,,,,,4538000.000000,20691000.000000,1.000000,1056339141.000000,1055193168.000000,1056008040.000000,0.925000,45368940000.000000,0.000000,2447000.000000,0.000000,42.996000
ARQ,2025-03-31,2025-04-30,2025-03-31,2025-Q1,,33835762078.000000,2025-04-30,132452000.000000,45526064000.000000,,,,,25.198000,-25000.000000,334317000.000000,334317000.000000,25865000.000000,552265000.000000,,0.695000,16847001000.000000,,,16847001000.000000,0.000000,129000.000000,0.000000,0.053000,0.432000,750402000.000000,750531000.000000,0.763000,750531000.000000,750402000.000000,541151000.000000,0.510000,0.510000,0.510000,26609169000.000000,,26609169000.000000,50348446078.000000,15.000000,14.503000,587288000.000000,0.556000,1.000000,958339000.000000,0.974000,0.000000,209251000.000000,62038748000.000000,,0.000000,43998224000.000000,,,18503399000.000000,,,-129216000.000000,0.000000,-7177000.000000,77427000.000000,0.000000,-331265000.000000,-385450000.000000,-385302000.000000,587313000.000000,186000.000000,543607000.000000,543607000.000000,543607000.000000,0.000000,8658000.000000,0.552000,202976000.000000,755363000.000000,0.000000,0.847000,1.272000,12.854000,12.808000,150727000.000000,0.000000,32.020000,8.716000,8.710000,0.000000,1954124000.000000,984204000.000000,984204000.000000,0.000000,,,,,2904000.000000,14860000.000000,1.000000,1056707123.000000,1056012414.000000,1056432790.000000,0.932000,45526064000.000000,0.000000,-2456000.000000,0.000000,43.111000
ART,2016-12-31,2017-05-12,2016-12-31,2016-Q4,620000.000000,,2025-04-30,0.000000,90475000.000000,,1644000.000000,88831000.000000,,0.342000,-869000.000000,920000.000000,920000.000000,10601000.000000,0.000000,1.605000,0.075000,279000.000000,14000.000000,265000.000000,279000.000000,0.000000,3030000.000000,0.000000,,0.000000,7000.000000,3037000.000000,0.162000,3037000.000000,7000.000000,0.000000,,,,84143000.000000,,84143000.000000,,,,1852000.000000,0.008000,1.000000,8184000.000000,0.436000,0.000000,7000.000000,88810000.000000,,371000.000000,0.000000,0.000000,0.000000,6332000.000000,1024000.000000,5308000.000000,569000.000000,0.000000,0.000000,-51000.000000,0.000000,-1283000.000000,-869000.000000,0.000000,2721000.000000,0.000000,0.000000,0.000000,0.000000,0.000000,0.000000,0.000000,8177000.000000,7000.000000,305000.000000,,,,,88831000.000000,0.000000,,,,77000.000000,52000.000000,18785000.000000,18785000.000000,0.000000,,,,0.000000,0.000000,2009000.000000,1.000000,246224886.000000,246224886.000000,,0.076000,90475000.000000,0.000000,0.000000,5043000.000000,0.367000
ART,2016-12-31,2017-06-20,2016-12-31,2016-Q4,620000.000000,,2025-04-30,0.000000,90475000.000000,,1644000.000000,88831000.000000,,0.342000,-869000.000000,920000.000000,920000.000000,10601000.000000,0.000000,1.605000,0.075000,279000.000000,14000.000000,265000.000000,279000.000000,0.000000,3030000.000000,0.000000,,0.000000,7000.000000,3037000.000000,0.162000,3037000.000000,7000.000000,0.000000,,,,84143000.000000,,84143000.000000,,,,1852000.000000,0.008000,1.000000,8184000.000000,0.436000,0.000000,7000.000000,88810000.000000,,371000.000000,0.000000,0.000000,0.000000,6332000.000000,1024000.000000,5308000.000000,569000.000000,0.000000,0.000000,-51000.000000,0.000000,-1283000.000000,-869000.000000,0.000000,2721000.000000,0.000000,0.000000,0.000000,0.000000,0.000000,0.000000,0.000000,8177000.000000,7000.000000,305000.000000,,,,,88831000.000000,0.000000,,,,77000.000000,52000.000000,18785000.000000,18785000.000000,0.000000,,,,0.000000,0.000000,2009000.000000,1.000000,246224886.000000,246224886.000000,,0.076000,90475000.000000,0.000000,0.000000,5043000.000000,0.367000
ART,2016-12-31,2017-07-25,2016-12-31,2016-Q4,620000.000000,,2025-04-30,0.000000,90475000.000000,,1644000.000000,88831000.000000,,0.342000,-869000.000000,920000.000000,920000.000000,10601000.000000,0.000000,1.605000,0.075000,279000.000000,14000.000000,265000.000000,279000.000000,0.000000,3030000.000000,0.000000,,0.000000,7000.000000,3037000.000000,0.162000,3037000.000000,7000.000000,0.000000,,,,84143000.000000,,84143000.000000,,,,1852000.000000,0.008000,1.000000,8184000.000000,0.436000,0.000000,7000.000000,88810000.000000,,371000.000000,0.000000,0.000000,0.000000,6332000.000000,1024000.000000,5308000.000000,569000.000000,0.000000,0.000000,-51000.000000,0.000000,-1283000.000000,-869000.000000,0.000000,2721000.000000,0.000000,0.000000,0.000000,0.000000,0.000000,0.000000,0.000000,8177000.000000,7000.000000,305000.000000,,,,,88831000.000000,0.000000,,,,77000.000000,52000.000000,18785000.000000,18785000.000000,0.000000,,,,0.000000,0.000000,2009000.000000,1.000000,246224886.000000,246224886.000000,,0.076000,90475000.000000,0.000000,0.000000,5043000.000000,0.367000
ART,2016-12-31,2017-07-31,2016-12-31,2016-Q4,620000.000000,,2025-04-30,0.000000,90475000.000000,,1644000.000000,88831000.000000,,0.342000,-869000.000000,920000.000000,920000.000000,10601000.000000,0.000000,1.605000,0.075000,279000.000000,14000.000000,265000.000000,279000.000000,0.000000,3030000.000000,0.000000,,0.000000,7000.000000,3037000.000000,0.162000,3037000.000000,7000.000000,0.000000,,,,84143000.000000,,84143000.000000,,,,1852000.000000,0.008000,1.000000,8184000.000000,0.436000,0.000000,7000.000000,88810000.000000,,371000.000000,0.000000,0.000000,0.000000,6332000.000000,1024000.000000,5308000.000000,569000.000000,0.000000,0.000000,-51000.000000,0.000000,-1283000.000000,-869000.000000,0.000000,2721000.000000,0.000000,0.000000,0.000000,0.000000,0.000000,0.000000,0.000000,8177000.000000,7000.000000,305000.000000,,,,,88831000.000000,0.000000,,,,77000.000000,52000.000000,18785000.000000,18785000.000000,0.000000,,,,0.000000,0.000000,2009000.000000,1.000000,246224886.000000,246224886.000000,,0.076000,90475000.000000,0.000000,0.000000,5043000.000000,0.367000
ART,2016-12-31,2017-08-18,2016-12-31,2016-Q4,620000.000000,,2025-04-30,0.000000,90475000.000000,,1644000.000000,88831000.000000,,0.342000,-869000.000000,920000.000000,920000.000000,10601000.000000,0.000000,1.605000,0.075000,279000.000000,14000.000000,265000.000000,279000.000000,0.000000,3030000.000000,0.000000,,0.000000,7000.000000,3037000.000000,0.162000,3037000.000000,7000.000000,0.000000,,,,84143000.000000,,84143000.000000,,,,1852000.000000,0.008000,1.000000,8184000.000000,0.436000,0.000000,7000.000000,88810000.000000,,371000.000000,0.000000,0.000000,0.000000,6332000.000000,1024000.000000,5308000.000000,569000.000000,0.000000,0.000000,-51000.000000,0.000000,-1283000.000000,-869000.000000,0.000000,2721000.000000,0.000000,0.000000,0.000000,0.000000,0.000000,0.000000,0.000000,8177000.000000,7000.000000,305000.000000,,,,,88831000.000000,0.000000,,,,77000.000000,52000.000000,18785000.000000,18785000.000000,0.000000,,,,0.000000,0.000000,2009000.000000,1.000000,246224886.000000,246224886.000000,,0.076000,90475000.000000,0.000000,0.000000,5043000.000000,0.367000
ART,2016-12-31,2017-09-28,2016-12-31,2016-Q4,620000.000000,,2025-04-30,0.000000,90475000.000000,,1644000.000000,88831000.000000,,0.342000,-869000.000000,920000.000000,920000.000000,10601000.000000,0.000000,1.605000,0.075000,279000.000000,14000.000000,265000.000000,279000.000000,0.000000,3030000.000000,0.000000,,0.000000,7000.000000,3037000.000000,0.162000,3037000.000000,7000.000000,0.000000,,,,84143000.000000,,84143000.000000,,,,1852000.000000,0.008000,1.000000,8184000.000000,0.436000,0.000000,7000.000000,88810000.000000,,371000.000000,0.000000,0.000000,0.000000,6332000.000000,1024000.000000,5308000.000000,569000.000000,0.000000,0.000000,-51000.000000,0.000000,-1283000.000000,-869000.000000,0.000000,2721000.000000,0.000000,0.000000,0.000000,0.000000,0.000000,0.000000,0.000000,8177000.000000,7000.000000,305000.000000,,,,,88831000.000000,0.000000,,,,77000.000000,52000.000000,18785000.000000,18785000.000000,0.000000,,,,0.000000,0.000000,2009000.000000,1.000000,246224886.000000,246224886.000000,,0.076000,90475000.000000,0.000000,0.000000,5043000.000000,0.367000
ART,2016-12-31,2017-10-23,2016-12-31,2016-Q4,620000.000000,,2025-04-30,0.000000,90475000.000000,,1644000.000000,88831000.000000,,0.342000,-869000.000000,920000.000000,920000.000000,10601000.000000,0.000000,1.605000,0.075000,279000.000000,14000.000000,265000.000000,279000.000000,0.000000,3030000.000000,0.000000,,0.000000,7000.000000,3037000.000000,0.162000,3037000.000000,7000.000000,0.000000,,,,84143000.000000,,84143000.000000,,,,1852000.000000,0.008000,1.000000,8184000.000000,0.436000,0.000000,7000.000000,88810000.000000,,371000.000000,0.000000,0.000000,0.000000,6332000.000000,1024000.000000,5308000.000000,569000.000000,0.000000,0.000000,-51000.000000,0.000000,-1283000.000000,-869000.000000,0.000000,2721000.000000,0.000000,0.000000,0.000000,0.000000,0.000000,0.000000,0.000000,8177000.000000,7000.000000,305000.000000,,,,,88831000.000000,0.000000,,,,77000.000000,52000.000000,18785000.000000,18785000.000000,0.000000,,,,0.000000,0.000000,2009000.000000,1.000000,246224886.000000,246224886.000000,,0.076000,90475000.000000,0.000000,0.000000,5043000.000000,0.367000
ART,2017-09-30,2017-11-13,2017-09-30,2017-Q3,-60000.000000,,2025-04-30,0.000000,89250000.000000,,903000.000000,88347000.000000,,0.337000,,84000.000000,84000.000000,,,0.938000,0.075000,249000.000000,0.000000,249000.000000,249000.000000,0.000000,,0.000000,,0.000000,,,,,,,,,,82995000.000000,,82995000.000000,,,,,,1.000000,,,0.000000,,88452000.000000,,528000.000000,0.000000,0.000000,0.000000,6255000.000000,963000.000000,5292000.000000,,,,,,,,,,,,,,,,,,,194000.000000,,,,,88347000.000000,,,,,206000.000000,52000.000000,,,,,,,,,,1.000000,246224886.000000,246224886.000000,,,89250000.000000,0.000000,,5043000.000000,0.362000
ART,2017-12-31,2018-03-28,2017-12-31,2017-Q4,,6762253761.000000,2025-04-30,0.000000,9739712000.000000,4915093500.000000,,,,20.592000,,197406000.000000,197406000.000000,,,,1.058000,4785756000.000000,,,4785756000.000000,68117000.000000,,0.000000,0.009000,0.160000,,,,,,,,,,4691489000.000000,2387816000.000000,4691489000.000000,11350603761.000000,,,,,1.000000,,,0.000000,,14328062000.000000,7208436000.000000,0.000000,9379043000.000000,,,4963348000.000000,,,,,,,,,,,,,,,,,,,,,10562000.000000,,1.441000,,,147900000.000000,,18.270000,,,0.000000,42662000.000000,,,,,,,,,,1.000000,370128832.000000,227828844.000000,,,9739712000.000000,0.000000,,3718000.000000,42.750000
ART,2018-03-31,2018-05-04,2018-03-31,2018-Q1,,6669752259.000000,2025-04-30,0.000000,10486239000.000000,,,,,17.649000,,932023000.000000,932023000.000000,,,,0.719000,4119263000.000000,,,4119263000.000000,60929000.000000,,0.000000,0.009000,0.160000,,,,,,,,,,6051900000.000000,,6051900000.000000,9856992259.000000,,,,,1.000000,,,0.000000,,13673479000.000000,,0.000000,9391957000.000000,,,4351339000.000000,,,,,,,,,,,,,,,,,,,,,9221000.000000,,1.102000,,,147339000.000000,,18.020000,,,0.000000,95563000.000000,,,,,,,,,,1.000000,370130536.000000,342900842.000000,,,10486239000.000000,0.000000,,3718000.000000,30.581000
ART,2018-06-30,2018-08-02,2018-06-30,2018-Q2,,7273476936.000000,2025-04-30,-4640000.000000,10564703000.000000,7719976000.000000,,,0.082000,16.461000,,954548000.000000,954548000.000000,70348000.000000,299999000.000000,,0.721000,4120141000.000000,,,4120141000.000000,71961000.000000,,0.000000,0.021000,0.422000,460428000.000000,,,,460428000.000000,292759000.000000,,,,6089609000.000000,4228998250.000000,6089609000.000000,10439069936.000000,23.000000,,,,1.000000,560614000.000000,0.889000,0.000000,167669000.000000,13730296000.000000,10455072250.000000,0.000000,9445059000.000000,,,4391760000.000000,,,,,,,,,,,,,293828000.000000,293828000.000000,293828000.000000,0.000000,6171000.000000,0.466000,38246000.000000,522368000.000000,0.000000,,1.194000,24.754000,,146629000.000000,0.000000,19.650000,11.528000,11.521000,0.000000,137444000.000000,630962000.000000,630962000.000000,0.000000,0.038000,0.069000,0.044000,0.730000,,24700000.000000,1.000000,370151498.000000,369932843.000000,,1.706000,10564703000.000000,0.000000,-1069000.000000,3718000.000000,28.558000
ART,2018-09-30,2018-11-01,2018-09-30,2018-Q3,,8078407494.000000,2025-04-30,5465000.000000,10568501000.000000,10339788750.000000,,,0.083000,16.554000,-609000.000000,145281000.000000,145281000.000000,98113000.000000,432023000.000000,,0.712000,4121153000.000000,,,4121153000.000000,701000.000000,3508000.000000,0.000000,0.033000,0.710000,644443000.000000,647951000.000000,0.754000,647951000.000000,644443000.000000,422723000.000000,1.250000,1.250000,1.250000,6123808000.000000,5739201500.000000,6123808000.000000,12054279494.000000,19.000000,18.604000,457348000.000000,1.236000,1.000000,761434000.000000,0.886000,0.000000,221720000.000000,14544373000.000000,14069052500.000000,0.000000,10211924000.000000,,,4361228000.000000,,,89510000.000000,0.000000,2270901000.000000,-580111000.000000,-156296000.000000,1600275000.000000,-1968722000.000000,-1964671000.000000,457957000.000000,0.000000,423740000.000000,423740000.000000,423740000.000000,0.000000,8283000.000000,0.493000,54966000.000000,706468000.000000,0.000000,0.568000,1.319000,19.065000,17.456000,168076000.000000,0.000000,21.820000,9.398000,9.391000,0.000000,160915000.000000,859547000.000000,859547000.000000,0.000000,0.041000,0.074000,0.046000,0.750000,2867000.000000,30085000.000000,1.000000,370229491.000000,369935055.000000,370127185.000000,2.324000,10568501000.000000,0.000000,-1017000.000000,4004000.000000,28.569000
ART,2018-12-31,2019-02-14,2018-12-31,2018-Q4,,8766382943.000000,2025-04-30,-22124000.000000,11333368000.000000,10738202750.000000,,,0.084000,18.565000,-713000.000000,598447000.000000,598447000.000000,99181000.000000,532117000.000000,,0.650000,4122264000.000000,,,4122264000.000000,43605000.000000,3686000.000000,0.000000,0.046000,0.997000,737723000.000000,741409000.000000,0.826000,741409000.000000,737723000.000000,525060000.000000,1.430000,1.430000,1.430000,6817449000.000000,6270691500.000000,6817449000.000000,12290199943.000000,17.000000,16.577000,503369000.000000,1.371000,1.000000,798796000.000000,0.890000,0.000000,212663000.000000,14857185000.000000,14201333250.000000,0.000000,10523582000.000000,,,4432346000.000000,,,401041000.000000,0.000000,2001493000.000000,-691175000.000000,-262682000.000000,1037836000.000000,-1140877000.000000,-1292384000.000000,504082000.000000,0.000000,523619000.000000,523619000.000000,523619000.000000,0.000000,8498000.000000,0.583000,40842000.000000,757954000.000000,0.000000,0.697000,1.286000,16.742000,15.147000,167302000.000000,0.000000,21.660000,9.762000,8.858000,0.000000,187096000.000000,897977000.000000,897977000.000000,0.000000,0.049000,0.084000,0.052000,0.822000,2342000.000000,24429000.000000,1.000000,404726821.000000,367226395.000000,367316901.000000,2.445000,11333368000.000000,0.000000,1441000.000000,0.000000,30.862000
ART,2019-03-31,2019-05-01,2019-03-31,2019-Q1,,9382482199.000000,2025-04-30,-39315000.000000,11448671000.000000,10978810750.000000,,,0.081000,17.160000,-515000.000000,622642000.000000,622642000.000000,81934000.000000,570939000.000000,,0.632000,4123350000.000000,,,4123350000.000000,355000.000000,3710000.000000,0.000000,0.049000,1.125000,777299000.000000,781009000.000000,0.874000,781009000.000000,777299000.000000,563924000.000000,1.470000,1.470000,1.470000,6962269000.000000,6498283750.000000,6962269000.000000,12883190199.000000,17.000000,16.496000,496726000.000000,1.224000,1.000000,811769000.000000,0.908000,0.000000,213375000.000000,14949379000.000000,14520308250.000000,0.000000,10629680000.000000,,,4402783000.000000,,,-309381000.000000,0.000000,822459000.000000,-391000.000000,-379023000.000000,435070000.000000,-1241692000.000000,-1392912000.000000,497241000.000000,0.000000,562346000.000000,562346000.000000,562346000.000000,0.000000,8593000.000000,0.629000,40673000.000000,771096000.000000,0.000000,0.765000,1.348000,16.685000,15.531000,166486000.000000,0.000000,22.830000,10.498000,10.365000,0.000000,219791000.000000,893703000.000000,893703000.000000,0.000000,0.051000,0.087000,0.054000,0.870000,3002000.000000,23347000.000000,1.000000,410971625.000000,405733656.000000,406035025.000000,2.203000,11448671000.000000,0.000000,1578000.000000,0.000000,28.217000
ART,2019-06-30,2019-07-31,2019-06-30,2019-Q2,,9837862598.000000,2025-04-30,-70003000.000000,12522046000.000000,11468146500.000000,,,0.078000,19.376000,-593000.000000,1233552000.000000,1233552000.000000,63337000.000000,583707000.000000,,0.557000,4124448000.000000,,,4124448000.000000,5000.000000,3806000.000000,0.000000,0.054000,1.150000,793788000.000000,797594000.000000,0.893000,797594000.000000,793788000.000000,577034000.000000,1.460000,1.460000,1.460000,7988737000.000000,6973065750.000000,7988737000.000000,12728758598.000000,16.000000,15.959000,519768000.000000,1.261000,1.000000,830137000.000000,0.929000,0.000000,216754000.000000,15412942000.000000,14940969750.000000,0.000000,11081275000.000000,,,4449623000.000000,,,279004000.000000,0.000000,1859382000.000000,-5485000.000000,-437822000.000000,1408071000.000000,-1649428000.000000,-1799950000.000000,520361000.000000,0.000000,575351000.000000,575351000.000000,575351000.000000,0.000000,8356000.000000,0.644000,42994000.000000,787143000.000000,0.000000,0.788000,1.231000,17.099000,14.616000,94711000.000000,0.000000,21.340000,11.011000,9.848000,0.000000,239301000.000000,893474000.000000,893474000.000000,0.000000,0.050000,0.083000,0.053000,0.888000,3900000.000000,22705000.000000,1.000000,461005745.000000,412309577.000000,412821400.000000,2.167000,12522046000.000000,0.000000,1683000.000000,0.000000,30.370000
ART,2019-09-30,2019-10-31,2019-09-30,2019-Q3,,10856711412.000000,2025-04-30,-77116000.000000,12581466000.000000,11971387750.000000,,,0.074000,17.345000,-1540000.000000,463510000.000000,463510000.000000,39114000.000000,598198000.000000,,0.564000,4125473000.000000,,,4125473000.000000,250000.000000,3877000.000000,0.000000,0.049000,1.160000,822763000.000000,826640000.000000,0.936000,826640000.000000,822763000.000000,591529000.000000,1.420000,1.420000,1.420000,7990314000.000000,7439692250.000000,7990314000.000000,14518674412.000000,18.000000,17.563000,611224000.000000,1.327000,1.000000,844186000.000000,0.956000,0.000000,231234000.000000,16243429000.000000,15365733750.000000,0.000000,11885325000.000000,,,4507397000.000000,,,318229000.000000,0.000000,1858734000.000000,-7727000.000000,-473245000.000000,1369728000.000000,-1664263000.000000,-1816381000.000000,612764000.000000,0.000000,589874000.000000,589874000.000000,589874000.000000,0.000000,8324000.000000,0.668000,32763000.000000,811423000.000000,0.000000,0.817000,1.359000,18.405000,16.585000,94711000.000000,0.000000,23.550000,12.291000,12.282000,0.000000,246587000.000000,883300000.000000,883300000.000000,0.000000,0.049000,0.079000,0.054000,0.931000,4681000.000000,23744000.000000,1.000000,461006854.000000,460666295.000000,465771668.000000,1.917000,12581466000.000000,0.000000,1655000.000000,0.000000,27.311000
ART,2019-12-31,2020-02-20,2019-12-31,2019-Q4,,13178667948.000000,2025-04-30,-65078000.000000,13265619000.000000,12454450500.000000,,,0.072000,18.308000,-1680000.000000,1101893000.000000,1101893000.000000,18901000.000000,554281000.000000,,0.655000,4791563000.000000,,,4791563000.000000,70340000.000000,3831000.000000,0.000000,0.042000,1.170000,796053000.000000,799884000.000000,0.894000,799884000.000000,796053000.000000,547669000.000000,1.250000,1.240000,1.250000,7965183000.000000,7726625750.000000,7965183000.000000,16868337948.000000,21.000000,21.088000,680479000.000000,1.564000,1.000000,875897000.000000,0.979000,0.000000,248384000.000000,16955289000.000000,15890259750.000000,0.000000,11880377000.000000,,,5216630000.000000,,,503446000.000000,0.000000,1164307000.000000,530401000.000000,-503958000.000000,1182666000.000000,-1361379000.000000,-1351001000.000000,682159000.000000,0.000000,545964000.000000,545964000.000000,545964000.000000,0.000000,8317000.000000,0.610000,33398000.000000,842499000.000000,0.000000,0.936000,1.655000,24.138000,22.504000,94711000.000000,0.000000,28.130000,14.728000,13.677000,0.000000,208069000.000000,894798000.000000,894798000.000000,0.000000,0.044000,0.071000,0.050000,0.890000,5223000.000000,24569000.000000,1.000000,468491573.000000,435071096.000000,439152946.000000,2.057000,13265619000.000000,0.000000,1705000.000000,0.000000,30.491000
ART,2020-03-31,2020-04-30,2020-03-31,2020-Q1,,8163329689.000000,2025-04-30,-118216000.000000,14907213000.000000,13319086000.000000,,,0.070000,16.429000,-2862000.000000,2371084000.000000,2371084000.000000,19882000.000000,379290000.000000,,0.940000,6754485000.000000,,,6754485000.000000,476000.000000,3768000.000000,0.000000,0.068000,1.180000,643632000.000000,647400000.000000,0.692000,647400000.000000,643632000.000000,372741000.000000,0.830000,0.830000,0.830000,7642568000.000000,7896700500.000000,7642568000.000000,12546730689.000000,19.000000,19.380000,701101000.000000,1.507000,1.000000,915915000.000000,0.979000,0.000000,270891000.000000,19290614000.000000,16975568500.000000,0.000000,12259911000.000000,,,7183182000.000000,,,1748442000.000000,0.000000,1235934000.000000,2441188000.000000,-524750000.000000,3144277000.000000,-2099798000.000000,-2088033000.000000,703963000.000000,0.000000,371103000.000000,371103000.000000,371103000.000000,0.000000,8187000.000000,0.397000,187261000.000000,728654000.000000,0.000000,1.422000,1.068000,21.997000,20.988000,94711000.000000,0.000000,17.420000,8.723000,8.659000,0.000000,-262470000.000000,935797000.000000,935797000.000000,0.000000,0.028000,0.047000,0.038000,0.688000,5522000.000000,25359000.000000,1.000000,468618237.000000,465177425.000000,465177425.000000,2.012000,14907213000.000000,0.000000,1638000.000000,0.000000,32.046000
ART,2020-06-30,2020-07-29,2020-06-30,2020-Q2,,11431185246.000000,2025-04-30,-117265000.000000,16277634000.000000,14257983000.000000,,,0.068000,18.390000,-3430000.000000,3680536000.000000,3680536000.000000,19909000.000000,456806000.000000,,0.801000,6758132000.000000,,,6758132000.000000,358000.000000,3963000.000000,0.000000,0.056000,1.190000,743615000.000000,747578000.000000,0.768000,747578000.000000,743615000.000000,449850000.000000,0.930000,0.930000,0.930000,8992748000.000000,8147703250.000000,8992748000.000000,14508781246.000000,20.000000,19.408000,734284000.000000,1.502000,1.000000,953044000.000000,0.980000,0.000000,293765000.000000,19355230000.000000,17961140500.000000,0.000000,12321826000.000000,,,7203223000.000000,,,2446984000.000000,0.000000,1475810000.000000,2440450000.000000,-546069000.000000,3362066000.000000,-1652796000.000000,-1640689000.000000,737714000.000000,0.000000,448456000.000000,448456000.000000,448456000.000000,0.000000,8350000.000000,0.461000,121249000.000000,831795000.000000,0.000000,1.280000,1.271000,25.490000,23.032000,94711000.000000,0.000000,21.420000,11.749000,10.766000,0.000000,-191835000.000000,972953000.000000,972953000.000000,0.000000,0.031000,0.055000,0.041000,0.764000,6167000.000000,26339000.000000,1.000000,533668779.000000,489012165.000000,489213427.000000,1.990000,16277634000.000000,0.000000,1394000.000000,0.000000,33.287000
ART,2020-09-30,2020-10-28,2020-09-30,2020-Q3,,12096535534.000000,2025-04-30,-104258000.000000,16851830000.000000,15325574000.000000,,,0.071000,17.420000,-2822000.000000,144057000.000000,144057000.000000,26421000.000000,706509000.000000,,0.805000,6761832000.000000,,,6761832000.000000,309000.000000,3873000.000000,0.000000,0.054000,1.222000,1005930000.000000,1009803000.000000,0.926000,1009803000.000000,1005930000.000000,703297000.000000,1.370000,1.360000,1.370000,9291973000.000000,8473118000.000000,9291973000.000000,18714310534.000000,19.000000,18.533000,781659000.000000,1.465000,1.000000,1063672000.000000,0.976000,0.000000,302633000.000000,23469605000.000000,19767684500.000000,0.000000,16163880000.000000,,,7482291000.000000,,,-319453000.000000,0.000000,1539489000.000000,2498202000.000000,-572279000.000000,3457937000.000000,-4561871000.000000,-4582645000.000000,784481000.000000,0.000000,702295000.000000,702295000.000000,702295000.000000,0.000000,4214000.000000,0.644000,300574000.000000,763098000.000000,0.000000,0.892000,1.302000,17.224000,16.453000,158190000.000000,0.000000,22.540000,11.097000,11.029000,0.000000,29338000.000000,1090093000.000000,1090093000.000000,0.000000,0.046000,0.083000,0.051000,0.923000,6777000.000000,27669000.000000,1.000000,536669722.000000,533407916.000000,536180175.000000,2.044000,16851830000.000000,0.000000,1002000.000000,0.000000,31.593000
ART,2020-12-31,2021-02-18,2020-12-31,2020-Q4,,14554303679.000000,2025-04-30,-92521000.000000,17063613000.000000,16275072500.000000,,,0.075000,18.603000,-2768000.000000,315993000.000000,315993000.000000,33425000.000000,896208000.000000,,0.804000,6765532000.000000,,,6765532000.000000,93659000.000000,3731000.000000,0.000000,0.046000,1.255000,1201110000.000000,1204841000.000000,0.983000,1204841000.000000,1201110000.000000,892505000.000000,1.760000,1.750000,1.760000,9415839000.000000,8835782000.000000,9415839000.000000,21003842679.000000,17.000000,17.433000,880872000.000000,1.740000,1.000000,1192149000.000000,0.973000,0.000000,308605000.000000,23513152000.000000,21407150250.000000,0.000000,16202900000.000000,,,7569868000.000000,,,-785900000.000000,0.000000,1539541000.000000,1960069000.000000,-612205000.000000,2879219000.000000,-4548759000.000000,-4595777000.000000,883640000.000000,0.000000,891674000.000000,891674000.000000,891674000.000000,0.000000,4534000.000000,0.728000,287593000.000000,904556000.000000,0.000000,0.713000,1.546000,16.322000,15.409000,158190000.000000,0.000000,27.120000,11.875000,11.200000,0.000000,139454000.000000,1225574000.000000,1225574000.000000,0.000000,0.055000,0.101000,0.056000,0.980000,7388000.000000,30661000.000000,1.000000,536663115.000000,506140642.000000,510908755.000000,2.421000,17063613000.000000,0.000000,831000.000000,0.000000,33.713000
ART,2021-03-31,2021-04-29,2021-03-31,2021-Q1,,17055647502.000000,2025-04-30,-80143000.000000,17085001000.000000,16819519500.000000,,,0.080000,17.748000,-2686000.000000,322530000.000000,322530000.000000,39832000.000000,1190372000.000000,,0.786000,6769211000.000000,,,6769211000.000000,493000.000000,3656000.000000,0.000000,0.041000,1.288000,1495908000.000000,1499564000.000000,1.115000,1499564000.000000,1495908000.000000,1186348000.000000,2.260000,2.250000,2.260000,9521559000.000000,9305529750.000000,9521559000.000000,23502328502.000000,16.000000,15.673000,899234000.000000,1.676000,1.000000,1305051000.000000,0.970000,0.000000,309560000.000000,23531682000.000000,22467417250.000000,0.000000,16197808000.000000,,,7485309000.000000,,,-2048554000.000000,0.000000,1338310000.000000,49282000.000000,-653080000.000000,726297000.000000,-3676771000.000000,-3723962000.000000,901920000.000000,0.000000,1185487000.000000,1185487000.000000,1185487000.000000,0.000000,4885000.000000,0.881000,138904000.000000,1166147000.000000,0.000000,0.570000,1.791000,14.387000,14.053000,158046000.000000,0.000000,31.760000,12.682000,12.669000,0.000000,232038000.000000,1344883000.000000,1344883000.000000,0.000000,0.070000,0.127000,0.067000,1.112000,8315000.000000,31731000.000000,1.000000,537016609.000000,536480505.000000,544801802.000000,2.507000,17085001000.000000,0.000000,861000.000000,0.000000,31.846000
ART,2021-06-30,2021-07-28,2021-06-30,2021-Q2,,16900802594.000000,2025-04-30,-70815000.000000,17219548000.000000,17054998000.000000,,,0.086000,17.993000,-2104000.000000,407522000.000000,407522000.000000,47176000.000000,1261806000.000000,,0.775000,6772903000.000000,,,6772903000.000000,352000.000000,3200000.000000,0.000000,0.042000,1.320000,1570275000.000000,1573475000.000000,1.075000,1573475000.000000,1570275000.000000,1258602000.000000,2.350000,2.320000,2.350000,9656640000.000000,9471502750.000000,9656640000.000000,23266183594.000000,15.000000,14.786000,973509000.000000,1.814000,1.000000,1416205000.000000,0.968000,0.000000,311673000.000000,23584929000.000000,23524842000.000000,0.000000,16247763000.000000,,,7484479000.000000,,,-3273014000.000000,0.000000,61383000.000000,55391000.000000,-690932000.000000,-582404000.000000,-3666223000.000000,-3713105000.000000,975613000.000000,0.000000,1256794000.000000,1256794000.000000,1256794000.000000,0.000000,5012000.000000,0.859000,174585000.000000,1241620000.000000,0.000000,0.562000,1.750000,13.448000,13.391000,157365000.000000,0.000000,31.470000,11.549000,11.542000,0.000000,355524000.000000,1463381000.000000,1463381000.000000,0.000000,0.074000,0.133000,0.067000,1.073000,8699000.000000,31861000.000000,1.000000,537044887.000000,536692167.000000,554438981.000000,2.727000,17219548000.000000,0.000000,1808000.000000,0.000000,32.085000
ART,2021-09-30,2021-10-27,2021-09-30,2021-Q3,,18704855021.000000,2025-04-30,0.000000,17548804000.000000,17229241500.000000,,,0.087000,21.706000,-1894000.000000,669514000.000000,669514000.000000,47320000.000000,1029772000.000000,,0.450000,4692032000.000000,,,4692032000.000000,461000.000000,3061000.000000,0.000000,0.045000,1.350000,1422319000.000000,1425380000.000000,0.951000,1425380000.000000,1422319000.000000,1022946000.000000,1.890000,1.860000,1.890000,12050107000.000000,10161036250.000000,12050107000.000000,22727373021.000000,16.000000,15.945000,953149000.000000,1.717000,1.000000,1452112000.000000,0.968000,0.000000,399373000.000000,21571322000.000000,23050271250.000000,0.000000,16288505000.000000,,,5420018000.000000,,,525457000.000000,0.000000,2384481000.000000,-2123171000.000000,-709385000.000000,-457032000.000000,27446000.000000,15246000.000000,955043000.000000,0.000000,1020382000.000000,1020382000.000000,1020382000.000000,0.000000,9390000.000000,0.681000,4908000.000000,1447204000.000000,0.000000,0.714000,1.552000,18.331000,15.735000,153576000.000000,0.000000,29.740000,12.475000,11.011000,0.000000,290966000.000000,1499432000.000000,1499432000.000000,0.000000,0.059000,0.100000,0.062000,0.949000,9080000.000000,32193000.000000,1.000000,628946033.000000,555153692.000000,571894545.000000,2.701000,17548804000.000000,0.000000,2564000.000000,0.000000,31.611000
ART,2021-12-31,2022-02-23,2021-12-31,2021-Q4,,20184095264.000000,2025-04-30,884000.000000,17597373000.000000,17362681500.000000,,,0.087000,21.451000,-2505000.000000,739614000.000000,739614000.000000,48570000.000000,1023158000.000000,,0.447000,4694523000.000000,,,4694523000.000000,0.000000,3091000.000000,0.000000,0.051000,1.380000,1409128000.000000,1412219000.000000,0.936000,1412219000.000000,1409128000.000000,1016738000.000000,1.800000,1.760000,1.800000,12108268000.000000,10834143500.000000,12108268000.000000,24139004264.000000,17.000000,17.093000,893845000.000000,1.584000,1.000000,1460998000.000000,0.968000,0.000000,392390000.000000,21552282000.000000,22560053750.000000,0.000000,16279490000.000000,,,5410199000.000000,,,423621000.000000,0.000000,2384045000.000000,-2131126000.000000,-758790000.000000,-514178000.000000,41449000.000000,51350000.000000,896350000.000000,0.000000,1013851000.000000,1013851000.000000,1013851000.000000,0.000000,9307000.000000,0.672000,27061000.000000,1433937000.000000,0.000000,0.767000,1.667000,19.908000,14.983000,153576000.000000,0.000000,26.970000,13.371000,10.085000,0.000000,346026000.000000,1509568000.000000,1509568000.000000,0.000000,0.058000,0.094000,0.062000,0.933000,9371000.000000,33122000.000000,1.000000,748390629.000000,564467362.000000,577066292.000000,2.674000,17597373000.000000,0.000000,2887000.000000,0.000000,31.175000
ART,2022-03-31,2022-05-04,2022-03-31,2022-Q1,,29516014763.000000,2025-04-30,109495000.000000,21741321000.000000,18526761500.000000,,,0.084000,22.510000,-1712000.000000,568702000.000000,568702000.000000,50761000.000000,993747000.000000,,0.406000,5297014000.000000,,,5297014000.000000,0.000000,3075000.000000,0.000000,0.046000,1.410000,1370720000.000000,1373795000.000000,0.885000,1373795000.000000,1370720000.000000,987236000.000000,1.650000,1.620000,1.650000,15404678000.000000,12304923250.000000,15404678000.000000,34244326763.000000,25.000000,24.927000,1037085000.000000,1.515000,1.000000,1501122000.000000,0.967000,0.000000,383484000.000000,26469633000.000000,23294541500.000000,0.000000,20277460000.000000,,,6257535000.000000,,,246172000.000000,0.000000,5601975000.000000,-1558411000.000000,-808645000.000000,3226580000.000000,-4019205000.000000,-4010560000.000000,1038797000.000000,0.000000,984433000.000000,984433000.000000,984433000.000000,0.000000,9314000.000000,0.634000,105660000.000000,1395462000.000000,0.000000,0.855000,1.916000,29.983000,18.576000,153576000.000000,0.000000,30.650000,19.019000,13.516000,0.000000,315809000.000000,1551883000.000000,1551883000.000000,0.000000,0.053000,0.080000,0.059000,0.883000,9724000.000000,34503000.000000,1.000000,963002113.000000,684341045.000000,687914683.000000,2.268000,21741321000.000000,0.000000,2803000.000000,0.000000,31.770000
ART,2022-06-30,2022-07-27,2022-06-30,2022-Q2,,32263629704.000000,2025-04-30,197275000.000000,37289217000.000000,23544178750.000000,,,0.078000,24.274000,-1012000.000000,614001000.000000,614001000.000000,59964000.000000,632529000.000000,,0.697000,13721500000.000000,,,13721500000.000000,0.000000,1602000.000000,0.000000,0.043000,1.440000,1065398000.000000,1067000000.000000,0.580000,1067000000.000000,1065398000.000000,628592000.000000,1.030000,1.020000,1.030000,21762494000.000000,15331386750.000000,21762494000.000000,45371128704.000000,43.000000,42.522000,1423595000.000000,1.588000,1.000000,1778142000.000000,0.967000,0.000000,436806000.000000,50396716000.000000,29997488250.000000,0.000000,35572307000.000000,,,15174330000.000000,,,73135000.000000,-4574436000.000000,2385692000.000000,2722853000.000000,-403534000.000000,7290884000.000000,-8642356000.000000,-4054301000.000000,1424607000.000000,0.000000,626018000.000000,626018000.000000,626018000.000000,0.000000,6511000.000000,0.341000,706689000.000000,1071453000.000000,0.000000,1.398000,1.483000,51.538000,32.524000,153576000.000000,0.000000,33.500000,17.553000,16.340000,0.000000,-88610000.000000,1838106000.000000,1838106000.000000,0.000000,0.027000,0.041000,0.036000,0.580000,10509000.000000,38657000.000000,1.000000,963093424.000000,896545880.000000,896545880.000000,2.050000,37289217000.000000,0.000000,2574000.000000,0.000000,41.592000
ART,2022-09-30,2022-10-27,2022-09-30,2022-Q3,,29846402310.000000,2025-04-30,191314000.000000,37307982000.000000,28483973250.000000,,,0.078000,22.554000,-917000.000000,518383000.000000,518383000.000000,70933000.000000,805223000.000000,,0.702000,13730503000.000000,,,13730503000.000000,0.000000,861000.000000,0.000000,0.047000,1.470000,1238725000.000000,1239586000.000000,0.560000,1239586000.000000,1238725000.000000,797664000.000000,1.080000,1.080000,1.080000,21709579000.000000,17746254750.000000,21709579000.000000,43058522310.000000,35.000000,34.736000,1720476000.000000,1.787000,1.000000,2143012000.000000,0.968000,0.000000,441061000.000000,50520102000.000000,37234683250.000000,0.000000,35703958000.000000,,,15245685000.000000,,,-180123000.000000,-4574536000.000000,-437000.000000,4845864000.000000,-226430000.000000,6964896000.000000,-8866412000.000000,-4282164000.000000,1721393000.000000,0.000000,795061000.000000,795061000.000000,795061000.000000,0.000000,10162000.000000,0.359000,935920000.000000,1207092000.000000,0.000000,1.361000,1.375000,37.540000,28.694000,153560000.000000,0.000000,30.990000,13.481000,13.474000,0.000000,-133311000.000000,2213945000.000000,2213945000.000000,0.000000,0.028000,0.045000,0.033000,0.560000,11576000.000000,42341000.000000,1.000000,963097848.000000,962573646.000000,964134340.000000,2.300000,37307982000.000000,0.000000,2603000.000000,0.000000,38.759000
ART,2022-12-31,2023-02-23,2022-12-31,2022-Q4,,33603030597.000000,2025-04-30,185353000.000000,37575826000.000000,33478586500.000000,,,0.078000,24.995000,-1876000.000000,208933000.000000,208933000.000000,82231000.000000,1136267000.000000,,0.697000,13739675000.000000,,,13739675000.000000,0.000000,3182000.000000,0.000000,0.045000,1.500000,1660464000.000000,1663646000.000000,0.640000,1663646000.000000,1660464000.000000,1120511000.000000,1.270000,1.270000,1.270000,21933637000.000000,20202597000.000000,21933637000.000000,47133772597.000000,28.000000,28.332000,1941520000.000000,2.213000,1.000000,2518466000.000000,0.968000,0.000000,539953000.000000,51106568000.000000,44623254750.000000,0.000000,36277005000.000000,,,15285713000.000000,,,-530681000.000000,-4574536000.000000,3212945000.000000,4853811000.000000,-1219117000.000000,6829937000.000000,-9304014000.000000,-4719898000.000000,1943396000.000000,0.000000,1117635000.000000,1117635000.000000,1117635000.000000,0.000000,18632000.000000,0.430000,908669000.000000,1609797000.000000,0.000000,1.181000,1.532000,30.066000,26.362000,153560000.000000,0.000000,33.480000,12.921000,11.297000,0.000000,93154000.000000,2600697000.000000,2600697000.000000,0.000000,0.033000,0.055000,0.037000,0.638000,12986000.000000,48340000.000000,1.000000,1003674749.000000,877508388.000000,879675845.000000,2.964000,37575826000.000000,0.000000,2876000.000000,0.000000,42.821000
ART,2023-03-31,2023-05-01,2023-03-31,2023-Q1,,33923176192.000000,2025-04-30,170441000.000000,41852813000.000000,38506459500.000000,,,0.080000,23.276000,-1422000.000000,247673000.000000,247673000.000000,92851000.000000,1421440000.000000,,0.780000,16606240000.000000,,,16606240000.000000,0.000000,2437000.000000,0.000000,0.045000,1.530000,2075726000.000000,2078163000.000000,0.679000,2078163000.000000,2075726000.000000,1399555000.000000,1.460000,1.470000,1.460000,23311246000.000000,22179239000.000000,23311246000.000000,50281743192.000000,24.000000,24.195000,2158074000.000000,2.155000,1.000000,2968868000.000000,0.970000,0.000000,676171000.000000,58211380000.000000,52558691500.000000,0.000000,40517531000.000000,,,18178278000.000000,,,-301367000.000000,-5841441000.000000,-8061000.000000,4383800000.000000,-991254000.000000,4282700000.000000,-6743637000.000000,-892986000.000000,2159496000.000000,74000.000000,1395992000.000000,1395992000.000000,1395992000.000000,0.000000,25448000.000000,0.456000,943190000.000000,2025678000.000000,0.000000,1.048000,1.455000,24.300000,23.137000,153560000.000000,0.000000,33.780000,11.080000,11.050000,0.000000,220254000.000000,3061719000.000000,3061719000.000000,0.000000,0.036000,0.063000,0.039000,0.678000,13823000.000000,53879000.000000,1.000000,1004238490.000000,1001526645.000000,1003831325.000000,3.057000,41852813000.000000,0.000000,3563000.000000,0.000000,41.789000
ART,2023-06-30,2023-07-26,2023-06-30,2023-Q2,,33189771912.000000,2025-04-30,173670000.000000,42250610000.000000,39746807750.000000,,,0.083000,23.554000,-3163000.000000,738793000.000000,738793000.000000,96544000.000000,2181162000.000000,,0.766000,16624197000.000000,,,16624197000.000000,0.000000,4823000.000000,0.000000,0.048000,1.560000,2895472000.000000,2900295000.000000,0.880000,2900295000.000000,2895472000.000000,2148835000.000000,2.210000,2.220000,2.210000,23716716000.000000,22667794500.000000,23716716000.000000,49075175912.000000,17.000000,16.921000,2053917000.000000,2.040000,1.000000,3200710000.000000,0.971000,0.000000,746637000.000000,58136014000.000000,54493516000.000000,0.000000,40426951000.000000,,,18166035000.000000,,,258136000.000000,-1267005000.000000,4581725000.000000,102536000.000000,-1998026000.000000,73940000.000000,-1873076000.000000,-608043000.000000,2057080000.000000,192000.000000,2144400000.000000,2144400000.000000,2144400000.000000,0.000000,36762000.000000,0.650000,337318000.000000,2863392000.000000,0.000000,0.706000,1.399000,15.477000,14.819000,150727000.000000,0.000000,32.750000,10.066000,10.001000,0.000000,518059000.000000,3297254000.000000,3297254000.000000,0.000000,0.054000,0.095000,0.053000,0.878000,14674000.000000,57017000.000000,1.000000,1013428150.000000,1006893810.000000,1007968422.000000,3.275000,42250610000.000000,0.000000,4435000.000000,0.000000,41.961000
ART,2023-09-30,2023-10-25,2023-09-30,2023-Q3,,28511704814.000000,2025-04-30,186241000.000000,42832149000.000000,41127849500.000000,,,0.084000,23.855000,-3705000.000000,510884000.000000,510884000.000000,98007000.000000,2409743000.000000,,0.757000,16692728000.000000,,,16692728000.000000,0.000000,5804000.000000,0.000000,0.058000,1.585000,3156696000.000000,3162500000.000000,0.917000,3162500000.000000,3156696000.000000,2374486000.000000,2.420000,2.430000,2.420000,24164951000.000000,23281637500.000000,24164951000.000000,44693548814.000000,14.000000,14.132000,2108241000.000000,2.081000,1.000000,3352022000.000000,0.972000,0.000000,782210000.000000,59013993000.000000,56616988750.000000,0.000000,41200866000.000000,,,18296467000.000000,,,21493000.000000,-1266905000.000000,4880396000.000000,158191000.000000,-2380881000.000000,270563000.000000,-2360894000.000000,-1094857000.000000,2111946000.000000,-122000.000000,2369824000.000000,2369824000.000000,2369824000.000000,0.000000,39919000.000000,0.687000,204725000.000000,3147297000.000000,0.000000,0.655000,1.180000,12.031000,11.388000,150727000.000000,0.000000,27.560000,8.264000,8.092000,0.000000,652402000.000000,3450029000.000000,3450029000.000000,0.000000,0.058000,0.102000,0.056000,0.915000,15231000.000000,59376000.000000,1.000000,1034532105.000000,1012986784.000000,1013589640.000000,3.406000,42832149000.000000,0.000000,4662000.000000,0.000000,42.283000
ART,2023-12-31,2024-02-22,2023-12-31,2023-Q4,,30967581892.000000,2025-04-30,153870000.000000,44059841000.000000,42748853250.000000,,,0.084000,24.895000,-4035000.000000,522574000.000000,522574000.000000,100415000.000000,2554622000.000000,,0.729000,16724125000.000000,,,16724125000.000000,0.000000,4298000.000000,0.000000,0.054000,1.610000,3325455000.000000,3329753000.000000,0.922000,3329753000.000000,3325455000.000000,2507399000.000000,2.480000,2.470000,2.480000,25255931000.000000,24112211000.000000,25255931000.000000,47169132892.000000,14.000000,14.166000,2176974000.000000,2.146000,1.000000,3511573000.000000,0.972000,0.000000,818056000.000000,60261392000.000000,58905694750.000000,0.000000,42371210000.000000,,,18402067000.000000,,,313641000.000000,-1266905000.000000,2475139000.000000,169043000.000000,-1583840000.000000,1031790000.000000,-2899095000.000000,-1632922000.000000,2181009000.000000,-63000.000000,2513540000.000000,2513540000.000000,2513540000.000000,0.000000,41082000.000000,0.696000,174742000.000000,3336831000.000000,0.000000,0.649000,1.226000,12.320000,11.976000,150727000.000000,0.000000,29.700000,8.574000,8.342000,0.000000,965762000.000000,3611988000.000000,3611988000.000000,0.000000,0.059000,0.104000,0.056000,0.921000,15536000.000000,59603000.000000,1.000000,1042679525.000000,1014513195.000000,1015776697.000000,3.560000,44059841000.000000,0.000000,-6141000.000000,0.000000,43.430000
ART,2024-03-31,2024-05-01,2024-03-31,2024-Q1,,30147947980.000000,2025-04-30,156640000.000000,44157873000.000000,43325118250.000000,,,0.085000,24.381000,-6445000.000000,485318000.000000,485318000.000000,101947000.000000,2626564000.000000,,0.722000,16711739000.000000,,,16711739000.000000,0.000000,5400000.000000,0.000000,0.057000,1.635000,3397728000.000000,3403128000.000000,0.923000,3403128000.000000,3397728000.000000,2579150000.000000,2.540000,2.530000,2.540000,25414824000.000000,24638105500.000000,25414824000.000000,46374368980.000000,14.000000,13.627000,2204030000.000000,2.114000,1.000000,3583875000.000000,0.972000,0.000000,818578000.000000,60384294000.000000,59448923250.000000,0.000000,42507115000.000000,,,18339315000.000000,,,217983000.000000,0.000000,2474738000.000000,42072000.000000,-2018651000.000000,-451914000.000000,-1540387000.000000,-1538487000.000000,2210475000.000000,-191000.000000,2584816000.000000,2584816000.000000,2584816000.000000,0.000000,41748000.000000,0.701000,172952000.000000,3410923000.000000,0.000000,0.644000,1.186000,11.663000,11.378000,150727000.000000,0.000000,28.900000,8.179000,8.173000,0.000000,1122878000.000000,3685822000.000000,3685822000.000000,0.000000,0.060000,0.105000,0.057000,0.922000,15862000.000000,60790000.000000,1.000000,1043181591.000000,1042404634.000000,1043311636.000000,3.536000,44157873000.000000,0.000000,-5666000.000000,0.000000,42.362000
ART,2024-06-30,2024-07-31,2024-06-30,2024-Q2,,32734620102.000000,2025-04-30,148211000.000000,44511250000.000000,43890278250.000000,,,0.085000,24.667000,-7794000.000000,347160000.000000,347160000.000000,102968000.000000,2677736000.000000,,0.715000,16727361000.000000,,,16727361000.000000,0.000000,4722000.000000,0.000000,0.053000,1.660000,3451846000.000000,3456568000.000000,0.923000,3456568000.000000,3451846000.000000,2631085000.000000,2.560000,2.550000,2.560000,25718896000.000000,25138650500.000000,25718896000.000000,49114821102.000000,14.000000,14.209000,2279153000.000000,2.186000,1.000000,3641699000.000000,0.973000,0.000000,820761000.000000,60891451000.000000,60137782500.000000,0.000000,42988645000.000000,,,18384937000.000000,,,-391633000.000000,0.000000,1101027000.000000,41833000.000000,-1672554000.000000,-569165000.000000,-2109367000.000000,-2101473000.000000,2286947000.000000,-48000.000000,2635416000.000000,2635416000.000000,2635416000.000000,0.000000,42320000.000000,0.704000,171742000.000000,3469957000.000000,0.000000,0.648000,1.273000,12.421000,12.211000,150727000.000000,0.000000,31.260000,8.742000,8.704000,0.000000,1431264000.000000,3744667000.000000,3744667000.000000,0.000000,0.060000,0.105000,0.057000,0.922000,16410000.000000,61638000.000000,1.000000,1047172748.000000,1042650713.000000,1042959627.000000,3.591000,44511250000.000000,0.000000,-4331000.000000,0.000000,42.690000
ART,2024-09-30,2024-10-31,2024-09-30,2024-Q3,,33480570845.000000,2025-04-30,141705000.000000,44918106000.000000,44411767500.000000,,,0.086000,24.948000,-8583000.000000,355667000.000000,355667000.000000,104596000.000000,2856758000.000000,,0.704000,16743584000.000000,,,16743584000.000000,0.000000,4719000.000000,0.000000,0.053000,1.677000,3632622000.000000,3637341000.000000,0.956000,3637341000.000000,3632622000.000000,2809471000.000000,2.710000,2.700000,2.710000,26111294000.000000,25625236250.000000,26111294000.000000,49868487845.000000,14.000000,13.710000,2305310000.000000,2.203000,1.000000,3700422000.000000,0.973000,0.000000,823151000.000000,61306023000.000000,60710790000.000000,0.000000,43390517000.000000,,,18395034000.000000,,,-155217000.000000,0.000000,917459000.000000,-17597000.000000,-1722393000.000000,-852878000.000000,-1616816000.000000,-1606385000.000000,2313893000.000000,584000.000000,2811985000.000000,2811985000.000000,2811985000.000000,0.000000,44773000.000000,0.739000,43750000.000000,3656672000.000000,0.000000,0.619000,1.282000,11.906000,11.720000,150727000.000000,0.000000,31.760000,8.799000,8.736000,0.000000,1711277000.000000,3805018000.000000,3805018000.000000,0.000000,0.063000,0.110000,0.060000,0.955000,16992000.000000,63674000.000000,1.000000,1054174145.000000,1046626838.000000,1048338348.000000,3.636000,44918106000.000000,0.000000,-2514000.000000,0.000000,42.917000
ART,2024-12-31,2025-02-20,2024-12-31,2024-Q4,,32492991977.000000,2025-04-30,144574000.000000,45368940000.000000,44739042250.000000,,,0.086000,25.353000,-7526000.000000,524615000.000000,524615000.000000,104317000.000000,2721242000.000000,,0.694000,16732889000.000000,,,16732889000.000000,0.000000,4125000.000000,0.000000,0.055000,1.695000,3514611000.000000,3518736000.000000,0.914000,3518736000.000000,3514611000.000000,2688514000.000000,2.560000,2.560000,2.560000,26537955000.000000,25945742250.000000,26537955000.000000,48701265977.000000,14.000000,13.841000,2373972000.000000,2.268000,1.000000,3744888000.000000,0.973000,0.000000,826097000.000000,61577214000.000000,61039745500.000000,0.000000,43662954000.000000,,,18417139000.000000,,,2041000.000000,0.000000,373346000.000000,-46241000.000000,-1752991000.000000,-1457121000.000000,-922781000.000000,-910355000.000000,2381498000.000000,445000.000000,2678810000.000000,2678810000.000000,2678810000.000000,0.000000,42432000.000000,0.696000,204521000.000000,3540367000.000000,0.000000,0.662000,1.224000,12.130000,12.016000,150727000.000000,0.000000,30.760000,8.441000,8.365000,0.000000,1867400000.000000,3849205000.000000,3849205000.000000,0.000000,0.060000,0.103000,0.058000,0.913000,17511000.000000,69109000.000000,1.000000,1056339141.000000,1046739537.000000,1047675111.000000,3.677000,45368940000.000000,0.000000,9704000.000000,0.000000,43.343000
ART,2025-03-31,2025-04-30,2025-03-31,2025-Q1,,33835762078.000000,2025-04-30,132452000.000000,45526064000.000000,45081090000.000000,,,0.086000,25.198000,-5141000.000000,334317000.000000,334317000.000000,104359000.000000,2673704000.000000,,0.695000,16847001000.000000,,,16847001000.000000,0.000000,3121000.000000,0.000000,0.053000,1.712000,3468553000.000000,3471674000.000000,0.894000,3471674000.000000,3468553000.000000,2638087000.000000,2.500000,2.500000,2.500000,26609169000.000000,26244328500.000000,26609169000.000000,50348446078.000000,15.000000,14.503000,2419931000.000000,2.292000,1.000000,3777569000.000000,0.973000,0.000000,830466000.000000,62038748000.000000,61453359000.000000,0.000000,43998224000.000000,,,18503399000.000000,,,-89919000.000000,0.000000,371165000.000000,55453000.000000,-1318180000.000000,-1316605000.000000,-1199071000.000000,-1189349000.000000,2425072000.000000,685000.000000,2632401000.000000,2632401000.000000,2632401000.000000,0.000000,41303000.000000,0.678000,282949000.000000,3494620000.000000,0.000000,0.685000,1.272000,12.854000,12.808000,150727000.000000,0.000000,32.020000,8.716000,8.710000,0.000000,1954124000.000000,3881928000.000000,3881928000.000000,0.000000,0.058000,0.100000,0.056000,0.894000,16622000.000000,67777000.000000,1.000000,1056707123.000000,1056012414.000000,1056432790.000000,3.676000,45526064000.000000,0.000000,5686000.000000,0.000000,43.111000
ARY,2016-12-31,2017-05-12,2016-12-31,2016-FY,620000.000000,,2025-04-30,0.000000,90475000.000000,,1644000.000000,88831000.000000,,0.342000,-869000.000000,920000.000000,920000.000000,10601000.000000,0.000000,1.605000,0.075000,279000.000000,14000.000000,265000.000000,279000.000000,0.000000,3030000.000000,0.000000,,0.000000,7000.000000,3037000.000000,0.162000,3037000.000000,7000.000000,0.000000,,,,84143000.000000,,84143000.000000,,,,1852000.000000,0.008000,1.000000,8184000.000000,0.436000,0.000000,7000.000000,88810000.000000,,371000.000000,0.000000,0.000000,0.000000,6332000.000000,1024000.000000,5308000.000000,569000.000000,0.000000,0.000000,-51000.000000,0.000000,-1283000.000000,-869000.000000,0.000000,2721000.000000,0.000000,0.000000,0.000000,0.000000,0.000000,0.000000,0.000000,8177000.000000,7000.000000,305000.000000,,,,,88831000.000000,0.000000,,,,77000.000000,52000.000000,18785000.000000,18785000.000000,0.000000,,,,0.000000,0.000000,2009000.000000,1.000000,246224886.000000,246224886.000000,,0.076000,90475000.000000,0.000000,0.000000,5043000.000000,0.367000
ARY,2016-12-31,2017-06-20,2016-12-31,2016-FY,620000.000000,,2025-04-30,0.000000,90475000.000000,,1644000.000000,88831000.000000,,0.342000,-869000.000000,920000.000000,920000.000000,10601000.000000,0.000000,1.605000,0.075000,279000.000000,14000.000000,265000.000000,279000.000000,0.000000,3030000.000000,0.000000,,0.000000,7000.000000,3037000.000000,0.162000,3037000.000000,7000.000000,0.000000,,,,84143000.000000,,84143000.000000,,,,1852000.000000,0.008000,1.000000,8184000.000000,0.436000,0.000000,7000.000000,88810000.000000,,371000.000000,0.000000,0.000000,0.000000,6332000.000000,1024000.000000,5308000.000000,569000.000000,0.000000,0.000000,-51000.000000,0.000000,-1283000.000000,-869000.000000,0.000000,2721000.000000,0.000000,0.000000,0.000000,0.000000,0.000000,0.000000,0.000000,8177000.000000,7000.000000,305000.000000,,,,,88831000.000000,0.000000,,,,77000.000000,52000.000000,18785000.000000,18785000.000000,0.000000,,,,0.000000,0.000000,2009000.000000,1.000000,246224886.000000,246224886.000000,,0.076000,90475000.000000,0.000000,0.000000,5043000.000000,0.367000
ARY,2016-12-31,2017-07-25,2016-12-31,2016-FY,620000.000000,,2025-04-30,0.000000,90475000.000000,,1644000.000000,88831000.000000,,0.342000,-869000.000000,920000.000000,920000.000000,10601000.000000,0.000000,1.605000,0.075000,279000.000000,14000.000000,265000.000000,279000.000000,0.000000,3030000.000000,0.000000,,0.000000,7000.000000,3037000.000000,0.162000,3037000.000000,7000.000000,0.000000,,,,84143000.000000,,84143000.000000,,,,1852000.000000,0.008000,1.000000,8184000.000000,0.436000,0.000000,7000.000000,88810000.000000,,371000.000000,0.000000,0.000000,0.000000,6332000.000000,1024000.000000,5308000.000000,569000.000000,0.000000,0.000000,-51000.000000,0.000000,-1283000.000000,-869000.000000,0.000000,2721000.000000,0.000000,0.000000,0.000000,0.000000,0.000000,0.000000,0.000000,8177000.000000,7000.000000,305000.000000,,,,,88831000.000000,0.000000,,,,77000.000000,52000.000000,18785000.000000,18785000.000000,0.000000,,,,0.000000,0.000000,2009000.000000,1.000000,246224886.000000,246224886.000000,,0.076000,90475000.000000,0.000000,0.000000,5043000.000000,0.367000
ARY,2016-12-31,2017-07-31,2016-12-31,2016-FY,620000.000000,,2025-04-30,0.000000,90475000.000000,,1644000.000000,88831000.000000,,0.342000,-869000.000000,920000.000000,920000.000000,10601000.000000,0.000000,1.605000,0.075000,279000.000000,14000.000000,265000.000000,279000.000000,0.000000,3030000.000000,0.000000,,0.000000,7000.000000,3037000.000000,0.162000,3037000.000000,7000.000000,0.000000,,,,84143000.000000,,84143000.000000,,,,1852000.000000,0.008000,1.000000,8184000.000000,0.436000,0.000000,7000.000000,88810000.000000,,371000.000000,0.000000,0.000000,0.000000,6332000.000000,1024000.000000,5308000.000000,569000.000000,0.000000,0.000000,-51000.000000,0.000000,-1283000.000000,-869000.000000,0.000000,2721000.000000,0.000000,0.000000,0.000000,0.000000,0.000000,0.000000,0.000000,8177000.000000,7000.000000,305000.000000,,,,,88831000.000000,0.000000,,,,77000.000000,52000.000000,18785000.000000,18785000.000000,0.000000,,,,0.000000,0.000000,2009000.000000,1.000000,246224886.000000,246224886.000000,,0.076000,90475000.000000,0.000000,0.000000,5043000.000000,0.367000
ARY,2016-12-31,2017-08-18,2016-12-31,2016-FY,620000.000000,,2025-04-30,0.000000,90475000.000000,,1644000.000000,88831000.000000,,0.342000,-869000.000000,920000.000000,920000.000000,10601000.000000,0.000000,1.605000,0.075000,279000.000000,14000.000000,265000.000000,279000.000000,0.000000,3030000.000000,0.000000,,0.000000,7000.000000,3037000.000000,0.162000,3037000.000000,7000.000000,0.000000,,,,84143000.000000,,84143000.000000,,,,1852000.000000,0.008000,1.000000,8184000.000000,0.436000,0.000000,7000.000000,88810000.000000,,371000.000000,0.000000,0.000000,0.000000,6332000.000000,1024000.000000,5308000.000000,569000.000000,0.000000,0.000000,-51000.000000,0.000000,-1283000.000000,-869000.000000,0.000000,2721000.000000,0.000000,0.000000,0.000000,0.000000,0.000000,0.000000,0.000000,8177000.000000,7000.000000,305000.000000,,,,,88831000.000000,0.000000,,,,77000.000000,52000.000000,18785000.000000,18785000.000000,0.000000,,,,0.000000,0.000000,2009000.000000,1.000000,246224886.000000,246224886.000000,,0.076000,90475000.000000,0.000000,0.000000,5043000.000000,0.367000
ARY,2016-12-31,2017-09-28,2016-12-31,2016-FY,620000.000000,,2025-04-30,0.000000,90475000.000000,,1644000.000000,88831000.000000,,0.342000,-869000.000000,920000.000000,920000.000000,10601000.000000,0.000000,1.605000,0.075000,279000.000000,14000.000000,265000.000000,279000.000000,0.000000,3030000.000000,0.000000,,0.000000,7000.000000,3037000.000000,0.162000,3037000.000000,7000.000000,0.000000,,,,84143000.000000,,84143000.000000,,,,1852000.000000,0.008000,1.000000,8184000.000000,0.436000,0.000000,7000.000000,88810000.000000,,371000.000000,0.000000,0.000000,0.000000,6332000.000000,1024000.000000,5308000.000000,569000.000000,0.000000,0.000000,-51000.000000,0.000000,-1283000.000000,-869000.000000,0.000000,2721000.000000,0.000000,0.000000,0.000000,0.000000,0.000000,0.000000,0.000000,8177000.000000,7000.000000,305000.000000,,,,,88831000.000000,0.000000,,,,77000.000000,52000.000000,18785000.000000,18785000.000000,0.000000,,,,0.000000,0.000000,2009000.000000,1.000000,246224886.000000,246224886.000000,,0.076000,90475000.000000,0.000000,0.000000,5043000.000000,0.367000
ARY,2016-12-31,2017-10-23,2016-12-31,2016-FY,620000.000000,,2025-04-30,0.000000,90475000.000000,,1644000.000000,88831000.000000,,0.342000,-869000.000000,920000.000000,920000.000000,10601000.000000,0.000000,1.605000,0.075000,279000.000000,14000.000000,265000.000000,279000.000000,0.000000,3030000.000000,0.000000,,0.000000,7000.000000,3037000.000000,0.162000,3037000.000000,7000.000000,0.000000,,,,84143000.000000,,84143000.000000,,,,1852000.000000,0.008000,1.000000,8184000.000000,0.436000,0.000000,7000.000000,88810000.000000,,371000.000000,0.000000,0.000000,0.000000,6332000.000000,1024000.000000,5308000.000000,569000.000000,0.000000,0.000000,-51000.000000,0.000000,-1283000.000000,-869000.000000,0.000000,2721000.000000,0.000000,0.000000,0.000000,0.000000,0.000000,0.000000,0.000000,8177000.000000,7000.000000,305000.000000,,,,,88831000.000000,0.000000,,,,77000.000000,52000.000000,18785000.000000,18785000.000000,0.000000,,,,0.000000,0.000000,2009000.000000,1.000000,246224886.000000,246224886.000000,,0.076000,90475000.000000,0.000000,0.000000,5043000.000000,0.367000
ARY,2018-12-31,2019-02-14,2018-12-31,2018-FY,,8766382943.000000,2025-04-30,-22124000.000000,11333368000.000000,10738202750.000000,,,0.084000,18.565000,-713000.000000,598447000.000000,598447000.000000,99181000.000000,532117000.000000,,0.650000,4122264000.000000,,,4122264000.000000,43605000.000000,3686000.000000,0.000000,0.046000,0.997000,737723000.000000,741409000.000000,0.826000,741409000.000000,737723000.000000,525060000.000000,1.430000,1.430000,1.430000,6817449000.000000,6270691500.000000,6817449000.000000,12290199943.000000,17.000000,16.577000,503369000.000000,1.371000,1.000000,798796000.000000,0.890000,0.000000,212663000.000000,14857185000.000000,14201333250.000000,0.000000,10523582000.000000,,,4432346000.000000,,,401041000.000000,0.000000,2001493000.000000,-691175000.000000,-262682000.000000,1037836000.000000,-1140877000.000000,-1292384000.000000,504082000.000000,0.000000,523619000.000000,523619000.000000,523619000.000000,0.000000,8498000.000000,0.583000,40842000.000000,757954000.000000,0.000000,0.697000,1.286000,16.742000,15.147000,167302000.000000,0.000000,21.660000,9.762000,8.858000,0.000000,187096000.000000,897977000.000000,897977000.000000,0.000000,0.049000,0.084000,0.052000,0.822000,2342000.000000,24429000.000000,1.000000,404726821.000000,367226395.000000,367316901.000000,2.445000,11333368000.000000,0.000000,1441000.000000,0.000000,30.862000
ARY,2019-12-31,2020-02-20,2019-12-31,2019-FY,,13178667948.000000,2025-04-30,-65078000.000000,13265619000.000000,12454450500.000000,,,0.072000,18.308000,-1680000.000000,1101893000.000000,1101893000.000000,18901000.000000,554281000.000000,,0.655000,4791563000.000000,,,4791563000.000000,70340000.000000,3831000.000000,0.000000,0.042000,1.170000,796053000.000000,799884000.000000,0.894000,799884000.000000,796053000.000000,547669000.000000,1.250000,1.240000,1.250000,7965183000.000000,7726625750.000000,7965183000.000000,16868337948.000000,21.000000,21.088000,680479000.000000,1.564000,1.000000,875897000.000000,0.979000,0.000000,248384000.000000,16955289000.000000,15890259750.000000,0.000000,11880377000.000000,,,5216630000.000000,,,503446000.000000,0.000000,1164307000.000000,530401000.000000,-503958000.000000,1182666000.000000,-1361379000.000000,-1351001000.000000,682159000.000000,0.000000,545964000.000000,545964000.000000,545964000.000000,0.000000,8317000.000000,0.610000,33398000.000000,842499000.000000,0.000000,0.936000,1.655000,24.138000,22.504000,94711000.000000,0.000000,28.130000,14.728000,13.677000,0.000000,208069000.000000,894798000.000000,894798000.000000,0.000000,0.044000,0.071000,0.050000,0.890000,5223000.000000,24569000.000000,1.000000,468491573.000000,435071096.000000,439152946.000000,2.057000,13265619000.000000,0.000000,1705000.000000,0.000000,30.491000
ARY,2020-12-31,2021-02-18,2020-12-31,2020-FY,,14554303679.000000,2025-04-30,-92521000.000000,17063613000.000000,16275072500.000000,,,0.075000,18.603000,-2768000.000000,315993000.000000,315993000.000000,33425000.000000,896208000.000000,,0.804000,6765532000.000000,,,6765532000.000000,93659000.000000,3731000.000000,0.000000,0.046000,1.255000,1201110000.000000,1204841000.000000,0.983000,1204841000.000000,1201110000.000000,892505000.000000,1.760000,1.750000,1.760000,9415839000.000000,8835782000.000000,9415839000.000000,21003842679.000000,17.000000,17.433000,880872000.000000,1.740000,1.000000,1192149000.000000,0.973000,0.000000,308605000.000000,23513152000.000000,21407150250.000000,0.000000,16202900000.000000,,,7569868000.000000,,,-785900000.000000,0.000000,1539541000.000000,1960069000.000000,-612205000.000000,2879219000.000000,-4548759000.000000,-4595777000.000000,883640000.000000,0.000000,891674000.000000,891674000.000000,891674000.000000,0.000000,4534000.000000,0.728000,287593000.000000,904556000.000000,0.000000,0.713000,1.546000,16.322000,15.409000,158190000.000000,0.000000,27.120000,11.875000,11.200000,0.000000,139454000.000000,1225574000.000000,1225574000.000000,0.000000,0.055000,0.101000,0.056000,0.980000,7388000.000000,30661000.000000,1.000000,536663115.000000,506140642.000000,510908755.000000,2.421000,17063613000.000000,0.000000,831000.000000,0.000000,33.713000
ARY,2021-12-31,2022-02-23,2021-12-31,2021-FY,,20184095264.000000,2025-04-30,884000.000000,17597373000.000000,17362681500.000000,,,0.087000,21.451000,-2505000.000000,739614000.000000,739614000.000000,48570000.000000,1023158000.000000,,0.447000,4694523000.000000,,,4694523000.000000,0.000000,3091000.000000,0.000000,0.051000,1.380000,1409128000.000000,1412219000.000000,0.936000,1412219000.000000,1409128000.000000,1016738000.000000,1.800000,1.760000,1.800000,12108268000.000000,10834143500.000000,12108268000.000000,24139004264.000000,17.000000,17.093000,893845000.000000,1.584000,1.000000,1460998000.000000,0.968000,0.000000,392390000.000000,21552282000.000000,22560053750.000000,0.000000,16279490000.000000,,,5410199000.000000,,,423621000.000000,0.000000,2384045000.000000,-2131126000.000000,-758790000.000000,-514178000.000000,41449000.000000,51350000.000000,896350000.000000,0.000000,1013851000.000000,1013851000.000000,1013851000.000000,0.000000,9307000.000000,0.672000,27061000.000000,1433937000.000000,0.000000,0.767000,1.667000,19.908000,14.983000,153576000.000000,0.000000,26.970000,13.371000,10.085000,0.000000,346026000.000000,1509568000.000000,1509568000.000000,0.000000,0.058000,0.094000,0.062000,0.933000,9371000.000000,33122000.000000,1.000000,748390629.000000,564467362.000000,577066292.000000,2.674000,17597373000.000000,0.000000,2887000.000000,0.000000,31.175000
ARY,2022-12-31,2023-02-23,2022-12-31,2022-FY,,33603030597.000000,2025-04-30,185353000.000000,37575826000.000000,33478586500.000000,,,0.078000,24.995000,-1876000.000000,208933000.000000,208933000.000000,82231000.000000,1136267000.000000,,0.697000,13739675000.000000,,,13739675000.000000,0.000000,3182000.000000,0.000000,0.045000,1.500000,1660464000.000000,1663646000.000000,0.640000,1663646000.000000,1660464000.000000,1120511000.000000,1.270000,1.270000,1.270000,21933637000.000000,20202597000.000000,21933637000.000000,47133772597.000000,28.000000,28.332000,1941520000.000000,2.213000,1.000000,2518466000.000000,0.968000,0.000000,539953000.000000,51106568000.000000,44623254750.000000,0.000000,36277005000.000000,,,15285713000.000000,,,-530681000.000000,-4574536000.000000,3212945000.000000,4853811000.000000,-1219117000.000000,6829937000.000000,-9304014000.000000,-4719898000.000000,1943396000.000000,0.000000,1117635000.000000,1117635000.000000,1117635000.000000,0.000000,18632000.000000,0.430000,908669000.000000,1609797000.000000,0.000000,1.181000,1.532000,30.066000,26.362000,153560000.000000,0.000000,33.480000,12.921000,11.297000,0.000000,93154000.000000,2600697000.000000,2600697000.000000,0.000000,0.033000,0.055000,0.037000,0.638000,12986000.000000,48340000.000000,1.000000,1003674749.000000,877508388.000000,879675845.000000,2.964000,37575826000.000000,0.000000,2876000.000000,0.000000,42.821000
ARY,2023-12-31,2024-02-22,2023-12-31,2023-FY,,30967581892.000000,2025-04-30,153870000.000000,44059841000.000000,42748853250.000000,,,0.084000,24.895000,-4035000.000000,522574000.000000,522574000.000000,100415000.000000,2554622000.000000,,0.729000,16724125000.000000,,,16724125000.000000,0.000000,4298000.000000,0.000000,0.054000,1.610000,3325455000.000000,3329753000.000000,0.922000,3329753000.000000,3325455000.000000,2507399000.000000,2.480000,2.470000,2.480000,25255931000.000000,24112211000.000000,25255931000.000000,47169132892.000000,14.000000,14.166000,2176974000.000000,2.146000,1.000000,3511573000.000000,0.972000,0.000000,818056000.000000,60261392000.000000,58905694750.000000,0.000000,42371210000.000000,,,18402067000.000000,,,313641000.000000,-1266905000.000000,2475139000.000000,169043000.000000,-1583840000.000000,1031790000.000000,-2899095000.000000,-1632922000.000000,2181009000.000000,-63000.000000,2513540000.000000,2513540000.000000,2513540000.000000,0.000000,41082000.000000,0.696000,174742000.000000,3336831000.000000,0.000000,0.649000,1.226000,12.320000,11.976000,150727000.000000,0.000000,29.700000,8.574000,8.342000,0.000000,965762000.000000,3611988000.000000,3611988000.000000,0.000000,0.059000,0.104000,0.056000,0.921000,15536000.000000,59603000.000000,1.000000,1042679525.000000,1014513195.000000,1015776697.000000,3.560000,44059841000.000000,0.000000,-6141000.000000,0.000000,43.430000
ARY,2024-12-31,2025-02-20,2024-12-31,2024-FY,,32492991977.000000,2025-04-30,144574000.000000,45368940000.000000,44739042250.000000,,,0.086000,25.353000,-7526000.000000,524615000.000000,524615000.000000,104317000.000000,2721242000.000000,,0.694000,16732889000.000000,,,16732889000.000000,0.000000,4125000.000000,0.000000,0.055000,1.695000,3514611000.000000,3518736000.000000,0.914000,3518736000.000000,3514611000.000000,2688514000.000000,2.560000,2.560000,2.560000,26537955000.000000,25945742250.000000,26537955000.000000,48701265977.000000,14.000000,13.841000,2373972000.000000,2.268000,1.000000,3744888000.000000,0.973000,0.000000,826097000.000000,61577214000.000000,61039745500.000000,0.000000,43662954000.000000,,,18417139000.000000,,,2041000.000000,0.000000,373346000.000000,-46241000.000000,-1752991000.000000,-1457121000.000000,-922781000.000000,-910355000.000000,2381498000.000000,445000.000000,2678810000.000000,2678810000.000000,2678810000.000000,0.000000,42432000.000000,0.696000,204521000.000000,3540367000.000000,0.000000,0.662000,1.224000,12.130000,12.016000,150727000.000000,0.000000,30.760000,8.441000,8.365000,0.000000,1867400000.000000,3849205000.000000,3849205000.000000,0.000000,0.060000,0.103000,0.058000,0.913000,17511000.000000,69109000.000000,1.000000,1056339141.000000,1046739537.000000,1047675111.000000,3.677000,45368940000.000000,0.000000,9704000.000000,0.000000,43.343000
MRQ,2015-12-31,2015-12-31,2015-12-31,2015-Q4,-182000.000000,,2025-04-30,0.000000,92034000.000000,,1042000.000000,90992000.000000,,,,351000.000000,351000.000000,,,0.851000,0.078000,332000.000000,51000.000000,281000.000000,332000.000000,0.000000,,0.000000,,0.000000,,,,,,,,,,85375000.000000,,85375000.000000,,,,,,1.000000,,,0.000000,,90791000.000000,,442000.000000,0.000000,0.000000,0.000000,6659000.000000,1224000.000000,5435000.000000,,,,,,,,,,,,,,,,,,,342000.000000,,,,,90992000.000000,,,,,183000.000000,52000.000000,,,,,,,,,,1.000000,,,,,92034000.000000,0.000000,,5154000.000000,
MRQ,2016-09-30,2016-09-30,2016-09-30,2016-Q3,,,2025-04-30,,,,,,,,,,,2164000.000000,0.000000,,,,,,,,,,,0.000000,1000.000000,,,,1000.000000,0.000000,,,,,,,,,,,,1.000000,2119000.000000,0.495000,,1000.000000,,,,,,,,,,,,,,,,,,,,0.000000,0.000000,0.000000,0.000000,0.000000,0.000000,2118000.000000,1000.000000,,,,,,,0.000000,,,,,,4283000.000000,4283000.000000,0.000000,,,,,,459000.000000,1.000000,,,,,,,0.000000,,
MRQ,2016-12-31,2016-12-31,2016-12-31,2016-Q4,620000.000000,,2025-04-30,0.000000,90475000.000000,,1644000.000000,88831000.000000,,0.342000,-76000.000000,920000.000000,920000.000000,2782000.000000,0.000000,1.605000,0.075000,279000.000000,14000.000000,265000.000000,279000.000000,0.000000,803000.000000,0.000000,,0.000000,1000.000000,804000.000000,0.167000,804000.000000,1000.000000,0.000000,,,,84143000.000000,,84143000.000000,,,,259000.000000,0.001000,1.000000,2041000.000000,0.423000,0.000000,1000.000000,88810000.000000,,371000.000000,0.000000,0.000000,0.000000,6332000.000000,1024000.000000,5308000.000000,84000.000000,0.000000,0.000000,-13000.000000,0.000000,-175000.000000,-76000.000000,0.000000,335000.000000,0.000000,0.000000,0.000000,0.000000,0.000000,0.000000,0.000000,2040000.000000,1000.000000,305000.000000,,,,,88831000.000000,0.000000,,,,77000.000000,52000.000000,4823000.000000,4823000.000000,0.000000,,,,,0.000000,440000.000000,1.000000,246224886.000000,246224886.000000,,0.020000,90475000.000000,0.000000,0.000000,5043000.000000,0.367000
MRQ,2017-09-30,2017-09-30,2017-09-30,2017-Q3,-60000.000000,,2025-04-30,0.000000,89250000.000000,,903000.000000,88347000.000000,,0.337000,,84000.000000,84000.000000,1881000.000000,0.000000,0.938000,0.075000,249000.000000,0.000000,249000.000000,249000.000000,0.000000,,0.000000,,0.000000,0.000000,,,,0.000000,0.000000,,,,82995000.000000,,82995000.000000,,,,,,1.000000,2221000.000000,0.541000,0.000000,0.000000,88452000.000000,,528000.000000,0.000000,0.000000,0.000000,6255000.000000,963000.000000,5292000.000000,,,,,,,,,,,0.000000,0.000000,0.000000,0.000000,0.000000,0.000000,2221000.000000,0.000000,194000.000000,,,,,88347000.000000,0.000000,,,,206000.000000,52000.000000,4102000.000000,4102000.000000,0.000000,,,,,,293000.000000,1.000000,246224886.000000,246224886.000000,,0.017000,89250000.000000,0.000000,0.000000,5043000.000000,0.362000
MRQ,2017-12-31,2017-12-31,2017-12-31,2017-Q4,,,2025-04-30,0.000000,9739712000.000000,,,,,20.592000,-51000.000000,197406000.000000,197406000.000000,23684000.000000,44537000.000000,,1.058000,4785756000.000000,,,4785756000.000000,68117000.000000,751000.000000,0.000000,,0.000000,104115000.000000,104866000.000000,0.559000,104866000.000000,104115000.000000,40761000.000000,0.190000,0.190000,0.190000,4691489000.000000,,4691489000.000000,,,,129389000.000000,0.568000,1.000000,163925000.000000,0.874000,0.000000,63354000.000000,14328062000.000000,,0.000000,9379043000.000000,,,4963348000.000000,,,141635000.000000,0.000000,963782000.000000,111064000.000000,0.000000,1148446000.000000,-1136251000.000000,-1136200000.000000,129440000.000000,0.000000,42662000.000000,42662000.000000,42662000.000000,0.000000,1875000.000000,0.227000,19729000.000000,144196000.000000,0.000000,0.000000,,,,147900000.000000,0.000000,,,,0.000000,42662000.000000,187609000.000000,187609000.000000,0.000000,,,,,1385000.000000,9939000.000000,1.000000,246224886.000000,227828844.000000,227985455.000000,0.823000,9739712000.000000,0.000000,-1901000.000000,0.000000,42.750000
MRQ,2018-03-31,2018-03-31,2018-03-31,2018-Q1,,6780760202.000000,2025-04-30,0.000000,10486239000.000000,,,,,17.649000,-345000.000000,932023000.000000,932023000.000000,21338000.000000,114103000.000000,,0.719000,4119263000.000000,,,4119263000.000000,60929000.000000,906000.000000,0.000000,0.009000,0.160000,165381000.000000,166287000.000000,0.762000,166287000.000000,165381000.000000,112506000.000000,0.330000,0.330000,0.330000,6051900000.000000,,6051900000.000000,11369110202.000000,,,122138000.000000,0.356000,1.000000,196938000.000000,0.902000,0.000000,52875000.000000,13673479000.000000,,0.000000,9391957000.000000,,,4351339000.000000,,,734617000.000000,0.000000,1307119000.000000,-690784000.000000,0.000000,612479000.000000,-345000.000000,0.000000,122483000.000000,0.000000,112122000.000000,112122000.000000,112122000.000000,0.000000,1981000.000000,0.514000,8214000.000000,188724000.000000,9221000.000000,0.485000,1.120000,,,147339000.000000,0.000000,18.320000,,,0.000000,95563000.000000,218276000.000000,218276000.000000,0.000000,,,,,391000.000000,7308000.000000,1.000000,370128832.000000,342900842.000000,343056532.000000,0.637000,10486239000.000000,0.000000,384000.000000,3718000.000000,30.581000
MRQ,2018-06-30,2018-06-30,2018-06-30,2018-Q2,,7639494263.000000,2025-04-30,-4640000.000000,10564703000.000000,,,,,16.461000,-212000.000000,954548000.000000,954548000.000000,23445000.000000,141359000.000000,,0.721000,4120141000.000000,,,4120141000.000000,71961000.000000,922000.000000,0.000000,0.020000,0.263000,190932000.000000,191854000.000000,0.868000,191854000.000000,190932000.000000,139492000.000000,0.380000,0.380000,0.380000,6089609000.000000,,6089609000.000000,10826734263.000000,24.000000,,123968000.000000,0.335000,1.000000,197530000.000000,0.894000,0.000000,51440000.000000,13730296000.000000,,0.000000,9445059000.000000,,,4391760000.000000,,,22525000.000000,0.000000,0.000000,-277000.000000,-59278000.000000,-61537000.000000,-40118000.000000,-39906000.000000,124180000.000000,0.000000,139044000.000000,139044000.000000,139044000.000000,0.000000,2315000.000000,0.629000,8082000.000000,189448000.000000,0.000000,0.692000,1.255000,26.000000,,146629000.000000,0.000000,20.640000,12.108000,12.101000,0.000000,137444000.000000,220975000.000000,220975000.000000,0.000000,,,,,468000.000000,7160000.000000,1.000000,370130536.000000,369932843.000000,369991738.000000,0.597000,10564703000.000000,0.000000,448000.000000,3718000.000000,28.558000
MRQ,2018-09-30,2018-09-30,2018-09-30,2018-Q3,,8002675387.000000,2025-04-30,5465000.000000,10568501000.000000,,,,,16.554000,-1000.000000,145281000.000000,145281000.000000,29646000.000000,132024000.000000,,0.712000,4121153000.000000,,,4121153000.000000,701000.000000,929000.000000,0.000000,0.033000,0.287000,184015000.000000,184944000.000000,0.795000,184944000.000000,184015000.000000,129964000.000000,0.350000,0.350000,0.350000,6123808000.000000,,6123808000.000000,11168268387.000000,17.000000,17.236000,81853000.000000,0.221000,1.000000,203041000.000000,0.873000,0.000000,54051000.000000,14544373000.000000,,0.000000,10211924000.000000,,,4361228000.000000,,,-809267000.000000,0.000000,0.000000,-114000.000000,-97018000.000000,-99113000.000000,-792008000.000000,-788565000.000000,81854000.000000,0.000000,129912000.000000,129912000.000000,129912000.000000,0.000000,2112000.000000,0.558000,18941000.000000,184100000.000000,0.000000,0.820000,1.307000,18.886000,17.296000,168076000.000000,0.000000,21.620000,9.310000,9.305000,0.000000,160915000.000000,232687000.000000,232687000.000000,0.000000,,,,,623000.000000,5678000.000000,1.000000,370151498.000000,369935055.000000,370127185.000000,0.629000,10568501000.000000,0.000000,52000.000000,4004000.000000,28.569000
MRQ,2018-12-31,2018-12-31,2018-12-31,2018-Q4,,6952909841.000000,2025-04-30,-22124000.000000,11333368000.000000,,,,,17.666000,-341000.000000,598447000.000000,598447000.000000,24751000.000000,144630000.000000,,0.650000,4122264000.000000,,,4122264000.000000,43605000.000000,929000.000000,0.000000,0.053000,0.287000,197396000.000000,198325000.000000,0.877000,198325000.000000,197396000.000000,143098000.000000,0.370000,0.370000,0.370000,6817449000.000000,,6817449000.000000,10928781841.000000,15.000000,14.741000,175224000.000000,0.454000,1.000000,201288000.000000,0.891000,0.000000,54298000.000000,14857185000.000000,,0.000000,10523582000.000000,,,4432346000.000000,,,453166000.000000,0.000000,694374000.000000,0.000000,-106386000.000000,586007000.000000,-308406000.000000,-463913000.000000,175565000.000000,0.000000,142541000.000000,142541000.000000,142541000.000000,0.000000,2089000.000000,0.631000,5606000.000000,195682000.000000,0.000000,0.776000,1.020000,13.279000,13.133000,95789000.000000,0.000000,18.780000,7.743000,7.680000,0.000000,187096000.000000,226039000.000000,226039000.000000,0.000000,,,,,860000.000000,4284000.000000,1.000000,370229491.000000,385913506.000000,386140995.000000,0.586000,11333368000.000000,0.000000,557000.000000,0.000000,29.368000
MRQ,2019-03-31,2019-03-31,2019-03-31,2019-Q1,,8855422843.000000,2025-04-30,-39315000.000000,11448671000.000000,,,,,17.160000,-147000.000000,622642000.000000,622642000.000000,4092000.000000,152926000.000000,,0.632000,4123350000.000000,,,4123350000.000000,355000.000000,930000.000000,0.000000,0.051000,0.287000,204956000.000000,205886000.000000,0.962000,205886000.000000,204956000.000000,151370000.000000,0.370000,0.370000,0.370000,6962269000.000000,,6962269000.000000,12379239843.000000,16.000000,15.850000,115495000.000000,0.285000,1.000000,209910000.000000,0.981000,0.000000,53586000.000000,14949379000.000000,,0.000000,10629680000.000000,,,4402783000.000000,,,24195000.000000,0.000000,128085000.000000,0.000000,-116341000.000000,9713000.000000,-101160000.000000,-100528000.000000,115642000.000000,0.000000,150849000.000000,150849000.000000,150849000.000000,0.000000,2077000.000000,0.705000,8044000.000000,201866000.000000,0.000000,0.776000,1.272000,15.747000,14.884000,166486000.000000,0.000000,21.880000,9.909000,9.933000,0.000000,219791000.000000,214002000.000000,214002000.000000,0.000000,,,,,1051000.000000,6225000.000000,1.000000,404726821.000000,405733656.000000,406035025.000000,0.527000,11448671000.000000,0.000000,521000.000000,0.000000,28.217000
MRQ,2019-06-30,2019-06-30,2019-06-30,2019-Q2,,9057814615.000000,2025-04-30,-70003000.000000,12522046000.000000,,,,,19.376000,-290000.000000,1233552000.000000,1233552000.000000,4848000.000000,154127000.000000,,0.557000,4124448000.000000,,,4124448000.000000,5000.000000,1018000.000000,0.000000,0.052000,0.287000,207421000.000000,208439000.000000,0.944000,208439000.000000,207421000.000000,152602000.000000,0.370000,0.370000,0.370000,7988737000.000000,,7988737000.000000,12558522615.000000,16.000000,15.746000,147010000.000000,0.357000,1.000000,215898000.000000,0.978000,0.000000,54819000.000000,15412942000.000000,,0.000000,11081275000.000000,,,4449623000.000000,,,610910000.000000,0.000000,1036923000.000000,-5371000.000000,-118077000.000000,911464000.000000,-447854000.000000,-446944000.000000,147300000.000000,0.000000,152049000.000000,152049000.000000,152049000.000000,0.000000,2078000.000000,0.689000,10403000.000000,205495000.000000,0.000000,0.776000,1.134000,15.743000,15.096000,94711000.000000,0.000000,22.040000,10.138000,10.171000,0.000000,239301000.000000,220746000.000000,220746000.000000,0.000000,,,,,1366000.000000,6518000.000000,1.000000,410971625.000000,412309577.000000,412821400.000000,0.535000,12522046000.000000,0.000000,553000.000000,0.000000,30.370000
MRQ,2019-09-30,2019-09-30,2019-09-30,2019-Q3,,10441780124.000000,2025-04-30,-77116000.000000,12581466000.000000,,,,,17.345000,-1992000.000000,463510000.000000,463510000.000000,5423000.000000,146515000.000000,,0.564000,4125473000.000000,,,4125473000.000000,250000.000000,1000000.000000,0.000000,0.051000,0.297000,212990000.000000,213990000.000000,0.962000,213990000.000000,212990000.000000,144459000.000000,0.310000,0.310000,0.310000,7990314000.000000,,7990314000.000000,13332676124.000000,16.000000,16.129000,172265000.000000,0.374000,1.000000,217090000.000000,0.976000,0.000000,68531000.000000,16243429000.000000,,0.000000,11885325000.000000,,,4507397000.000000,,,-770042000.000000,0.000000,-648000.000000,-2356000.000000,-132441000.000000,-137456000.000000,-806843000.000000,-804996000.000000,174257000.000000,0.000000,144435000.000000,144435000.000000,144435000.000000,0.000000,2080000.000000,0.649000,8710000.000000,208380000.000000,0.000000,0.958000,1.307000,17.702000,15.951000,94711000.000000,0.000000,22.650000,11.821000,11.813000,0.000000,246587000.000000,222513000.000000,222513000.000000,0.000000,,,,,1404000.000000,6717000.000000,1.000000,461005745.000000,460666295.000000,465771668.000000,0.483000,12581466000.000000,0.000000,24000.000000,0.000000,27.311000
MRQ,2019-12-31,2019-12-31,2019-12-31,2019-Q4,,11778725120.000000,2025-04-30,-65078000.000000,13265619000.000000,,,,,17.279000,-295000.000000,1101893000.000000,1101893000.000000,4538000.000000,100713000.000000,,0.655000,4791563000.000000,,,4791563000.000000,70340000.000000,883000.000000,0.000000,0.046000,0.297000,170686000.000000,171569000.000000,0.722000,171569000.000000,170686000.000000,99238000.000000,0.200000,0.200000,0.200000,7965183000.000000,,7965183000.000000,15440688120.000000,19.000000,19.304000,244665000.000000,0.531000,1.000000,232999000.000000,0.981000,0.000000,71448000.000000,16955289000.000000,,0.000000,11880377000.000000,,,5216630000.000000,,,638383000.000000,0.000000,-53000.000000,538128000.000000,-137099000.000000,398945000.000000,-5522000.000000,1467000.000000,244960000.000000,0.000000,98631000.000000,98631000.000000,98631000.000000,0.000000,2082000.000000,0.415000,6241000.000000,226758000.000000,0.000000,1.485000,1.479000,21.574000,20.440000,94711000.000000,0.000000,25.550000,13.164000,12.423000,0.000000,208069000.000000,237537000.000000,237537000.000000,0.000000,,,,,1402000.000000,5109000.000000,1.000000,461006854.000000,460970717.000000,471513346.000000,0.515000,13265619000.000000,0.000000,607000.000000,0.000000,28.778000
MRQ,2020-03-31,2020-03-31,2020-03-31,2020-Q1,,7795699775.000000,2025-04-30,-118216000.000000,14907213000.000000,,,,,16.429000,-1329000.000000,2371084000.000000,2371084000.000000,5073000.000000,-22065000.000000,,0.940000,6754485000.000000,,,6754485000.000000,476000.000000,867000.000000,0.000000,0.071000,0.297000,52535000.000000,53402000.000000,0.209000,53402000.000000,52535000.000000,-23558000.000000,-0.050000,-0.050000,-0.050000,7642568000.000000,,7642568000.000000,11485369775.000000,18.000000,17.741000,136117000.000000,0.293000,1.000000,249928000.000000,0.980000,0.000000,76093000.000000,19290614000.000000,,0.000000,12259911000.000000,,,7183182000.000000,,,1269191000.000000,0.000000,199712000.000000,1910787000.000000,-137133000.000000,1971324000.000000,-839579000.000000,-837560000.000000,137446000.000000,0.000000,-24012000.000000,-24012000.000000,-24012000.000000,0.000000,1947000.000000,-0.094000,161907000.000000,88021000.000000,0.000000,-5.940000,1.020000,21.007000,20.048000,94711000.000000,0.000000,16.640000,8.331000,8.272000,0.000000,-262470000.000000,255001000.000000,255001000.000000,0.000000,,,,,1350000.000000,7015000.000000,1.000000,468491573.000000,465177425.000000,465177425.000000,0.548000,14907213000.000000,0.000000,454000.000000,0.000000,32.046000
MRQ,2020-06-30,2020-06-30,2020-06-30,2020-Q2,,9461402205.000000,2025-04-30,-117265000.000000,16277634000.000000,,,,,18.390000,-858000.000000,3680536000.000000,3680536000.000000,4875000.000000,231643000.000000,,0.801000,6758132000.000000,,,6758132000.000000,358000.000000,1213000.000000,0.000000,0.059000,0.297000,307404000.000000,308617000.000000,1.197000,308617000.000000,307404000.000000,229711000.000000,0.470000,0.470000,0.470000,8992748000.000000,,8992748000.000000,13844803205.000000,19.000000,18.520000,180193000.000000,0.368000,1.000000,253027000.000000,0.981000,0.000000,77693000.000000,19355230000.000000,,0.000000,12321826000.000000,,,7203223000.000000,,,1309452000.000000,0.000000,1276799000.000000,-6109000.000000,-139396000.000000,1129253000.000000,-852000.000000,400000.000000,181051000.000000,0.000000,229402000.000000,229402000.000000,229402000.000000,0.000000,2241000.000000,0.889000,-55609000.000000,308636000.000000,0.000000,0.632000,1.052000,21.098000,21.710000,94711000.000000,0.000000,20.190000,9.724000,10.148000,0.000000,-191835000.000000,257902000.000000,257902000.000000,0.000000,,,,,2011000.000000,7498000.000000,1.000000,468618237.000000,489012165.000000,489213427.000000,0.527000,16277634000.000000,0.000000,309000.000000,0.000000,33.287000
MRQ,2020-09-30,2020-09-30,2020-09-30,2020-Q3,,12471839365.000000,2025-04-30,-104258000.000000,16851830000.000000,,,,,17.420000,-340000.000000,144057000.000000,144057000.000000,11935000.000000,396218000.000000,,0.805000,6761832000.000000,,,6761832000.000000,309000.000000,910000.000000,0.000000,0.052000,0.330000,475305000.000000,476215000.000000,1.402000,476215000.000000,475305000.000000,397906000.000000,0.750000,0.740000,0.750000,9291973000.000000,,9291973000.000000,15549435365.000000,15.000000,15.398000,220684000.000000,0.414000,1.000000,327718000.000000,0.965000,0.000000,77399000.000000,23469605000.000000,,0.000000,16163880000.000000,,,7482291000.000000,,,-3536479000.000000,0.000000,63031000.000000,55396000.000000,-158651000.000000,-41585000.000000,-3715918000.000000,-3746952000.000000,221024000.000000,0.000000,398274000.000000,398274000.000000,398274000.000000,0.000000,-2056000.000000,1.173000,188035000.000000,139683000.000000,0.000000,0.440000,1.342000,17.759000,17.058000,158190000.000000,0.000000,23.370000,11.441000,11.435000,0.000000,29338000.000000,339653000.000000,339653000.000000,0.000000,,,,,2014000.000000,8047000.000000,1.000000,533668779.000000,533407916.000000,536180175.000000,0.637000,16851830000.000000,0.000000,-368000.000000,0.000000,31.593000
MRQ,2020-12-31,2020-12-31,2020-12-31,2020-Q4,,13685077911.000000,2025-04-30,-92521000.000000,17063613000.000000,,,,,17.549000,-241000.000000,315993000.000000,315993000.000000,11542000.000000,290412000.000000,,0.804000,6765532000.000000,,,6765532000.000000,0.000000,741000.000000,0.000000,0.049000,0.330000,365866000.000000,366607000.000000,0.983000,366607000.000000,365866000.000000,288446000.000000,0.540000,0.540000,0.540000,9415839000.000000,,9415839000.000000,20302852911.000000,17.000000,16.851000,343878000.000000,0.641000,1.000000,361476000.000000,0.969000,0.000000,77420000.000000,23513152000.000000,,0.000000,16202900000.000000,,,7569868000.000000,,,171936000.000000,0.000000,-1000.000000,-5000.000000,-177025000.000000,-179773000.000000,7590000.000000,-11665000.000000,344119000.000000,0.000000,288010000.000000,288010000.000000,288010000.000000,0.000000,2402000.000000,0.772000,-6740000.000000,368216000.000000,0.000000,0.611000,1.453000,15.348000,14.489000,158190000.000000,0.000000,25.500000,11.166000,10.531000,0.000000,139454000.000000,373018000.000000,373018000.000000,0.000000,,,,,2013000.000000,8101000.000000,1.000000,536669722.000000,536554018.000000,543688213.000000,0.695000,17063613000.000000,0.000000,436000.000000,0.000000,31.802000
MRQ,2021-03-31,2021-03-31,2021-03-31,2021-Q1,,15155366368.000000,2025-04-30,-80143000.000000,17085001000.000000,,,,,17.748000,-1247000.000000,322530000.000000,322530000.000000,11480000.000000,272099000.000000,,0.786000,6769211000.000000,,,6769211000.000000,493000.000000,792000.000000,0.000000,0.046000,0.330000,347333000.000000,348125000.000000,0.930000,348125000.000000,347333000.000000,270285000.000000,0.500000,0.500000,0.500000,9521559000.000000,,9521559000.000000,21604905368.000000,14.000000,14.407000,154479000.000000,0.288000,1.000000,362830000.000000,0.969000,0.000000,77048000.000000,23531682000.000000,,0.000000,16197808000.000000,,,7485309000.000000,,,6537000.000000,0.000000,-1519000.000000,0.000000,-178008000.000000,-181598000.000000,32409000.000000,34255000.000000,155726000.000000,0.000000,269801000.000000,269801000.000000,269801000.000000,0.000000,2298000.000000,0.721000,13218000.000000,349612000.000000,0.000000,0.660000,1.592000,12.784000,12.496000,158046000.000000,0.000000,28.240000,11.269000,11.265000,0.000000,232038000.000000,374310000.000000,374310000.000000,0.000000,,,,,2277000.000000,8085000.000000,1.000000,536663115.000000,536480505.000000,544801802.000000,0.698000,17085001000.000000,0.000000,484000.000000,0.000000,31.846000
MRQ,2021-06-30,2021-06-30,2021-06-30,2021-Q2,,16658255211.000000,2025-04-30,-70815000.000000,17219548000.000000,,,,,17.993000,1232000.000000,407522000.000000,407522000.000000,12219000.000000,303077000.000000,,0.775000,6772903000.000000,,,6772903000.000000,352000.000000,-729000.000000,0.000000,0.043000,0.330000,381771000.000000,381042000.000000,1.012000,381042000.000000,381771000.000000,301965000.000000,0.560000,0.540000,0.560000,9656640000.000000,,9656640000.000000,23104936211.000000,15.000000,14.698000,252705000.000000,0.471000,1.000000,364181000.000000,0.968000,0.000000,79806000.000000,23584929000.000000,,0.000000,16247763000.000000,,,7484479000.000000,,,86132000.000000,0.000000,1519000.000000,0.000000,178008000.000000,-176545000.000000,11204000.000000,11257000.000000,251473000.000000,0.000000,300709000.000000,300709000.000000,300709000.000000,0.000000,2368000.000000,0.799000,-19928000.000000,384109000.000000,0.000000,0.589000,1.725000,13.255000,13.200000,157365000.000000,0.000000,31.020000,11.383000,11.377000,0.000000,355524000.000000,376400000.000000,376400000.000000,0.000000,,,,,2341000.000000,7628000.000000,1.000000,537016609.000000,536692167.000000,554438981.000000,0.701000,17219548000.000000,0.000000,1256000.000000,0.000000,32.085000
MRQ,2021-09-30,2021-09-30,2021-09-30,2021-Q3,,15257445240.000000,2025-04-30,0.000000,17548804000.000000,,,,,21.706000,0.000000,669514000.000000,669514000.000000,12079000.000000,164184000.000000,,0.450000,4692032000.000000,,,4692032000.000000,461000.000000,29000.000000,0.000000,0.048000,0.360000,327349000.000000,327378000.000000,0.871000,327378000.000000,327349000.000000,162250000.000000,0.290000,0.280000,0.290000,12050107000.000000,,12050107000.000000,21622826240.000000,15.000000,15.194000,197968000.000000,0.357000,1.000000,363625000.000000,0.968000,0.000000,165099000.000000,21571322000.000000,,0.000000,16288505000.000000,,,5420018000.000000,,,259522000.000000,0.000000,0.000000,-2123166000.000000,0.000000,83673000.000000,-22119000.000000,-18601000.000000,197968000.000000,0.000000,161862000.000000,161862000.000000,161862000.000000,0.000000,2322000.000000,0.431000,18358000.000000,345267000.000000,0.000000,1.241000,1.266000,14.953000,15.032000,153576000.000000,0.000000,28.410000,10.175000,10.519000,0.000000,290966000.000000,375704000.000000,375704000.000000,0.000000,,,,,2366000.000000,8379000.000000,1.000000,537044887.000000,555153692.000000,571894545.000000,0.677000,17548804000.000000,0.000000,388000.000000,0.000000,31.611000
MRQ,2021-12-31,2021-12-31,2021-12-31,2021-Q4,,18937565054.000000,2025-04-30,884000.000000,17597373000.000000,,,,,19.240000,-2490000.000000,739614000.000000,739614000.000000,12792000.000000,283798000.000000,,0.447000,4694523000.000000,,,4694523000.000000,0.000000,2999000.000000,0.000000,0.046000,0.360000,352675000.000000,355674000.000000,0.928000,355674000.000000,352675000.000000,282238000.000000,0.450000,0.450000,0.450000,12108268000.000000,,12108268000.000000,22960083054.000000,16.000000,16.258000,288693000.000000,0.459000,1.000000,370362000.000000,0.967000,0.000000,70437000.000000,21552282000.000000,,0.000000,16279490000.000000,,,5410199000.000000,,,71430000.000000,0.000000,2384045000.000000,-7960000.000000,-758790000.000000,-239708000.000000,19955000.000000,24439000.000000,291183000.000000,0.000000,281479000.000000,281479000.000000,281479000.000000,0.000000,2319000.000000,0.735000,15413000.000000,354949000.000000,0.000000,0.800000,1.564000,18.679000,16.728000,153576000.000000,0.000000,30.110000,12.545000,11.259000,0.000000,346026000.000000,383154000.000000,383154000.000000,0.000000,,,,,2387000.000000,9030000.000000,1.000000,628946033.000000,629337883.000000,636924638.000000,0.609000,17597373000.000000,0.000000,759000.000000,0.000000,27.962000
MRQ,2022-03-31,2022-03-31,2022-03-31,2022-Q1,,21299197301.000000,2025-04-30,109495000.000000,21741321000.000000,,,,,22.510000,0.000000,568702000.000000,568702000.000000,13671000.000000,242688000.000000,,0.406000,5297014000.000000,,,5297014000.000000,0.000000,30000.000000,0.000000,0.050000,0.360000,308925000.000000,308955000.000000,0.742000,308955000.000000,308925000.000000,240783000.000000,0.350000,0.350000,0.350000,15404678000.000000,,15404678000.000000,25254106301.000000,18.000000,18.393000,293218000.000000,0.428000,1.000000,402954000.000000,0.967000,0.000000,68142000.000000,26469633000.000000,,0.000000,20277460000.000000,,,6257535000.000000,,,-171759000.000000,0.000000,0.000000,572715000.000000,0.000000,3562814000.000000,-4027791000.000000,-4027655000.000000,293218000.000000,0.000000,240383000.000000,240383000.000000,240383000.000000,0.000000,2305000.000000,0.577000,91817000.000000,311137000.000000,0.000000,1.029000,1.383000,21.636000,17.248000,153576000.000000,0.000000,28.460000,13.725000,12.550000,0.000000,315809000.000000,416625000.000000,416625000.000000,0.000000,,,,,2602000.000000,9466000.000000,1.000000,748390629.000000,684341045.000000,687914683.000000,0.609000,21741321000.000000,0.000000,400000.000000,0.000000,31.770000
MRQ,2022-06-30,2022-06-30,2022-06-30,2022-Q2,,28687832946.000000,2025-04-30,197275000.000000,37289217000.000000,,,,,24.274000,-686000.000000,614001000.000000,614001000.000000,21422000.000000,-58141000.000000,,0.697000,13721500000.000000,,,13721500000.000000,0.000000,1525000.000000,0.000000,0.048000,0.360000,76449000.000000,77974000.000000,0.118000,77974000.000000,76449000.000000,-56679000.000000,-0.060000,-0.060000,-0.060000,21762494000.000000,,21762494000.000000,33416144946.000000,31.000000,31.231000,657230000.000000,0.733000,1.000000,641201000.000000,0.968000,0.000000,133128000.000000,50396716000.000000,,0.000000,35572307000.000000,,,15174330000.000000,,,46146000.000000,-4574436000.000000,3212983000.000000,4281264000.000000,-497188000.000000,4002795000.000000,-4614565000.000000,-32484000.000000,657916000.000000,0.000000,-57706000.000000,-57706000.000000,-57706000.000000,0.000000,-435000.000000,-0.087000,581101000.000000,60100000.000000,0.000000,-6.000000,1.318000,45.826000,28.922000,153576000.000000,0.000000,29.790000,15.607000,14.530000,0.000000,-88610000.000000,662623000.000000,662623000.000000,0.000000,,,,,3264000.000000,11782000.000000,1.000000,963002113.000000,896545880.000000,896545880.000000,0.739000,37289217000.000000,0.000000,1027000.000000,0.000000,41.592000
MRQ,2022-09-30,2022-09-30,2022-09-30,2022-Q3,,28748338706.000000,2025-04-30,191314000.000000,37307982000.000000,,,,,22.554000,-472000.000000,518383000.000000,518383000.000000,23048000.000000,336878000.000000,,0.702000,13730503000.000000,,,13730503000.000000,0.000000,816000.000000,0.000000,0.049000,0.390000,500676000.000000,501492000.000000,0.667000,501492000.000000,500676000.000000,331322000.000000,0.340000,0.340000,0.340000,21709579000.000000,,21709579000.000000,41855837706.000000,34.000000,33.644000,503871000.000000,0.523000,1.000000,728495000.000000,0.969000,0.000000,169354000.000000,50520102000.000000,,0.000000,35703958000.000000,,,15245685000.000000,,,-95618000.000000,-100000.000000,0.000000,-155000.000000,-346518000.000000,-353219000.000000,-246742000.000000,-246464000.000000,504343000.000000,0.000000,330905000.000000,330905000.000000,330905000.000000,0.000000,5973000.000000,0.440000,247589000.000000,480906000.000000,0.000000,1.147000,1.324000,36.159000,27.639000,153560000.000000,0.000000,29.850000,12.985000,12.978000,0.000000,-133311000.000000,751543000.000000,751543000.000000,0.000000,,,,,3493000.000000,12063000.000000,1.000000,963093424.000000,962573646.000000,964134340.000000,0.781000,37307982000.000000,0.000000,417000.000000,0.000000,38.759000
MRQ,2022-12-31,2022-12-31,2022-12-31,2022-Q4,,31204370275.000000,2025-04-30,185353000.000000,37575826000.000000,,,,,22.764000,-718000.000000,208933000.000000,208933000.000000,24090000.000000,614842000.000000,,0.697000,13739675000.000000,,,13739675000.000000,0.000000,811000.000000,0.000000,0.046000,0.390000,774414000.000000,775225000.000000,1.007000,775225000.000000,774414000.000000,605085000.000000,0.660000,0.670000,0.660000,21933637000.000000,,21933637000.000000,44416490275.000000,27.000000,26.698000,487201000.000000,0.506000,1.000000,745816000.000000,0.969000,0.000000,169329000.000000,51106568000.000000,,0.000000,36277005000.000000,,,15285713000.000000,,,-309450000.000000,0.000000,-38000.000000,-13000.000000,-375411000.000000,-382453000.000000,-414916000.000000,-413295000.000000,487919000.000000,0.000000,604053000.000000,604053000.000000,604053000.000000,0.000000,10789000.000000,0.785000,-11838000.000000,757654000.000000,0.000000,0.591000,1.423000,27.920000,25.512000,153560000.000000,0.000000,32.400000,11.998000,10.932000,0.000000,93154000.000000,769906000.000000,769906000.000000,0.000000,,,,,3627000.000000,15029000.000000,1.000000,963097848.000000,963515481.000000,966234269.000000,0.799000,37575826000.000000,0.000000,1032000.000000,0.000000,38.999000
MRQ,2023-03-31,2023-03-31,2023-03-31,2023-Q1,,32739870312.000000,2025-04-30,170441000.000000,41852813000.000000,,,,,23.276000,-988000.000000,247673000.000000,247673000.000000,24291000.000000,527861000.000000,,0.780000,16606240000.000000,,,16606240000.000000,0.000000,814000.000000,0.000000,0.047000,0.390000,724187000.000000,725001000.000000,0.826000,725001000.000000,724187000.000000,519827000.000000,0.520000,0.520000,0.520000,23311246000.000000,,23311246000.000000,46270612312.000000,22.000000,22.249000,521045000.000000,0.520000,1.000000,853356000.000000,0.972000,0.000000,204360000.000000,58211380000.000000,,0.000000,40517531000.000000,,,18178278000.000000,,,38740000.000000,-1266905000.000000,1267675000.000000,102704000.000000,-382612000.000000,985489000.000000,-1468856000.000000,-200743000.000000,522033000.000000,74000.000000,518740000.000000,518740000.000000,518740000.000000,0.000000,9121000.000000,0.591000,126338000.000000,727018000.000000,0.000000,0.750000,1.404000,23.453000,22.342000,153560000.000000,0.000000,32.620000,10.693000,10.670000,0.000000,220254000.000000,877647000.000000,877647000.000000,0.000000,,,,,3467000.000000,15005000.000000,1.000000,1003674749.000000,1001526645.000000,1003831325.000000,0.876000,41852813000.000000,0.000000,1087000.000000,0.000000,41.789000
MRQ,2023-06-30,2023-06-30,2023-06-30,2023-Q2,,31563215741.000000,2025-04-30,173670000.000000,42250610000.000000,,,,,23.554000,-329000.000000,738793000.000000,738793000.000000,25115000.000000,701581000.000000,,0.766000,16624197000.000000,,,16624197000.000000,0.000000,887000.000000,0.000000,0.050000,0.390000,896195000.000000,897082000.000000,0.999000,897082000.000000,896195000.000000,692601000.000000,0.690000,0.690000,0.690000,23716716000.000000,,23716716000.000000,47921782741.000000,17.000000,16.532000,530049000.000000,0.526000,1.000000,873043000.000000,0.972000,0.000000,203594000.000000,58136014000.000000,,0.000000,40426951000.000000,,,18166035000.000000,,,491120000.000000,0.000000,101105000.000000,0.000000,-396297000.000000,-297470000.000000,258094000.000000,252459000.000000,530378000.000000,118000.000000,690702000.000000,690702000.000000,690702000.000000,0.000000,10879000.000000,0.769000,-24771000.000000,897814000.000000,0.000000,0.565000,1.331000,14.719000,14.222000,150727000.000000,0.000000,31.430000,9.573000,9.598000,0.000000,518059000.000000,898158000.000000,898158000.000000,0.000000,,,,,4031000.000000,14920000.000000,1.000000,1004238490.000000,1006893810.000000,1007968422.000000,0.892000,42250610000.000000,0.000000,1899000.000000,0.000000,41.961000
MRQ,2023-09-30,2023-09-30,2023-09-30,2023-Q3,,29490759165.000000,2025-04-30,186241000.000000,42832149000.000000,,,,,23.855000,-577000.000000,510884000.000000,510884000.000000,24511000.000000,565459000.000000,,0.757000,16692728000.000000,,,16692728000.000000,0.000000,1011000.000000,0.000000,0.054000,0.415000,761900000.000000,762911000.000000,0.844000,762911000.000000,761900000.000000,556973000.000000,0.550000,0.550000,0.550000,24164951000.000000,,24164951000.000000,45376163165.000000,14.000000,14.359000,551529000.000000,0.544000,1.000000,879807000.000000,0.973000,0.000000,204927000.000000,59013993000.000000,,0.000000,41200866000.000000,,,18296467000.000000,,,-227909000.000000,0.000000,298671000.000000,55500000.000000,-382855000.000000,-45578000.000000,-734123000.000000,-733278000.000000,552106000.000000,-314000.000000,556329000.000000,556329000.000000,556329000.000000,0.000000,9130000.000000,0.615000,114996000.000000,764811000.000000,0.000000,0.755000,1.220000,12.444000,12.025000,150727000.000000,0.000000,29.100000,8.548000,8.544000,0.000000,652402000.000000,904318000.000000,904318000.000000,0.000000,,,,,4019000.000000,14422000.000000,1.000000,1013428150.000000,1012986784.000000,1013589640.000000,0.893000,42832149000.000000,0.000000,644000.000000,0.000000,42.283000
MRQ,2023-12-31,2023-12-31,2023-12-31,2023-Q4,,32980883507.000000,2025-04-30,153870000.000000,44059841000.000000,,,,,24.361000,-2141000.000000,522574000.000000,522574000.000000,26498000.000000,759721000.000000,,0.729000,16724125000.000000,,,16724125000.000000,0.000000,1586000.000000,0.000000,0.051000,0.415000,943173000.000000,944759000.000000,1.014000,944759000.000000,943173000.000000,737998000.000000,0.730000,0.720000,0.730000,25255931000.000000,,25255931000.000000,49162727507.000000,15.000000,14.765000,574351000.000000,0.554000,1.000000,905367000.000000,0.972000,0.000000,205175000.000000,60261392000.000000,,0.000000,42371210000.000000,,,18402067000.000000,,,11690000.000000,0.000000,807688000.000000,10839000.000000,-422076000.000000,389349000.000000,-954210000.000000,-951360000.000000,576492000.000000,59000.000000,747769000.000000,747769000.000000,747769000.000000,0.000000,11952000.000000,0.802000,-41821000.000000,947188000.000000,0.000000,0.568000,1.306000,13.121000,12.855000,150727000.000000,0.000000,31.880000,9.131000,8.954000,0.000000,965762000.000000,931865000.000000,931865000.000000,0.000000,,,,,4019000.000000,15256000.000000,1.000000,1034532105.000000,1036722576.000000,1037794432.000000,0.899000,44059841000.000000,0.000000,-9771000.000000,0.000000,42.499000
MRQ,2024-03-31,2024-03-31,2024-03-31,2024-Q1,,31061423050.000000,2025-04-30,156640000.000000,44157873000.000000,,,,,24.381000,-1998000.000000,485318000.000000,485318000.000000,25823000.000000,599803000.000000,,0.722000,16711739000.000000,,,16711739000.000000,0.000000,288000.000000,0.000000,0.055000,0.415000,796460000.000000,796748000.000000,0.837000,796748000.000000,796460000.000000,591578000.000000,0.570000,0.570000,0.570000,25414824000.000000,,25414824000.000000,47262974050.000000,14.000000,13.895000,539014000.000000,0.517000,1.000000,925658000.000000,0.973000,0.000000,204882000.000000,60384294000.000000,,0.000000,42507115000.000000,,,18339315000.000000,,,-39571000.000000,0.000000,-4996000.000000,-24267000.000000,0.000000,-471781000.000000,-108748000.000000,-106308000.000000,541012000.000000,-54000.000000,590016000.000000,590016000.000000,590016000.000000,0.000000,9787000.000000,0.620000,124704000.000000,800954000.000000,0.000000,0.728000,1.222000,12.017000,11.728000,150727000.000000,0.000000,29.790000,8.427000,8.425000,0.000000,1122878000.000000,951481000.000000,951481000.000000,0.000000,,,,,3793000.000000,16192000.000000,1.000000,1042679525.000000,1042404634.000000,1043311636.000000,0.913000,44157873000.000000,0.000000,1562000.000000,0.000000,42.362000
MRQ,2024-06-30,2024-06-30,2024-06-30,2024-Q2,,29876720766.000000,2025-04-30,148211000.000000,44511250000.000000,,,,,24.667000,-2666000.000000,347160000.000000,347160000.000000,26136000.000000,752753000.000000,,0.715000,16727361000.000000,,,16727361000.000000,0.000000,992000.000000,0.000000,0.058000,0.415000,950313000.000000,951305000.000000,0.994000,951305000.000000,950313000.000000,744536000.000000,0.710000,0.710000,0.710000,25718896000.000000,,25718896000.000000,46103141766.000000,13.000000,13.341000,611944000.000000,0.587000,1.000000,930867000.000000,0.973000,0.000000,205777000.000000,60891451000.000000,,0.000000,42988645000.000000,,,18384937000.000000,,,-138158000.000000,0.000000,-336000.000000,-239000.000000,-432812000.000000,-441155000.000000,-311874000.000000,-310527000.000000,614610000.000000,261000.000000,741302000.000000,741302000.000000,741302000.000000,0.000000,11451000.000000,0.775000,-25981000.000000,956848000.000000,0.000000,0.585000,1.162000,11.337000,11.188000,150727000.000000,0.000000,28.640000,7.978000,7.974000,0.000000,1431264000.000000,957003000.000000,957003000.000000,0.000000,,,,,4579000.000000,15768000.000000,1.000000,1043181591.000000,1042650713.000000,1042959627.000000,0.918000,44511250000.000000,0.000000,3234000.000000,0.000000,42.690000
MRQ,2024-09-30,2024-09-30,2024-09-30,2024-Q3,,34881324236.000000,2025-04-30,141705000.000000,44918106000.000000,,,,,24.948000,-1366000.000000,355667000.000000,355667000.000000,26139000.000000,744481000.000000,,0.704000,16743584000.000000,,,16743584000.000000,0.000000,1008000.000000,0.000000,0.050000,0.432000,942676000.000000,943684000.000000,0.978000,943684000.000000,942676000.000000,735359000.000000,0.700000,0.700000,0.700000,26111294000.000000,,26111294000.000000,51261525236.000000,14.000000,14.096000,577686000.000000,0.552000,1.000000,938530000.000000,0.973000,0.000000,207317000.000000,61306023000.000000,,0.000000,43390517000.000000,,,18395034000.000000,,,8507000.000000,0.000000,115103000.000000,-3930000.000000,-432694000.000000,-329291000.000000,-241572000.000000,-238190000.000000,579052000.000000,318000.000000,732898000.000000,732898000.000000,732898000.000000,0.000000,11583000.000000,0.760000,-12996000.000000,951526000.000000,0.000000,0.617000,1.336000,12.405000,12.292000,150727000.000000,0.000000,33.310000,9.167000,9.162000,0.000000,1711277000.000000,964669000.000000,964669000.000000,0.000000,,,,,4601000.000000,16458000.000000,1.000000,1047172748.000000,1046626838.000000,1048338348.000000,0.922000,44918106000.000000,0.000000,2461000.000000,0.000000,42.917000
MRQ,2024-12-31,2024-12-31,2024-12-31,2024-Q4,,30792426775.000000,2025-04-30,144574000.000000,45368940000.000000,,,,,25.150000,-1084000.000000,524615000.000000,524615000.000000,26219000.000000,624205000.000000,,0.694000,16732889000.000000,,,16732889000.000000,0.000000,992000.000000,0.000000,0.058000,0.432000,825162000.000000,826154000.000000,0.846000,826154000.000000,825162000.000000,617041000.000000,0.580000,0.580000,0.580000,26537955000.000000,,26537955000.000000,47180343775.000000,13.000000,13.408000,643013000.000000,0.609000,1.000000,949833000.000000,0.973000,0.000000,208121000.000000,61577214000.000000,,0.000000,43662954000.000000,,,18417139000.000000,,,168948000.000000,0.000000,263575000.000000,-17805000.000000,-452674000.000000,-214894000.000000,-260175000.000000,-255330000.000000,644097000.000000,-80000.000000,614594000.000000,614594000.000000,614594000.000000,0.000000,9611000.000000,0.630000,118950000.000000,830883000.000000,0.000000,0.745000,1.160000,11.495000,11.410000,150727000.000000,0.000000,29.210000,8.000000,7.943000,0.000000,1867400000.000000,976052000.000000,976052000.000000,0.000000,,,,,4538000.000000,20691000.000000,1.000000,1054174145.000000,1055193168.000000,1056008040.000000,0.925000,45368940000.000000,0.000000,2447000.000000,0.000000,42.996000
MRQ,2025-03-31,2025-03-31,2025-03-31,2025-Q1,,34457782779.000000,2025-04-30,132452000.000000,45526064000.000000,,,,,25.198000,-25000.000000,334317000.000000,334317000.000000,25865000.000000,552265000.000000,,0.695000,16847001000.000000,,,16847001000.000000,0.000000,129000.000000,0.000000,0.052000,0.432000,750402000.000000,750531000.000000,0.763000,750531000.000000,750402000.000000,541151000.000000,0.510000,0.510000,0.510000,26609169000.000000,,26609169000.000000,50666056779.000000,15.000000,14.594000,587288000.000000,0.556000,1.000000,958339000.000000,0.974000,0.000000,209251000.000000,62038748000.000000,,0.000000,43998224000.000000,,,18503399000.000000,,,-129216000.000000,0.000000,-7177000.000000,77427000.000000,0.000000,-331265000.000000,-385450000.000000,-385302000.000000,587313000.000000,186000.000000,543607000.000000,543607000.000000,543607000.000000,0.000000,8658000.000000,0.552000,202976000.000000,755363000.000000,0.000000,0.847000,1.295000,13.090000,13.048000,150727000.000000,0.000000,32.620000,8.876000,8.874000,0.000000,1954124000.000000,984204000.000000,984204000.000000,0.000000,,,,,2904000.000000,14860000.000000,1.000000,1056339141.000000,1056012414.000000,1056432790.000000,0.932000,45526064000.000000,0.000000,-2456000.000000,0.000000,43.111000
MRT,2014-12-31,2014-12-31,2014-12-31,2014-Q4,,,2025-04-30,,,,,,,,-17000.000000,,,10936000.000000,4000.000000,,,,,,,,2904000.000000,,,0.000000,39000.000000,2943000.000000,0.156000,2943000.000000,39000.000000,0.000000,,,,,,,,,,3056000.000000,,1.000000,7972000.000000,0.422000,,39000.000000,,,,,,,,,,94000.000000,0.000000,0.000000,-226000.000000,0.000000,-2968000.000000,-11000.000000,0.000000,3073000.000000,0.000000,4000.000000,4000.000000,4000.000000,0.000000,0.000000,0.000000,7933000.000000,39000.000000,,,,,,,0.000000,,,,,,18908000.000000,18908000.000000,0.000000,,,,0.002000,0.000000,1898000.000000,1.000000,,,,,,,-4000.000000,,
MRT,2015-12-31,2015-12-31,2015-12-31,2015-Q4,-182000.000000,,2025-04-30,0.000000,92034000.000000,,1042000.000000,90992000.000000,,,-798000.000000,351000.000000,351000.000000,10284000.000000,3000.000000,0.851000,0.078000,332000.000000,51000.000000,281000.000000,332000.000000,0.000000,2882000.000000,0.000000,,0.000000,18000.000000,2900000.000000,0.160000,2900000.000000,18000.000000,0.000000,,,,85375000.000000,,85375000.000000,,,,2090000.000000,,1.000000,7793000.000000,0.431000,0.000000,18000.000000,90791000.000000,,442000.000000,0.000000,0.000000,0.000000,6659000.000000,1224000.000000,5435000.000000,130000.000000,0.000000,0.000000,-45000.000000,0.000000,-2026000.000000,-732000.000000,0.000000,2888000.000000,0.000000,3000.000000,3000.000000,3000.000000,0.000000,0.000000,0.000000,7775000.000000,18000.000000,342000.000000,,,,,90992000.000000,0.000000,,,,183000.000000,52000.000000,18077000.000000,18077000.000000,0.000000,,,,0.001000,0.000000,1760000.000000,1.000000,,,,,92034000.000000,0.000000,-3000.000000,5154000.000000,
MRT,2016-09-30,2016-09-30,2016-09-30,2016-Q3,,,2025-04-30,,,,,,,,,,,,,,,,,,,,,,,0.000000,,,,,,,,,,,,,,,,,,1.000000,,,,,,,,,,,,,,,,,,,,,,,,,,,,,,,,,,,,,,,,,,,,,,,,,,,,,1.000000,,,,,,,,,
MRT,2016-12-31,2016-12-31,2016-12-31,2016-Q4,620000.000000,,2025-04-30,0.000000,90475000.000000,91254500.000000,1644000.000000,88831000.000000,0.206000,0.342000,-869000.000000,920000.000000,920000.000000,10601000.000000,0.000000,1.605000,0.075000,279000.000000,14000.000000,265000.000000,279000.000000,0.000000,3030000.000000,0.000000,,0.000000,7000.000000,3037000.000000,0.162000,3037000.000000,7000.000000,0.000000,,,,84143000.000000,84759000.000000,84143000.000000,,,,1852000.000000,0.008000,1.000000,8184000.000000,0.436000,0.000000,7000.000000,88810000.000000,89800500.000000,371000.000000,0.000000,0.000000,0.000000,6332000.000000,1024000.000000,5308000.000000,569000.000000,0.000000,0.000000,-51000.000000,0.000000,-1283000.000000,-869000.000000,0.000000,2721000.000000,0.000000,0.000000,0.000000,0.000000,0.000000,0.000000,0.000000,8177000.000000,7000.000000,305000.000000,,,,,88831000.000000,0.000000,,,,77000.000000,52000.000000,18785000.000000,18785000.000000,0.000000,0.000000,0.000000,0.000000,0.000000,0.000000,2009000.000000,1.000000,246224886.000000,246224886.000000,,0.076000,90475000.000000,0.000000,0.000000,5043000.000000,0.367000
MRT,2017-09-30,2017-09-30,2017-09-30,2017-Q3,-60000.000000,,2025-04-30,0.000000,89250000.000000,,903000.000000,88347000.000000,,0.337000,,84000.000000,84000.000000,,,0.938000,0.075000,249000.000000,0.000000,249000.000000,249000.000000,0.000000,,0.000000,,0.000000,,,,,,,,,,82995000.000000,,82995000.000000,,,,,,1.000000,,,0.000000,,88452000.000000,,528000.000000,0.000000,0.000000,0.000000,6255000.000000,963000.000000,5292000.000000,,,,,,,,,,,,,,,,,,,194000.000000,,,,,88347000.000000,,,,,206000.000000,52000.000000,,,,,,,,,,1.000000,246224886.000000,246224886.000000,,,89250000.000000,0.000000,,5043000.000000,0.362000
MRT,2017-12-31,2017-12-31,2017-12-31,2017-Q4,,,2025-04-30,0.000000,9739712000.000000,4915093500.000000,,,,20.592000,,197406000.000000,197406000.000000,,,,1.058000,4785756000.000000,,,4785756000.000000,68117000.000000,,0.000000,,0.000000,,,,,,,,,,4691489000.000000,2387816000.000000,4691489000.000000,,,,,,1.000000,,,0.000000,,14328062000.000000,7208436000.000000,0.000000,9379043000.000000,,,4963348000.000000,,,,,,,,,,,,,,,,,,,,,0.000000,,,,,147900000.000000,,,,,0.000000,42662000.000000,,,,,,,,,,1.000000,246224886.000000,227828844.000000,,,9739712000.000000,0.000000,,0.000000,42.750000
MRT,2018-03-31,2018-03-31,2018-03-31,2018-Q1,,6780760202.000000,2025-04-30,0.000000,10486239000.000000,,,,,17.649000,,932023000.000000,932023000.000000,,,,0.719000,4119263000.000000,,,4119263000.000000,60929000.000000,,0.000000,0.009000,0.160000,,,,,,,,,,6051900000.000000,,6051900000.000000,11369110202.000000,,,,,1.000000,,,0.000000,,13673479000.000000,,0.000000,9391957000.000000,,,4351339000.000000,,,,,,,,,,,,,,,,,,,,,9221000.000000,,1.120000,,,147339000.000000,,18.320000,,,0.000000,95563000.000000,,,,,,,,,,1.000000,370128832.000000,342900842.000000,,,10486239000.000000,0.000000,,3718000.000000,30.581000
MRT,2018-06-30,2018-06-30,2018-06-30,2018-Q2,,7639494263.000000,2025-04-30,-4640000.000000,10564703000.000000,7719976000.000000,,,0.082000,16.461000,,954548000.000000,954548000.000000,70348000.000000,299999000.000000,,0.721000,4120141000.000000,,,4120141000.000000,71961000.000000,,0.000000,0.020000,0.422000,460428000.000000,,,,460428000.000000,292759000.000000,,,,6089609000.000000,4228998250.000000,6089609000.000000,10826734263.000000,24.000000,,,,1.000000,560614000.000000,0.889000,0.000000,167669000.000000,13730296000.000000,10455072250.000000,0.000000,9445059000.000000,,,4391760000.000000,,,,,,,,,,,,,293828000.000000,293828000.000000,293828000.000000,0.000000,6171000.000000,0.466000,38246000.000000,522368000.000000,0.000000,,1.255000,26.000000,,146629000.000000,0.000000,20.640000,12.108000,12.101000,0.000000,137444000.000000,630962000.000000,630962000.000000,0.000000,0.038000,0.069000,0.044000,0.730000,,24700000.000000,1.000000,370130536.000000,369932843.000000,,1.706000,10564703000.000000,0.000000,-1069000.000000,3718000.000000,28.558000
MRT,2018-09-30,2018-09-30,2018-09-30,2018-Q3,,8002675387.000000,2025-04-30,5465000.000000,10568501000.000000,10339788750.000000,,,0.083000,16.554000,-609000.000000,145281000.000000,145281000.000000,98113000.000000,432023000.000000,,0.712000,4121153000.000000,,,4121153000.000000,701000.000000,3508000.000000,0.000000,0.033000,0.710000,644443000.000000,647951000.000000,0.754000,647951000.000000,644443000.000000,422723000.000000,1.250000,1.250000,1.250000,6123808000.000000,5739201500.000000,6123808000.000000,11168268387.000000,17.000000,17.236000,457348000.000000,1.236000,1.000000,761434000.000000,0.886000,0.000000,221720000.000000,14544373000.000000,14069052500.000000,0.000000,10211924000.000000,,,4361228000.000000,,,89510000.000000,0.000000,2270901000.000000,-580111000.000000,-156296000.000000,1600275000.000000,-1968722000.000000,-1964671000.000000,457957000.000000,0.000000,423740000.000000,423740000.000000,423740000.000000,0.000000,8283000.000000,0.493000,54966000.000000,706468000.000000,0.000000,0.568000,1.307000,18.886000,17.296000,168076000.000000,0.000000,21.620000,9.310000,9.305000,0.000000,160915000.000000,859547000.000000,859547000.000000,0.000000,0.041000,0.074000,0.046000,0.750000,2867000.000000,30085000.000000,1.000000,370151498.000000,369935055.000000,370127185.000000,2.324000,10568501000.000000,0.000000,-1017000.000000,4004000.000000,28.569000
MRT,2018-12-31,2018-12-31,2018-12-31,2018-Q4,,6952909841.000000,2025-04-30,-22124000.000000,11333368000.000000,10738202750.000000,,,0.084000,18.565000,-899000.000000,598447000.000000,598447000.000000,99181000.000000,532117000.000000,,0.650000,4122264000.000000,,,4122264000.000000,43605000.000000,3686000.000000,0.000000,0.053000,0.997000,737723000.000000,741409000.000000,0.826000,741409000.000000,737723000.000000,525060000.000000,1.430000,1.430000,1.430000,6817449000.000000,6270691500.000000,6817449000.000000,10928781841.000000,15.000000,14.741000,503183000.000000,1.370000,1.000000,798796000.000000,0.890000,0.000000,212663000.000000,14857185000.000000,14201333250.000000,0.000000,10523582000.000000,,,4432346000.000000,,,401041000.000000,0.000000,2001493000.000000,-691175000.000000,-262682000.000000,1037836000.000000,-1140877000.000000,-1292384000.000000,504082000.000000,0.000000,523619000.000000,523619000.000000,523619000.000000,0.000000,8498000.000000,0.583000,40842000.000000,757954000.000000,0.000000,0.697000,1.020000,13.279000,13.133000,95789000.000000,0.000000,18.780000,7.743000,7.680000,0.000000,187096000.000000,897977000.000000,897977000.000000,0.000000,0.049000,0.084000,0.052000,0.822000,2342000.000000,24429000.000000,1.000000,370229491.000000,367226395.000000,367316901.000000,2.445000,11333368000.000000,0.000000,1441000.000000,0.000000,30.862000
MRT,2019-03-31,2019-03-31,2019-03-31,2019-Q1,,8855422843.000000,2025-04-30,-39315000.000000,11448671000.000000,10978810750.000000,,,0.081000,17.160000,-701000.000000,622642000.000000,622642000.000000,81934000.000000,570939000.000000,,0.632000,4123350000.000000,,,4123350000.000000,355000.000000,3710000.000000,0.000000,0.051000,1.125000,777299000.000000,781009000.000000,0.874000,781009000.000000,777299000.000000,563924000.000000,1.470000,1.470000,1.470000,6962269000.000000,6498283750.000000,6962269000.000000,12379239843.000000,16.000000,15.850000,496540000.000000,1.224000,1.000000,811769000.000000,0.908000,0.000000,213375000.000000,14949379000.000000,14520308250.000000,0.000000,10629680000.000000,,,4402783000.000000,,,-309381000.000000,0.000000,822459000.000000,-391000.000000,-379023000.000000,435070000.000000,-1241692000.000000,-1392912000.000000,497241000.000000,0.000000,562346000.000000,562346000.000000,562346000.000000,0.000000,8593000.000000,0.629000,40673000.000000,771096000.000000,0.000000,0.765000,1.272000,15.747000,14.884000,166486000.000000,0.000000,21.880000,9.909000,9.933000,0.000000,219791000.000000,893703000.000000,893703000.000000,0.000000,0.051000,0.087000,0.054000,0.870000,3002000.000000,23347000.000000,1.000000,404726821.000000,405733656.000000,406035025.000000,2.203000,11448671000.000000,0.000000,1578000.000000,0.000000,28.217000
MRT,2019-06-30,2019-06-30,2019-06-30,2019-Q2,,9057814615.000000,2025-04-30,-70003000.000000,12522046000.000000,11468146500.000000,,,0.078000,19.376000,-779000.000000,1233552000.000000,1233552000.000000,63337000.000000,583707000.000000,,0.557000,4124448000.000000,,,4124448000.000000,5000.000000,3806000.000000,0.000000,0.052000,1.150000,793788000.000000,797594000.000000,0.893000,797594000.000000,793788000.000000,577034000.000000,1.460000,1.460000,1.460000,7988737000.000000,6973065750.000000,7988737000.000000,12558522615.000000,16.000000,15.746000,519582000.000000,1.260000,1.000000,830137000.000000,0.929000,0.000000,216754000.000000,15412942000.000000,14940969750.000000,0.000000,11081275000.000000,,,4449623000.000000,,,279004000.000000,0.000000,1859382000.000000,-5485000.000000,-437822000.000000,1408071000.000000,-1649428000.000000,-1799950000.000000,520361000.000000,0.000000,575351000.000000,575351000.000000,575351000.000000,0.000000,8356000.000000,0.644000,42994000.000000,787143000.000000,0.000000,0.788000,1.134000,15.743000,15.096000,94711000.000000,0.000000,22.040000,10.138000,10.171000,0.000000,239301000.000000,893474000.000000,893474000.000000,0.000000,0.050000,0.083000,0.053000,0.888000,3900000.000000,22705000.000000,1.000000,410971625.000000,412309577.000000,412821400.000000,2.167000,12522046000.000000,0.000000,1683000.000000,0.000000,30.370000
MRT,2019-09-30,2019-09-30,2019-09-30,2019-Q3,,10441780124.000000,2025-04-30,-77116000.000000,12581466000.000000,11971387750.000000,,,0.074000,17.345000,-2770000.000000,463510000.000000,463510000.000000,39114000.000000,598198000.000000,,0.564000,4125473000.000000,,,4125473000.000000,250000.000000,3877000.000000,0.000000,0.051000,1.160000,822763000.000000,826640000.000000,0.936000,826640000.000000,822763000.000000,591529000.000000,1.420000,1.420000,1.420000,7990314000.000000,7439692250.000000,7990314000.000000,13332676124.000000,16.000000,16.129000,609994000.000000,1.324000,1.000000,844186000.000000,0.956000,0.000000,231234000.000000,16243429000.000000,15365733750.000000,0.000000,11885325000.000000,,,4507397000.000000,,,318229000.000000,0.000000,1858734000.000000,-7727000.000000,-473245000.000000,1369728000.000000,-1664263000.000000,-1816381000.000000,612764000.000000,0.000000,589874000.000000,589874000.000000,589874000.000000,0.000000,8324000.000000,0.668000,32763000.000000,811423000.000000,0.000000,0.817000,1.307000,17.702000,15.951000,94711000.000000,0.000000,22.650000,11.821000,11.813000,0.000000,246587000.000000,883300000.000000,883300000.000000,0.000000,0.049000,0.079000,0.054000,0.931000,4681000.000000,23744000.000000,1.000000,461005745.000000,460666295.000000,465771668.000000,1.917000,12581466000.000000,0.000000,1655000.000000,0.000000,27.311000
MRT,2019-12-31,2019-12-31,2019-12-31,2019-Q4,,11778725120.000000,2025-04-30,-65078000.000000,13265619000.000000,12454450500.000000,,,0.072000,18.308000,-2724000.000000,1101893000.000000,1101893000.000000,18901000.000000,554281000.000000,,0.655000,4791563000.000000,,,4791563000.000000,70340000.000000,3831000.000000,0.000000,0.046000,1.170000,796053000.000000,799884000.000000,0.894000,799884000.000000,796053000.000000,547669000.000000,1.250000,1.240000,1.250000,7965183000.000000,7726625750.000000,7965183000.000000,15440688120.000000,19.000000,19.304000,679435000.000000,1.562000,1.000000,875897000.000000,0.979000,0.000000,248384000.000000,16955289000.000000,15890259750.000000,0.000000,11880377000.000000,,,5216630000.000000,,,503446000.000000,0.000000,1164307000.000000,530401000.000000,-503958000.000000,1182666000.000000,-1361379000.000000,-1351001000.000000,682159000.000000,0.000000,545964000.000000,545964000.000000,545964000.000000,0.000000,8317000.000000,0.610000,33398000.000000,842499000.000000,0.000000,0.936000,1.479000,21.574000,20.440000,94711000.000000,0.000000,25.550000,13.164000,12.423000,0.000000,208069000.000000,894798000.000000,894798000.000000,0.000000,0.044000,0.071000,0.050000,0.890000,5223000.000000,24569000.000000,1.000000,461006854.000000,435071096.000000,439152946.000000,2.057000,13265619000.000000,0.000000,1705000.000000,0.000000,30.491000
MRT,2020-03-31,2020-03-31,2020-03-31,2020-Q1,,7795699775.000000,2025-04-30,-118216000.000000,14907213000.000000,13319086000.000000,,,0.070000,16.429000,-3906000.000000,2371084000.000000,2371084000.000000,19882000.000000,379290000.000000,,0.940000,6754485000.000000,,,6754485000.000000,476000.000000,3768000.000000,0.000000,0.071000,1.180000,643632000.000000,647400000.000000,0.692000,647400000.000000,643632000.000000,372741000.000000,0.830000,0.830000,0.830000,7642568000.000000,7896700500.000000,7642568000.000000,11485369775.000000,18.000000,17.741000,700057000.000000,1.505000,1.000000,915915000.000000,0.979000,0.000000,270891000.000000,19290614000.000000,16975568500.000000,0.000000,12259911000.000000,,,7183182000.000000,,,1748442000.000000,0.000000,1235934000.000000,2441188000.000000,-524750000.000000,3144277000.000000,-2099798000.000000,-2088033000.000000,703963000.000000,0.000000,371103000.000000,371103000.000000,371103000.000000,0.000000,8187000.000000,0.397000,187261000.000000,728654000.000000,0.000000,1.422000,1.020000,21.007000,20.048000,94711000.000000,0.000000,16.640000,8.331000,8.272000,0.000000,-262470000.000000,935797000.000000,935797000.000000,0.000000,0.028000,0.047000,0.038000,0.688000,5522000.000000,25359000.000000,1.000000,468491573.000000,465177425.000000,465177425.000000,2.012000,14907213000.000000,0.000000,1638000.000000,0.000000,32.046000
MRT,2020-06-30,2020-06-30,2020-06-30,2020-Q2,,9461402205.000000,2025-04-30,-117265000.000000,16277634000.000000,14257983000.000000,,,0.068000,18.390000,-4474000.000000,3680536000.000000,3680536000.000000,19909000.000000,456806000.000000,,0.801000,6758132000.000000,,,6758132000.000000,358000.000000,3963000.000000,0.000000,0.059000,1.190000,743615000.000000,747578000.000000,0.768000,747578000.000000,743615000.000000,449850000.000000,0.930000,0.930000,0.930000,8992748000.000000,8147703250.000000,8992748000.000000,13844803205.000000,19.000000,18.520000,733240000.000000,1.499000,1.000000,953044000.000000,0.980000,0.000000,293765000.000000,19355230000.000000,17961140500.000000,0.000000,12321826000.000000,,,7203223000.000000,,,2446984000.000000,0.000000,1475810000.000000,2440450000.000000,-546069000.000000,3362066000.000000,-1652796000.000000,-1640689000.000000,737714000.000000,0.000000,448456000.000000,448456000.000000,448456000.000000,0.000000,8350000.000000,0.461000,121249000.000000,831795000.000000,0.000000,1.280000,1.052000,21.098000,21.710000,94711000.000000,0.000000,20.190000,9.724000,10.148000,0.000000,-191835000.000000,972953000.000000,972953000.000000,0.000000,0.031000,0.055000,0.041000,0.764000,6167000.000000,26339000.000000,1.000000,468618237.000000,489012165.000000,489213427.000000,1.990000,16277634000.000000,0.000000,1394000.000000,0.000000,33.287000
MRT,2020-09-30,2020-09-30,2020-09-30,2020-Q3,,12471839365.000000,2025-04-30,-104258000.000000,16851830000.000000,15325574000.000000,,,0.071000,17.420000,-2822000.000000,144057000.000000,144057000.000000,26421000.000000,706509000.000000,,0.805000,6761832000.000000,,,6761832000.000000,309000.000000,3873000.000000,0.000000,0.052000,1.222000,1005930000.000000,1009803000.000000,0.926000,1009803000.000000,1005930000.000000,703297000.000000,1.370000,1.360000,1.370000,9291973000.000000,8473118000.000000,9291973000.000000,15549435365.000000,15.000000,15.398000,781659000.000000,1.465000,1.000000,1063672000.000000,0.976000,0.000000,302633000.000000,23469605000.000000,19767684500.000000,0.000000,16163880000.000000,,,7482291000.000000,,,-319453000.000000,0.000000,1539489000.000000,2498202000.000000,-572279000.000000,3457937000.000000,-4561871000.000000,-4582645000.000000,784481000.000000,0.000000,702295000.000000,702295000.000000,702295000.000000,0.000000,4214000.000000,0.644000,300574000.000000,763098000.000000,0.000000,0.892000,1.342000,17.759000,17.058000,158190000.000000,0.000000,23.370000,11.441000,11.435000,0.000000,29338000.000000,1090093000.000000,1090093000.000000,0.000000,0.046000,0.083000,0.051000,0.923000,6777000.000000,27669000.000000,1.000000,533668779.000000,533407916.000000,536180175.000000,2.044000,16851830000.000000,0.000000,1002000.000000,0.000000,31.593000
MRT,2020-12-31,2020-12-31,2020-12-31,2020-Q4,,13685077911.000000,2025-04-30,-92521000.000000,17063613000.000000,16275072500.000000,,,0.075000,18.603000,-2768000.000000,315993000.000000,315993000.000000,33425000.000000,896208000.000000,,0.804000,6765532000.000000,,,6765532000.000000,0.000000,3731000.000000,0.000000,0.049000,1.255000,1201110000.000000,1204841000.000000,0.983000,1204841000.000000,1201110000.000000,892505000.000000,1.760000,1.750000,1.760000,9415839000.000000,8835782000.000000,9415839000.000000,20302852911.000000,17.000000,16.851000,880872000.000000,1.740000,1.000000,1192149000.000000,0.973000,0.000000,308605000.000000,23513152000.000000,21407150250.000000,0.000000,16202900000.000000,,,7569868000.000000,,,-785900000.000000,0.000000,1539541000.000000,1960069000.000000,-612205000.000000,2879219000.000000,-4548759000.000000,-4595777000.000000,883640000.000000,0.000000,891674000.000000,891674000.000000,891674000.000000,0.000000,4534000.000000,0.728000,287593000.000000,904556000.000000,0.000000,0.713000,1.453000,15.348000,14.489000,158190000.000000,0.000000,25.500000,11.166000,10.531000,0.000000,139454000.000000,1225574000.000000,1225574000.000000,0.000000,0.055000,0.101000,0.056000,0.980000,7388000.000000,30661000.000000,1.000000,536669722.000000,506140642.000000,510908755.000000,2.421000,17063613000.000000,0.000000,831000.000000,0.000000,33.713000
MRT,2021-03-31,2021-03-31,2021-03-31,2021-Q1,,15155366368.000000,2025-04-30,-80143000.000000,17085001000.000000,16819519500.000000,,,0.080000,17.748000,-2686000.000000,322530000.000000,322530000.000000,39832000.000000,1190372000.000000,,0.786000,6769211000.000000,,,6769211000.000000,493000.000000,3656000.000000,0.000000,0.046000,1.288000,1495908000.000000,1499564000.000000,1.115000,1499564000.000000,1495908000.000000,1186348000.000000,2.260000,2.250000,2.260000,9521559000.000000,9305529750.000000,9521559000.000000,21604905368.000000,14.000000,14.407000,899234000.000000,1.676000,1.000000,1305051000.000000,0.970000,0.000000,309560000.000000,23531682000.000000,22467417250.000000,0.000000,16197808000.000000,,,7485309000.000000,,,-2048554000.000000,0.000000,1338310000.000000,49282000.000000,-653080000.000000,726297000.000000,-3676771000.000000,-3723962000.000000,901920000.000000,0.000000,1185487000.000000,1185487000.000000,1185487000.000000,0.000000,4885000.000000,0.881000,138904000.000000,1166147000.000000,0.000000,0.570000,1.592000,12.784000,12.496000,158046000.000000,0.000000,28.240000,11.269000,11.265000,0.000000,232038000.000000,1344883000.000000,1344883000.000000,0.000000,0.070000,0.127000,0.067000,1.112000,8315000.000000,31731000.000000,1.000000,536663115.000000,536480505.000000,544801802.000000,2.507000,17085001000.000000,0.000000,861000.000000,0.000000,31.846000
MRT,2021-06-30,2021-06-30,2021-06-30,2021-Q2,,16658255211.000000,2025-04-30,-70815000.000000,17219548000.000000,17054998000.000000,,,0.086000,17.993000,-596000.000000,407522000.000000,407522000.000000,47176000.000000,1261806000.000000,,0.775000,6772903000.000000,,,6772903000.000000,352000.000000,1714000.000000,0.000000,0.043000,1.320000,1570275000.000000,1571989000.000000,1.074000,1571989000.000000,1570275000.000000,1258602000.000000,2.350000,2.320000,2.350000,9656640000.000000,9471502750.000000,9656640000.000000,23104936211.000000,15.000000,14.698000,971746000.000000,1.811000,1.000000,1416205000.000000,0.968000,0.000000,311673000.000000,23584929000.000000,23524842000.000000,0.000000,16247763000.000000,,,7484479000.000000,,,-3271874000.000000,0.000000,63030000.000000,55391000.000000,-335676000.000000,-579501000.000000,-3664715000.000000,-3713105000.000000,972342000.000000,0.000000,1256794000.000000,1256794000.000000,1256794000.000000,0.000000,5012000.000000,0.859000,174585000.000000,1241620000.000000,0.000000,0.562000,1.725000,13.255000,13.200000,157365000.000000,0.000000,31.020000,11.383000,11.377000,0.000000,355524000.000000,1463381000.000000,1463381000.000000,0.000000,0.074000,0.133000,0.067000,1.073000,8645000.000000,31861000.000000,1.000000,537016609.000000,536692167.000000,554438981.000000,2.727000,17219548000.000000,0.000000,1808000.000000,0.000000,32.085000
MRT,2021-09-30,2021-09-30,2021-09-30,2021-Q3,,15257445240.000000,2025-04-30,0.000000,17548804000.000000,17229241500.000000,,,0.087000,21.706000,-256000.000000,669514000.000000,669514000.000000,47320000.000000,1029772000.000000,,0.450000,4692032000.000000,,,4692032000.000000,461000.000000,833000.000000,0.000000,0.048000,1.350000,1422319000.000000,1423152000.000000,0.949000,1423152000.000000,1422319000.000000,1022946000.000000,1.890000,1.860000,1.890000,12050107000.000000,10161036250.000000,12050107000.000000,21622826240.000000,15.000000,15.194000,949030000.000000,1.709000,1.000000,1452112000.000000,0.968000,0.000000,399373000.000000,21571322000.000000,23050271250.000000,0.000000,16288505000.000000,,,5420018000.000000,,,524127000.000000,0.000000,-1000.000000,-2123171000.000000,-177025000.000000,-454243000.000000,29084000.000000,15246000.000000,949286000.000000,0.000000,1020382000.000000,1020382000.000000,1020382000.000000,0.000000,9390000.000000,0.681000,4908000.000000,1447204000.000000,0.000000,0.714000,1.266000,14.953000,15.032000,153576000.000000,0.000000,28.410000,10.175000,10.519000,0.000000,290966000.000000,1499432000.000000,1499432000.000000,0.000000,0.059000,0.100000,0.062000,0.949000,8997000.000000,32193000.000000,1.000000,537044887.000000,555153692.000000,571894545.000000,2.701000,17548804000.000000,0.000000,2564000.000000,0.000000,31.611000
MRT,2021-12-31,2021-12-31,2021-12-31,2021-Q4,,18937565054.000000,2025-04-30,884000.000000,17597373000.000000,17362681500.000000,,,0.087000,21.451000,-2505000.000000,739614000.000000,739614000.000000,48570000.000000,1023158000.000000,,0.447000,4694523000.000000,,,4694523000.000000,0.000000,3091000.000000,0.000000,0.046000,1.380000,1409128000.000000,1412219000.000000,0.936000,1412219000.000000,1409128000.000000,1016738000.000000,1.800000,1.760000,1.800000,12108268000.000000,10834143500.000000,12108268000.000000,22960083054.000000,16.000000,16.258000,893845000.000000,1.584000,1.000000,1460998000.000000,0.968000,0.000000,392390000.000000,21552282000.000000,22560053750.000000,0.000000,16279490000.000000,,,5410199000.000000,,,423621000.000000,0.000000,2384045000.000000,-2131126000.000000,-758790000.000000,-514178000.000000,41449000.000000,51350000.000000,896350000.000000,0.000000,1013851000.000000,1013851000.000000,1013851000.000000,0.000000,9307000.000000,0.672000,27061000.000000,1433937000.000000,0.000000,0.767000,1.564000,18.679000,16.728000,153576000.000000,0.000000,30.110000,12.545000,11.259000,0.000000,346026000.000000,1509568000.000000,1509568000.000000,0.000000,0.058000,0.094000,0.062000,0.933000,9371000.000000,33122000.000000,1.000000,628946033.000000,564467362.000000,577066292.000000,2.674000,17597373000.000000,0.000000,2887000.000000,0.000000,31.175000
MRT,2022-03-31,2022-03-31,2022-03-31,2022-Q1,,21299197301.000000,2025-04-30,109495000.000000,21741321000.000000,18526761500.000000,,,0.084000,22.510000,-1258000.000000,568702000.000000,568702000.000000,50761000.000000,993747000.000000,,0.406000,5297014000.000000,,,5297014000.000000,0.000000,2329000.000000,0.000000,0.050000,1.410000,1370720000.000000,1373049000.000000,0.885000,1373049000.000000,1370720000.000000,987236000.000000,1.650000,1.620000,1.650000,15404678000.000000,12304923250.000000,15404678000.000000,25254106301.000000,18.000000,18.393000,1032584000.000000,1.509000,1.000000,1501122000.000000,0.967000,0.000000,383484000.000000,26469633000.000000,23294541500.000000,0.000000,20277460000.000000,,,6257535000.000000,,,245325000.000000,0.000000,2385564000.000000,-1558411000.000000,-580782000.000000,3230234000.000000,-4018751000.000000,-4010560000.000000,1033842000.000000,0.000000,984433000.000000,984433000.000000,984433000.000000,0.000000,9314000.000000,0.634000,105660000.000000,1395462000.000000,0.000000,0.855000,1.383000,21.636000,17.248000,153576000.000000,0.000000,28.460000,13.725000,12.550000,0.000000,315809000.000000,1551883000.000000,1551883000.000000,0.000000,0.053000,0.080000,0.059000,0.883000,9696000.000000,34503000.000000,1.000000,748390629.000000,684341045.000000,687914683.000000,2.268000,21741321000.000000,0.000000,2803000.000000,0.000000,31.770000
MRT,2022-06-30,2022-06-30,2022-06-30,2022-Q2,,28687832946.000000,2025-04-30,197275000.000000,37289217000.000000,23544178750.000000,,,0.078000,24.274000,-3176000.000000,614001000.000000,614001000.000000,59964000.000000,632529000.000000,,0.697000,13721500000.000000,,,13721500000.000000,0.000000,4583000.000000,0.000000,0.048000,1.440000,1065398000.000000,1069981000.000000,0.582000,1069981000.000000,1065398000.000000,628592000.000000,1.030000,1.020000,1.030000,21762494000.000000,15331386750.000000,21762494000.000000,33416144946.000000,31.000000,31.231000,1437109000.000000,1.603000,1.000000,1778142000.000000,0.967000,0.000000,436806000.000000,50396716000.000000,29997488250.000000,0.000000,35572307000.000000,,,15174330000.000000,,,205339000.000000,-4574436000.000000,5597028000.000000,2722853000.000000,-1255978000.000000,7409574000.000000,-8644520000.000000,-4054301000.000000,1440285000.000000,0.000000,626018000.000000,626018000.000000,626018000.000000,0.000000,6511000.000000,0.341000,706689000.000000,1071453000.000000,0.000000,1.398000,1.318000,45.826000,28.922000,153576000.000000,0.000000,29.790000,15.607000,14.530000,0.000000,-88610000.000000,1838106000.000000,1838106000.000000,0.000000,0.027000,0.041000,0.036000,0.580000,10619000.000000,38657000.000000,1.000000,963002113.000000,896545880.000000,896545880.000000,2.050000,37289217000.000000,0.000000,2574000.000000,0.000000,41.592000
MRT,2022-09-30,2022-09-30,2022-09-30,2022-Q3,,28748338706.000000,2025-04-30,191314000.000000,37307982000.000000,28483973250.000000,,,0.078000,22.554000,-3648000.000000,518383000.000000,518383000.000000,70933000.000000,805223000.000000,,0.702000,13730503000.000000,,,13730503000.000000,0.000000,5370000.000000,0.000000,0.049000,1.470000,1238725000.000000,1244095000.000000,0.562000,1244095000.000000,1238725000.000000,797664000.000000,1.080000,1.080000,1.080000,21709579000.000000,17746254750.000000,21709579000.000000,41855837706.000000,34.000000,33.644000,1743012000.000000,1.811000,1.000000,2143012000.000000,0.968000,0.000000,441061000.000000,50520102000.000000,37234683250.000000,0.000000,35703958000.000000,,,15245685000.000000,,,-149801000.000000,-4574536000.000000,5597028000.000000,4845864000.000000,-1602496000.000000,6972682000.000000,-8869143000.000000,-4282164000.000000,1746660000.000000,0.000000,795061000.000000,795061000.000000,795061000.000000,0.000000,10162000.000000,0.359000,935920000.000000,1207092000.000000,0.000000,1.361000,1.324000,36.159000,27.639000,153560000.000000,0.000000,29.850000,12.985000,12.978000,0.000000,-133311000.000000,2213945000.000000,2213945000.000000,0.000000,0.028000,0.045000,0.033000,0.560000,11746000.000000,42341000.000000,1.000000,963093424.000000,962573646.000000,964134340.000000,2.300000,37307982000.000000,0.000000,2603000.000000,0.000000,38.759000
MRT,2022-12-31,2022-12-31,2022-12-31,2022-Q4,,31204370275.000000,2025-04-30,185353000.000000,37575826000.000000,33478586500.000000,,,0.078000,24.995000,-1876000.000000,208933000.000000,208933000.000000,82231000.000000,1136267000.000000,,0.697000,13739675000.000000,,,13739675000.000000,0.000000,3182000.000000,0.000000,0.046000,1.500000,1660464000.000000,1663646000.000000,0.640000,1663646000.000000,1660464000.000000,1120511000.000000,1.270000,1.270000,1.270000,21933637000.000000,20202597000.000000,21933637000.000000,44416490275.000000,27.000000,26.698000,1941520000.000000,2.213000,1.000000,2518466000.000000,0.968000,0.000000,539953000.000000,51106568000.000000,44623254750.000000,0.000000,36277005000.000000,,,15285713000.000000,,,-530681000.000000,-4574536000.000000,3212945000.000000,4853811000.000000,-1219117000.000000,6829937000.000000,-9304014000.000000,-4719898000.000000,1943396000.000000,0.000000,1117635000.000000,1117635000.000000,1117635000.000000,0.000000,18632000.000000,0.430000,908669000.000000,1609797000.000000,0.000000,1.181000,1.423000,27.920000,25.512000,153560000.000000,0.000000,32.400000,11.998000,10.932000,0.000000,93154000.000000,2600697000.000000,2600697000.000000,0.000000,0.033000,0.055000,0.037000,0.638000,12986000.000000,48340000.000000,1.000000,963097848.000000,877508388.000000,879675845.000000,2.964000,37575826000.000000,0.000000,2876000.000000,0.000000,42.821000
MRT,2023-03-31,2023-03-31,2023-03-31,2023-Q1,,32739870312.000000,2025-04-30,170441000.000000,41852813000.000000,38506459500.000000,,,0.080000,23.276000,-2864000.000000,247673000.000000,247673000.000000,92851000.000000,1421440000.000000,,0.780000,16606240000.000000,,,16606240000.000000,0.000000,3966000.000000,0.000000,0.047000,1.530000,2075726000.000000,2079692000.000000,0.679000,2079692000.000000,2075726000.000000,1399555000.000000,1.460000,1.470000,1.460000,23311246000.000000,22179239000.000000,23311246000.000000,46270612312.000000,22.000000,22.249000,2169347000.000000,2.166000,1.000000,2968868000.000000,0.970000,0.000000,676171000.000000,58211380000.000000,52558691500.000000,0.000000,40517531000.000000,,,18178278000.000000,,,-320182000.000000,-5841441000.000000,4480620000.000000,4383800000.000000,-1601729000.000000,4252612000.000000,-6745079000.000000,-892986000.000000,2172211000.000000,74000.000000,1395992000.000000,1395992000.000000,1395992000.000000,0.000000,25448000.000000,0.456000,943190000.000000,2025678000.000000,0.000000,1.048000,1.404000,23.453000,22.342000,153560000.000000,0.000000,32.620000,10.693000,10.670000,0.000000,220254000.000000,3061719000.000000,3061719000.000000,0.000000,0.036000,0.063000,0.039000,0.678000,13851000.000000,53879000.000000,1.000000,1003674749.000000,1001526645.000000,1003831325.000000,3.057000,41852813000.000000,0.000000,3563000.000000,0.000000,41.789000
MRT,2023-06-30,2023-06-30,2023-06-30,2023-Q2,,31563215741.000000,2025-04-30,173670000.000000,42250610000.000000,39746807750.000000,,,0.083000,23.554000,-2507000.000000,738793000.000000,738793000.000000,96544000.000000,2181162000.000000,,0.766000,16624197000.000000,,,16624197000.000000,0.000000,3328000.000000,0.000000,0.050000,1.560000,2895472000.000000,2898800000.000000,0.879000,2898800000.000000,2895472000.000000,2148835000.000000,2.210000,2.220000,2.210000,23716716000.000000,22667794500.000000,23716716000.000000,47921782741.000000,17.000000,16.532000,2042166000.000000,2.028000,1.000000,3200710000.000000,0.971000,0.000000,746637000.000000,58136014000.000000,54493516000.000000,0.000000,40426951000.000000,,,18166035000.000000,,,124792000.000000,-1267005000.000000,1368742000.000000,102536000.000000,-1500838000.000000,-47653000.000000,-1872420000.000000,-608043000.000000,2044673000.000000,192000.000000,2144400000.000000,2144400000.000000,2144400000.000000,0.000000,36762000.000000,0.650000,337318000.000000,2863392000.000000,0.000000,0.706000,1.331000,14.719000,14.222000,150727000.000000,0.000000,31.430000,9.573000,9.598000,0.000000,518059000.000000,3297254000.000000,3297254000.000000,0.000000,0.054000,0.095000,0.053000,0.878000,14618000.000000,57017000.000000,1.000000,1004238490.000000,1006893810.000000,1007968422.000000,3.275000,42250610000.000000,0.000000,4435000.000000,0.000000,41.961000
MRT,2023-09-30,2023-09-30,2023-09-30,2023-Q3,,29490759165.000000,2025-04-30,186241000.000000,42832149000.000000,41127849500.000000,,,0.084000,23.855000,-2612000.000000,510884000.000000,510884000.000000,98007000.000000,2409743000.000000,,0.757000,16692728000.000000,,,16692728000.000000,0.000000,3523000.000000,0.000000,0.054000,1.585000,3156696000.000000,3160219000.000000,0.916000,3160219000.000000,3156696000.000000,2374486000.000000,2.420000,2.430000,2.420000,24164951000.000000,23281637500.000000,24164951000.000000,45376163165.000000,14.000000,14.359000,2089824000.000000,2.063000,1.000000,3352022000.000000,0.972000,0.000000,782210000.000000,59013993000.000000,56616988750.000000,0.000000,41200866000.000000,,,18296467000.000000,,,-7499000.000000,-1266905000.000000,1667413000.000000,158191000.000000,-1537175000.000000,259988000.000000,-2359801000.000000,-1094857000.000000,2092436000.000000,-122000.000000,2369824000.000000,2369824000.000000,2369824000.000000,0.000000,39919000.000000,0.687000,204725000.000000,3147297000.000000,0.000000,0.655000,1.220000,12.444000,12.025000,150727000.000000,0.000000,29.100000,8.548000,8.544000,0.000000,652402000.000000,3450029000.000000,3450029000.000000,0.000000,0.058000,0.102000,0.056000,0.915000,15144000.000000,59376000.000000,1.000000,1013428150.000000,1012986784.000000,1013589640.000000,3.406000,42832149000.000000,0.000000,4662000.000000,0.000000,42.283000
MRT,2023-12-31,2023-12-31,2023-12-31,2023-Q4,,32980883507.000000,2025-04-30,153870000.000000,44059841000.000000,42748853250.000000,,,0.084000,24.895000,-4035000.000000,522574000.000000,522574000.000000,100415000.000000,2554622000.000000,,0.729000,16724125000.000000,,,16724125000.000000,0.000000,4298000.000000,0.000000,0.051000,1.610000,3325455000.000000,3329753000.000000,0.922000,3329753000.000000,3325455000.000000,2507399000.000000,2.480000,2.470000,2.480000,25255931000.000000,24112211000.000000,25255931000.000000,49162727507.000000,15.000000,14.765000,2176974000.000000,2.146000,1.000000,3511573000.000000,0.972000,0.000000,818056000.000000,60261392000.000000,58905694750.000000,0.000000,42371210000.000000,,,18402067000.000000,,,313641000.000000,-1266905000.000000,2475139000.000000,169043000.000000,-1583840000.000000,1031790000.000000,-2899095000.000000,-1632922000.000000,2181009000.000000,-63000.000000,2513540000.000000,2513540000.000000,2513540000.000000,0.000000,41082000.000000,0.696000,174742000.000000,3336831000.000000,0.000000,0.649000,1.306000,13.121000,12.855000,150727000.000000,0.000000,31.880000,9.131000,8.954000,0.000000,965762000.000000,3611988000.000000,3611988000.000000,0.000000,0.059000,0.104000,0.056000,0.921000,15536000.000000,59603000.000000,1.000000,1034532105.000000,1014513195.000000,1015776697.000000,3.560000,44059841000.000000,0.000000,-6141000.000000,0.000000,43.430000
MRT,2024-03-31,2024-03-31,2024-03-31,2024-Q1,,31061423050.000000,2025-04-30,156640000.000000,44157873000.000000,43325118250.000000,,,0.085000,24.381000,-5045000.000000,485318000.000000,485318000.000000,101947000.000000,2626564000.000000,,0.722000,16711739000.000000,,,16711739000.000000,0.000000,3772000.000000,0.000000,0.055000,1.635000,3397728000.000000,3401500000.000000,0.923000,3401500000.000000,3397728000.000000,2579150000.000000,2.540000,2.530000,2.540000,25414824000.000000,24638105500.000000,25414824000.000000,47262974050.000000,14.000000,13.895000,2194943000.000000,2.106000,1.000000,3583875000.000000,0.972000,0.000000,818578000.000000,60384294000.000000,59448923250.000000,0.000000,42507115000.000000,,,18339315000.000000,,,235330000.000000,0.000000,1202468000.000000,42072000.000000,-1201228000.000000,-425480000.000000,-1538987000.000000,-1538487000.000000,2199988000.000000,-191000.000000,2584816000.000000,2584816000.000000,2584816000.000000,0.000000,41748000.000000,0.701000,173108000.000000,3410767000.000000,0.000000,0.644000,1.222000,12.017000,11.728000,150727000.000000,0.000000,29.790000,8.427000,8.425000,0.000000,1122878000.000000,3685822000.000000,3685822000.000000,0.000000,0.060000,0.105000,0.057000,0.922000,15862000.000000,60790000.000000,1.000000,1042679525.000000,1042404634.000000,1043311636.000000,3.536000,44157873000.000000,0.000000,-5666000.000000,0.000000,42.362000
MRT,2024-06-30,2024-06-30,2024-06-30,2024-Q2,,29876720766.000000,2025-04-30,148211000.000000,44511250000.000000,43890278250.000000,,,0.085000,24.667000,-7382000.000000,347160000.000000,347160000.000000,102968000.000000,2677736000.000000,,0.715000,16727361000.000000,,,16727361000.000000,0.000000,3877000.000000,0.000000,0.058000,1.660000,3451846000.000000,3455723000.000000,0.923000,3455723000.000000,3451846000.000000,2631085000.000000,2.560000,2.550000,2.560000,25718896000.000000,25138650500.000000,25718896000.000000,46103141766.000000,13.000000,13.341000,2276838000.000000,2.184000,1.000000,3641699000.000000,0.973000,0.000000,820761000.000000,60891451000.000000,60137782500.000000,0.000000,42988645000.000000,,,18384937000.000000,,,-393948000.000000,0.000000,1101027000.000000,41833000.000000,-1237743000.000000,-569165000.000000,-2108955000.000000,-2101473000.000000,2284220000.000000,-48000.000000,2635416000.000000,2635416000.000000,2635416000.000000,0.000000,42320000.000000,0.704000,171898000.000000,3469801000.000000,0.000000,0.648000,1.162000,11.337000,11.188000,150727000.000000,0.000000,28.640000,7.978000,7.974000,0.000000,1431264000.000000,3744667000.000000,3744667000.000000,0.000000,0.060000,0.105000,0.057000,0.922000,16410000.000000,61638000.000000,1.000000,1043181591.000000,1042650713.000000,1042959627.000000,3.591000,44511250000.000000,0.000000,-4331000.000000,0.000000,42.690000
MRT,2024-09-30,2024-09-30,2024-09-30,2024-Q3,,34881324236.000000,2025-04-30,141705000.000000,44918106000.000000,44411767500.000000,,,0.086000,24.948000,-8171000.000000,355667000.000000,355667000.000000,104596000.000000,2856758000.000000,,0.704000,16743584000.000000,,,16743584000.000000,0.000000,3874000.000000,0.000000,0.050000,1.677000,3632622000.000000,3636496000.000000,0.956000,3636496000.000000,3632622000.000000,2809471000.000000,2.710000,2.700000,2.710000,26111294000.000000,25625236250.000000,26111294000.000000,51261525236.000000,14.000000,14.096000,2302995000.000000,2.200000,1.000000,3700422000.000000,0.973000,0.000000,823151000.000000,61306023000.000000,60710790000.000000,0.000000,43390517000.000000,,,18395034000.000000,,,-157532000.000000,0.000000,917459000.000000,-17597000.000000,-1287582000.000000,-852878000.000000,-1616404000.000000,-1606385000.000000,2311166000.000000,584000.000000,2811985000.000000,2811985000.000000,2811985000.000000,0.000000,44773000.000000,0.739000,43906000.000000,3656516000.000000,0.000000,0.619000,1.336000,12.405000,12.292000,150727000.000000,0.000000,33.310000,9.167000,9.162000,0.000000,1711277000.000000,3805018000.000000,3805018000.000000,0.000000,0.063000,0.110000,0.060000,0.955000,16992000.000000,63674000.000000,1.000000,1047172748.000000,1046626838.000000,1048338348.000000,3.636000,44918106000.000000,0.000000,-2514000.000000,0.000000,42.917000
MRT,2024-12-31,2024-12-31,2024-12-31,2024-Q4,,30792426775.000000,2025-04-30,144574000.000000,45368940000.000000,44739042250.000000,,,0.086000,25.353000,-7526000.000000,524615000.000000,524615000.000000,104317000.000000,2721242000.000000,,0.694000,16732889000.000000,,,16732889000.000000,0.000000,4125000.000000,0.000000,0.058000,1.695000,3514611000.000000,3518736000.000000,0.914000,3518736000.000000,3514611000.000000,2688514000.000000,2.560000,2.560000,2.560000,26537955000.000000,25945742250.000000,26537955000.000000,47180343775.000000,13.000000,13.408000,2373972000.000000,2.268000,1.000000,3744888000.000000,0.973000,0.000000,826097000.000000,61577214000.000000,61039745500.000000,0.000000,43662954000.000000,,,18417139000.000000,,,2041000.000000,0.000000,373346000.000000,-46241000.000000,-1752991000.000000,-1457121000.000000,-922781000.000000,-910355000.000000,2381498000.000000,445000.000000,2678810000.000000,2678810000.000000,2678810000.000000,0.000000,42432000.000000,0.696000,204521000.000000,3540367000.000000,0.000000,0.662000,1.160000,11.495000,11.410000,150727000.000000,0.000000,29.210000,8.000000,7.943000,0.000000,1867400000.000000,3849205000.000000,3849205000.000000,0.000000,0.060000,0.103000,0.058000,0.913000,17511000.000000,69109000.000000,1.000000,1054174145.000000,1046739537.000000,1047675111.000000,3.677000,45368940000.000000,0.000000,9704000.000000,0.000000,43.343000
MRT,2025-03-31,2025-03-31,2025-03-31,2025-Q1,,34457782779.000000,2025-04-30,132452000.000000,45526064000.000000,45081090000.000000,,,0.086000,25.198000,-5141000.000000,334317000.000000,334317000.000000,104359000.000000,2673704000.000000,,0.695000,16847001000.000000,,,16847001000.000000,0.000000,3121000.000000,0.000000,0.052000,1.712000,3468553000.000000,3471674000.000000,0.894000,3471674000.000000,3468553000.000000,2638087000.000000,2.500000,2.500000,2.500000,26609169000.000000,26244328500.000000,26609169000.000000,50666056779.000000,15.000000,14.594000,2419931000.000000,2.292000,1.000000,3777569000.000000,0.973000,0.000000,830466000.000000,62038748000.000000,61453359000.000000,0.000000,43998224000.000000,,,18503399000.000000,,,-89919000.000000,0.000000,371165000.000000,55453000.000000,-1318180000.000000,-1316605000.000000,-1199071000.000000,-1189349000.000000,2425072000.000000,685000.000000,2632401000.000000,2632401000.000000,2632401000.000000,0.000000,41303000.000000,0.678000,282949000.000000,3494620000.000000,0.000000,0.685000,1.295000,13.090000,13.048000,150727000.000000,0.000000,32.620000,8.876000,8.874000,0.000000,1954124000.000000,3881928000.000000,3881928000.000000,0.000000,0.058000,0.100000,0.056000,0.894000,16622000.000000,67777000.000000,1.000000,1056339141.000000,1056012414.000000,1056432790.000000,3.676000,45526064000.000000,0.000000,5686000.000000,0.000000,43.111000
MRY,2014-12-31,2014-12-31,2014-12-31,2014-FY,,,2025-04-30,,,,,,,,-17000.000000,,,10936000.000000,4000.000000,,,,,,,,2904000.000000,,,0.000000,39000.000000,2943000.000000,0.156000,2943000.000000,39000.000000,0.000000,,,,,,,,,,3056000.000000,,1.000000,7972000.000000,0.422000,,39000.000000,,,,,,,,,,94000.000000,0.000000,0.000000,-226000.000000,0.000000,-2968000.000000,-11000.000000,0.000000,3073000.000000,0.000000,4000.000000,4000.000000,4000.000000,0.000000,0.000000,0.000000,7933000.000000,39000.000000,,,,,,,0.000000,,,,,,18908000.000000,18908000.000000,0.000000,,,,0.002000,0.000000,1898000.000000,1.000000,,,,,,,-4000.000000,,
MRY,2015-12-31,2015-12-31,2015-12-31,2015-FY,-182000.000000,,2025-04-30,0.000000,92034000.000000,,1042000.000000,90992000.000000,,,-798000.000000,351000.000000,351000.000000,10284000.000000,3000.000000,0.851000,0.078000,332000.000000,51000.000000,281000.000000,332000.000000,0.000000,2882000.000000,0.000000,,0.000000,18000.000000,2900000.000000,0.160000,2900000.000000,18000.000000,0.000000,,,,85375000.000000,,85375000.000000,,,,2090000.000000,,1.000000,7793000.000000,0.431000,0.000000,18000.000000,90791000.000000,,442000.000000,0.000000,0.000000,0.000000,6659000.000000,1224000.000000,5435000.000000,130000.000000,0.000000,0.000000,-45000.000000,0.000000,-2026000.000000,-732000.000000,0.000000,2888000.000000,0.000000,3000.000000,3000.000000,3000.000000,0.000000,0.000000,0.000000,7775000.000000,18000.000000,342000.000000,,,,,90992000.000000,0.000000,,,,183000.000000,52000.000000,18077000.000000,18077000.000000,0.000000,,,,0.001000,0.000000,1760000.000000,1.000000,,,,,92034000.000000,0.000000,-3000.000000,5154000.000000,
MRY,2016-12-31,2016-12-31,2016-12-31,2016-FY,620000.000000,,2025-04-30,0.000000,90475000.000000,91254500.000000,1644000.000000,88831000.000000,0.206000,0.342000,-869000.000000,920000.000000,920000.000000,10601000.000000,0.000000,1.605000,0.075000,279000.000000,14000.000000,265000.000000,279000.000000,0.000000,3030000.000000,0.000000,,0.000000,7000.000000,3037000.000000,0.162000,3037000.000000,7000.000000,0.000000,,,,84143000.000000,84759000.000000,84143000.000000,,,,1852000.000000,0.008000,1.000000,8184000.000000,0.436000,0.000000,7000.000000,88810000.000000,89800500.000000,371000.000000,0.000000,0.000000,0.000000,6332000.000000,1024000.000000,5308000.000000,569000.000000,0.000000,0.000000,-51000.000000,0.000000,-1283000.000000,-869000.000000,0.000000,2721000.000000,0.000000,0.000000,0.000000,0.000000,0.000000,0.000000,0.000000,8177000.000000,7000.000000,305000.000000,,,,,88831000.000000,0.000000,,,,77000.000000,52000.000000,18785000.000000,18785000.000000,0.000000,0.000000,0.000000,0.000000,0.000000,0.000000,2009000.000000,1.000000,246224886.000000,246224886.000000,,0.076000,90475000.000000,0.000000,0.000000,5043000.000000,0.367000
MRY,2018-12-31,2018-12-31,2018-12-31,2018-FY,,6952909841.000000,2025-04-30,-22124000.000000,11333368000.000000,10738202750.000000,,,0.084000,18.565000,-899000.000000,598447000.000000,598447000.000000,99181000.000000,532117000.000000,,0.650000,4122264000.000000,,,4122264000.000000,43605000.000000,3686000.000000,0.000000,0.053000,0.997000,737723000.000000,741409000.000000,0.826000,741409000.000000,737723000.000000,525060000.000000,1.430000,1.430000,1.430000,6817449000.000000,6270691500.000000,6817449000.000000,10928781841.000000,15.000000,14.741000,503183000.000000,1.370000,1.000000,798796000.000000,0.890000,0.000000,212663000.000000,14857185000.000000,14201333250.000000,0.000000,10523582000.000000,,,4432346000.000000,,,401041000.000000,0.000000,2001493000.000000,-691175000.000000,-262682000.000000,1037836000.000000,-1140877000.000000,-1292384000.000000,504082000.000000,0.000000,523619000.000000,523619000.000000,523619000.000000,0.000000,8498000.000000,0.583000,40842000.000000,757954000.000000,0.000000,0.697000,1.020000,13.279000,13.133000,95789000.000000,0.000000,18.780000,7.743000,7.680000,0.000000,187096000.000000,897977000.000000,897977000.000000,0.000000,0.049000,0.084000,0.052000,0.822000,2342000.000000,24429000.000000,1.000000,370229491.000000,367226395.000000,367316901.000000,2.445000,11333368000.000000,0.000000,1441000.000000,0.000000,30.862000
MRY,2019-12-31,2019-12-31,2019-12-31,2019-FY,,11778725120.000000,2025-04-30,-65078000.000000,13265619000.000000,12454450500.000000,,,0.072000,18.308000,-2724000.000000,1101893000.000000,1101893000.000000,18901000.000000,554281000.000000,,0.655000,4791563000.000000,,,4791563000.000000,70340000.000000,3831000.000000,0.000000,0.046000,1.170000,796053000.000000,799884000.000000,0.894000,799884000.000000,796053000.000000,547669000.000000,1.250000,1.240000,1.250000,7965183000.000000,7726625750.000000,7965183000.000000,15440688120.000000,19.000000,19.304000,679435000.000000,1.562000,1.000000,875897000.000000,0.979000,0.000000,248384000.000000,16955289000.000000,15890259750.000000,0.000000,11880377000.000000,,,5216630000.000000,,,503446000.000000,0.000000,1164307000.000000,530401000.000000,-503958000.000000,1182666000.000000,-1361379000.000000,-1351001000.000000,682159000.000000,0.000000,545964000.000000,545964000.000000,545964000.000000,0.000000,8317000.000000,0.610000,33398000.000000,842499000.000000,0.000000,0.936000,1.479000,21.574000,20.440000,94711000.000000,0.000000,25.550000,13.164000,12.423000,0.000000,208069000.000000,894798000.000000,894798000.000000,0.000000,0.044000,0.071000,0.050000,0.890000,5223000.000000,24569000.000000,1.000000,461006854.000000,435071096.000000,439152946.000000,2.057000,13265619000.000000,0.000000,1705000.000000,0.000000,30.491000
MRY,2020-12-31,2020-12-31,2020-12-31,2020-FY,,13685077911.000000,2025-04-30,-92521000.000000,17063613000.000000,16275072500.000000,,,0.075000,18.603000,-2768000.000000,315993000.000000,315993000.000000,33425000.000000,896208000.000000,,0.804000,6765532000.000000,,,6765532000.000000,0.000000,3731000.000000,0.000000,0.049000,1.255000,1201110000.000000,1204841000.000000,0.983000,1204841000.000000,1201110000.000000,892505000.000000,1.760000,1.750000,1.760000,9415839000.000000,8835782000.000000,9415839000.000000,20302852911.000000,17.000000,16.851000,880872000.000000,1.740000,1.000000,1192149000.000000,0.973000,0.000000,308605000.000000,23513152000.000000,21407150250.000000,0.000000,16202900000.000000,,,7569868000.000000,,,-785900000.000000,0.000000,1539541000.000000,1960069000.000000,-612205000.000000,2879219000.000000,-4548759000.000000,-4595777000.000000,883640000.000000,0.000000,891674000.000000,891674000.000000,891674000.000000,0.000000,4534000.000000,0.728000,287593000.000000,904556000.000000,0.000000,0.713000,1.453000,15.348000,14.489000,158190000.000000,0.000000,25.500000,11.166000,10.531000,0.000000,139454000.000000,1225574000.000000,1225574000.000000,0.000000,0.055000,0.101000,0.056000,0.980000,7388000.000000,30661000.000000,1.000000,536669722.000000,506140642.000000,510908755.000000,2.421000,17063613000.000000,0.000000,831000.000000,0.000000,33.713000
MRY,2021-12-31,2021-12-31,2021-12-31,2021-FY,,18937565054.000000,2025-04-30,884000.000000,17597373000.000000,17362681500.000000,,,0.087000,21.451000,-2505000.000000,739614000.000000,739614000.000000,48570000.000000,1023158000.000000,,0.447000,4694523000.000000,,,4694523000.000000,0.000000,3091000.000000,0.000000,0.046000,1.380000,1409128000.000000,1412219000.000000,0.936000,1412219000.000000,1409128000.000000,1016738000.000000,1.800000,1.760000,1.800000,12108268000.000000,10834143500.000000,12108268000.000000,22960083054.000000,16.000000,16.258000,893845000.000000,1.584000,1.000000,1460998000.000000,0.968000,0.000000,392390000.000000,21552282000.000000,22560053750.000000,0.000000,16279490000.000000,,,5410199000.000000,,,423621000.000000,0.000000,2384045000.000000,-2131126000.000000,-758790000.000000,-514178000.000000,41449000.000000,51350000.000000,896350000.000000,0.000000,1013851000.000000,1013851000.000000,1013851000.000000,0.000000,9307000.000000,0.672000,27061000.000000,1433937000.000000,0.000000,0.767000,1.564000,18.679000,16.728000,153576000.000000,0.000000,30.110000,12.545000,11.259000,0.000000,346026000.000000,1509568000.000000,1509568000.000000,0.000000,0.058000,0.094000,0.062000,0.933000,9371000.000000,33122000.000000,1.000000,628946033.000000,564467362.000000,577066292.000000,2.674000,17597373000.000000,0.000000,2887000.000000,0.000000,31.175000
MRY,2022-12-31,2022-12-31,2022-12-31,2022-FY,,31204370275.000000,2025-04-30,185353000.000000,37575826000.000000,33478586500.000000,,,0.078000,24.995000,-1876000.000000,208933000.000000,208933000.000000,82231000.000000,1136267000.000000,,0.697000,13739675000.000000,,,13739675000.000000,0.000000,3182000.000000,0.000000,0.046000,1.500000,1660464000.000000,1663646000.000000,0.640000,1663646000.000000,1660464000.000000,1120511000.000000,1.270000,1.270000,1.270000,21933637000.000000,20202597000.000000,21933637000.000000,44416490275.000000,27.000000,26.698000,1941520000.000000,2.213000,1.000000,2518466000.000000,0.968000,0.000000,539953000.000000,51106568000.000000,44623254750.000000,0.000000,36277005000.000000,,,15285713000.000000,,,-530681000.000000,-4574536000.000000,3212945000.000000,4853811000.000000,-1219117000.000000,6829937000.000000,-9304014000.000000,-4719898000.000000,1943396000.000000,0.000000,1117635000.000000,1117635000.000000,1117635000.000000,0.000000,18632000.000000,0.430000,908669000.000000,1609797000.000000,0.000000,1.181000,1.423000,27.920000,25.512000,153560000.000000,0.000000,32.400000,11.998000,10.932000,0.000000,93154000.000000,2600697000.000000,2600697000.000000,0.000000,0.033000,0.055000,0.037000,0.638000,12986000.000000,48340000.000000,1.000000,963097848.000000,877508388.000000,879675845.000000,2.964000,37575826000.000000,0.000000,2876000.000000,0.000000,42.821000
MRY,2023-12-31,2023-12-31,2023-12-31,2023-FY,,32980883507.000000,2025-04-30,153870000.000000,44059841000.000000,42748853250.000000,,,0.084000,24.895000,-4035000.000000,522574000.000000,522574000.000000,100415000.000000,2554622000.000000,,0.729000,16724125000.000000,,,16724125000.000000,0.000000,4298000.000000,0.000000,0.051000,1.610000,3325455000.000000,3329753000.000000,0.922000,3329753000.000000,3325455000.000000,2507399000.000000,2.480000,2.470000,2.480000,25255931000.000000,24112211000.000000,25255931000.000000,49162727507.000000,15.000000,14.765000,2176974000.000000,2.146000,1.000000,3511573000.000000,0.972000,0.000000,818056000.000000,60261392000.000000,58905694750.000000,0.000000,42371210000.000000,,,18402067000.000000,,,313641000.000000,-1266905000.000000,2475139000.000000,169043000.000000,-1583840000.000000,1031790000.000000,-2899095000.000000,-1632922000.000000,2181009000.000000,-63000.000000,2513540000.000000,2513540000.000000,2513540000.000000,0.000000,41082000.000000,0.696000,174742000.000000,3336831000.000000,0.000000,0.649000,1.306000,13.121000,12.855000,150727000.000000,0.000000,31.880000,9.131000,8.954000,0.000000,965762000.000000,3611988000.000000,3611988000.000000,0.000000,0.059000,0.104000,0.056000,0.921000,15536000.000000,59603000.000000,1.000000,1034532105.000000,1014513195.000000,1015776697.000000,3.560000,44059841000.000000,0.000000,-6141000.000000,0.000000,43.430000
MRY,2024-12-31,2024-12-31,2024-12-31,2024-FY,,30792426775.000000,2025-04-30,144574000.000000,45368940000.000000,44739042250.000000,,,0.086000,25.353000,-7526000.000000,524615000.000000,524615000.000000,104317000.000000,2721242000.000000,,0.694000,16732889000.000000,,,16732889000.000000,0.000000,4125000.000000,0.000000,0.058000,1.695000,3514611000.000000,3518736000.000000,0.914000,3518736000.000000,3514611000.000000,2688514000.000000,2.560000,2.560000,2.560000,26537955000.000000,25945742250.000000,26537955000.000000,47180343775.000000,13.000000,13.408000,2373972000.000000,2.268000,1.000000,3744888000.000000,0.973000,0.000000,826097000.000000,61577214000.000000,61039745500.000000,0.000000,43662954000.000000,,,18417139000.000000,,,2041000.000000,0.000000,373346000.000000,-46241000.000000,-1752991000.000000,-1457121000.000000,-922781000.000000,-910355000.000000,2381498000.000000,445000.000000,2678810000.000000,2678810000.000000,2678810000.000000,0.000000,42432000.000000,0.696000,204521000.000000,3540367000.000000,0.000000,0.662000,1.160000,11.495000,11.410000,150727000.000000,0.000000,29.210000,8.000000,7.943000,0.000000,1867400000.000000,3849205000.000000,3849205000.000000,0.000000,0.060000,0.103000,0.058000,0.913000,17511000.000000,69109000.000000,1.000000,1054174145.000000,1046739537.000000,1047675111.000000,3.677000,45368940000.000000,0.000000,9704000.000000,0.000000,43.343000
