dimension,calendardate,datekey,reportperiod,fiscalperiod,workingcapital,marketcap,lastupdated,accoci,assets,assetsavg,assetsc,assetsnc,assetturnover,bvps,capex,cashneq,cashnequsd,cor,consolinc,currentratio,de,debt,debtc,debtnc,debtusd,deferredrev,depamor,deposits,divyield,dps,ebit,ebitda,ebitdamargin,ebitdausd,ebitusd,ebt,eps,epsdil,epsusd,equity,equityavg,equityusd,ev,evebit,evebitda,fcf,fcfps,fxusd,gp,grossmargin,intangibles,intexp,invcap,invcapavg,inventory,investments,investmentsc,investmentsnc,liabilities,liabilitiesc,liabilitiesnc,ncf,ncfbus,ncfcommon,ncfdebt,ncfdiv,ncff,ncfi,ncfinv,ncfo,ncfx,netinc,netinccmn,netinccmnusd,netincdis,netincnci,netmargin,opex,opinc,payables,payoutratio,pb,pe,pe1,ppnenet,prefdivis,price,ps,ps1,receivables,retearn,revenue,revenueusd,rnd,roa,roe,roic,ros,sbcomp,sgna,sharefactor,sharesbas,shareswa,shareswadil,sps,tangibles,taxassets,taxexp,taxliabilities,tbvps
ARQ,2016-12-31,2017-04-05,2017-01-31,2017-Q4,-42838000.000000,,2025-03-06,-167000.000000,130635000.000000,,92790000.000000,37845000.000000,,-12.796000,,23282000.000000,23282000.000000,,,0.684000,-0.601000,0.000000,0.000000,0.000000,0.000000,113723000.000000,,0.000000,,0.000000,,,,,,,,,,-243605000.000000,,-243605000.000000,,,,,,1.000000,,,11785000.000000,,-40060000.000000,,0.000000,14390000.000000,14390000.000000,0.000000,146286000.000000,135628000.000000,10658000.000000,,,,,,,,,,,,,,,,,,,11897000.000000,,,,,11026000.000000,,,,,34544000.000000,-287909000.000000,,,,,,,,,,1.000000,90758777.000000,19038000.000000,,,118850000.000000,0.000000,,0.000000,6.243000
ARQ,2017-03-31,2017-06-08,2017-04-30,2018-Q1,136738000.000000,2587010990.000000,2025-03-06,-99000.000000,320230000.000000,,279799000.000000,40431000.000000,,4.171000,-3656000.000000,221726000.000000,221726000.000000,17463000.000000,-28901000.000000,1.956000,0.930000,0.000000,0.000000,0.000000,0.000000,120644000.000000,1575000.000000,0.000000,0.000000,0.000000,-28653000.000000,-27078000.000000,-0.511000,-27078000.000000,-28653000.000000,-28653000.000000,-0.730000,-0.730000,-0.730000,165919000.000000,,165919000.000000,2365284990.000000,,,-13342000.000000,-0.335000,1.000000,35544000.000000,0.671000,16117000.000000,0.000000,-60674000.000000,,0.000000,2500000.000000,2500000.000000,0.000000,154311000.000000,143061000.000000,11250000.000000,198707000.000000,0.000000,199997000.000000,-207000.000000,0.000000,200108000.000000,8217000.000000,11873000.000000,-9686000.000000,68000.000000,-28901000.000000,-28901000.000000,-28901000.000000,0.000000,0.000000,-0.545000,64178000.000000,-28634000.000000,15909000.000000,0.000000,15.592000,,,13180000.000000,0.000000,27.150000,,,32171000.000000,-317010000.000000,53007000.000000,53007000.000000,15359000.000000,,,,,8906000.000000,48819000.000000,1.000000,95285856.000000,39783000.000000,39783000.000000,1.332000,304113000.000000,0.000000,248000.000000,0.000000,7.644000
ARQ,2017-06-30,2017-09-08,2017-07-31,2018-Q2,121887000.000000,2896156174.000000,2025-03-06,70000.000000,316227000.000000,,274686000.000000,41541000.000000,,1.634000,-4243000.000000,126464000.000000,126464000.000000,19682000.000000,-27002000.000000,1.798000,1.069000,0.000000,0.000000,0.000000,0.000000,131326000.000000,1713000.000000,0.000000,0.000000,0.000000,-26773000.000000,-25060000.000000,-0.411000,-25060000.000000,-26773000.000000,-26773000.000000,-0.290000,-0.290000,-0.290000,152869000.000000,,152869000.000000,2769692174.000000,,,-10481000.000000,-0.112000,1.000000,41313000.000000,0.677000,17333000.000000,0.000000,19631000.000000,,0.000000,86755000.000000,86755000.000000,0.000000,163358000.000000,152799000.000000,10559000.000000,-95246000.000000,0.000000,-49000.000000,-66000.000000,0.000000,-555000.000000,-88519000.000000,-84276000.000000,-6238000.000000,66000.000000,-27002000.000000,-27002000.000000,-27002000.000000,0.000000,0.000000,-0.443000,68468000.000000,-27155000.000000,9848000.000000,0.000000,18.945000,,,13302000.000000,0.000000,30.300000,,,35304000.000000,-344012000.000000,60995000.000000,60995000.000000,16923000.000000,,,,,11978000.000000,51545000.000000,1.000000,95582712.000000,93576000.000000,93576000.000000,0.652000,298894000.000000,0.000000,229000.000000,0.000000,3.194000
ARQ,2017-09-30,2017-12-07,2017-10-31,2018-Q3,123711000.000000,2973128564.000000,2025-03-06,-69000.000000,337157000.000000,,294672000.000000,42485000.000000,,1.639000,-1743000.000000,137575000.000000,137575000.000000,21123000.000000,-33778000.000000,1.724000,1.155000,0.000000,0.000000,0.000000,0.000000,141648000.000000,1823000.000000,0.000000,0.000000,0.000000,-34718000.000000,-32895000.000000,-0.482000,-32895000.000000,-34718000.000000,-34718000.000000,-0.350000,-0.350000,-0.350000,156455000.000000,,156455000.000000,2835553564.000000,,,-11214000.000000,-0.117000,1.000000,47115000.000000,0.690000,17737000.000000,0.000000,10884000.000000,,0.000000,86043000.000000,86043000.000000,0.000000,180702000.000000,170961000.000000,9741000.000000,11101000.000000,0.000000,0.000000,-70000.000000,0.000000,21814000.000000,-1161000.000000,582000.000000,-9471000.000000,-81000.000000,-33778000.000000,-33778000.000000,-33778000.000000,0.000000,0.000000,-0.495000,82342000.000000,-35227000.000000,12875000.000000,0.000000,19.003000,,,13122000.000000,0.000000,29.170000,,,46882000.000000,-377790000.000000,68238000.000000,68238000.000000,19190000.000000,,,,,14408000.000000,63152000.000000,1.000000,101924188.000000,95474000.000000,95474000.000000,0.715000,319420000.000000,0.000000,-940000.000000,0.000000,3.346000
ARQ,2017-12-31,2018-03-12,2018-01-31,2018-Q4,124656000.000000,4153837084.000000,2025-03-06,391000.000000,367397000.000000,,315416000.000000,51981000.000000,,1.971000,-2339000.000000,127949000.000000,127949000.000000,22487000.000000,-24678000.000000,1.653000,1.246000,0.000000,0.000000,0.000000,0.000000,168667000.000000,1890000.000000,0.000000,0.000000,0.000000,-24536000.000000,-22646000.000000,-0.291000,-22646000.000000,-24536000.000000,-24536000.000000,-0.210000,-0.210000,-0.210000,163586000.000000,,163586000.000000,4025888084.000000,-35.000000,-37.388000,-2184000.000000,-0.026000,1.000000,55263000.000000,0.711000,18043000.000000,0.000000,30645000.000000,,0.000000,101765000.000000,101765000.000000,0.000000,203811000.000000,190760000.000000,13051000.000000,-1611000.000000,0.000000,8369000.000000,343000.000000,0.000000,16041000.000000,-18241000.000000,-15902000.000000,155000.000000,434000.000000,-24678000.000000,-24678000.000000,-24678000.000000,0.000000,0.000000,-0.317000,80609000.000000,-25346000.000000,9566000.000000,0.000000,25.392000,-36.323000,-28.761000,12540000.000000,0.000000,39.690000,15.977000,12.671000,52248000.000000,-402468000.000000,77750000.000000,77750000.000000,19349000.000000,,,,,14568000.000000,61260000.000000,1.000000,104657019.000000,83004000.000000,83004000.000000,0.937000,349354000.000000,0.000000,142000.000000,0.000000,4.209000
ARQ,2018-03-31,2018-06-08,2018-04-30,2019-Q1,433237000.000000,5466735527.000000,2025-03-06,-178000.000000,726904000.000000,,636163000.000000,90741000.000000,,2.395000,-5528000.000000,211756000.000000,211756000.000000,24107000.000000,-25962000.000000,3.135000,1.912000,259920000.000000,0.000000,259920000.000000,259920000.000000,177894000.000000,2069000.000000,0.000000,0.000000,0.000000,-26193000.000000,-24124000.000000,-0.288000,-24124000.000000,-26193000.000000,-26193000.000000,-0.250000,-0.250000,-0.250000,249617000.000000,,249617000.000000,5514899527.000000,-49.000000,-52.661000,-1556000.000000,-0.015000,1.000000,59514000.000000,0.712000,18145000.000000,0.000000,553997000.000000,,0.000000,335285000.000000,335285000.000000,0.000000,477287000.000000,202926000.000000,274361000.000000,84088000.000000,0.000000,0.000000,307455000.000000,0.000000,319445000.000000,-238942000.000000,-233414000.000000,3972000.000000,-387000.000000,-25962000.000000,-25962000.000000,-25962000.000000,0.000000,0.000000,-0.310000,84492000.000000,-24978000.000000,11830000.000000,0.000000,21.900000,-49.064000,-46.618000,19176000.000000,0.000000,51.280000,18.812000,18.388000,50368000.000000,-392676000.000000,83621000.000000,83621000.000000,19929000.000000,,,,,14135000.000000,64563000.000000,1.000000,106605607.000000,104203000.000000,104203000.000000,0.802000,708759000.000000,0.000000,-231000.000000,0.000000,6.802000
ARQ,2018-06-30,2018-09-07,2018-07-31,2019-Q2,415236000.000000,7852439202.000000,2025-03-06,-480000.000000,763917000.000000,,633376000.000000,130541000.000000,,2.297000,-5987000.000000,192882000.000000,192882000.000000,28228000.000000,-39207000.000000,2.904000,2.116000,263762000.000000,0.000000,263762000.000000,263762000.000000,191898000.000000,1630000.000000,0.000000,0.000000,0.000000,-40192000.000000,-38562000.000000,-0.408000,-38562000.000000,-40192000.000000,-40192000.000000,-0.370000,-0.370000,-0.370000,245145000.000000,,245145000.000000,7923319202.000000,-63.000000,-67.018000,-11330000.000000,-0.106000,1.000000,66358000.000000,0.702000,34101000.000000,0.000000,582556000.000000,,0.000000,343374000.000000,343374000.000000,0.000000,518772000.000000,218140000.000000,300632000.000000,-18879000.000000,-15638000.000000,6654000.000000,-75000.000000,0.000000,15438000.000000,-28729000.000000,-7104000.000000,-5343000.000000,-245000.000000,-39207000.000000,-39207000.000000,-39207000.000000,0.000000,0.000000,-0.415000,104788000.000000,-38430000.000000,12577000.000000,0.000000,32.032000,-63.518000,-60.949000,40670000.000000,0.000000,71.920000,24.221000,23.671000,59839000.000000,-431883000.000000,94586000.000000,94586000.000000,24829000.000000,,,,,18222000.000000,79959000.000000,1.000000,109182970.000000,106702000.000000,106702000.000000,0.886000,729816000.000000,0.000000,-985000.000000,0.000000,6.840000
ARQ,2018-09-30,2018-12-06,2018-10-31,2019-Q3,413328000.000000,7393865877.000000,2025-03-06,-918000.000000,796709000.000000,,658114000.000000,138595000.000000,,2.248000,-5067000.000000,195898000.000000,195898000.000000,29700000.000000,-29517000.000000,2.689000,2.258000,267665000.000000,0.000000,267665000.000000,267665000.000000,211123000.000000,2125000.000000,0.000000,0.000000,0.000000,-30184000.000000,-28059000.000000,-0.266000,-28059000.000000,-30184000.000000,-30184000.000000,-0.270000,-0.270000,-0.270000,244503000.000000,,244503000.000000,7465632877.000000,-62.000000,-65.840000,1372000.000000,0.013000,1.000000,75876000.000000,0.719000,33063000.000000,0.000000,590627000.000000,,0.000000,350105000.000000,350105000.000000,0.000000,552206000.000000,244786000.000000,307420000.000000,3005000.000000,22000.000000,0.000000,0.000000,0.000000,7469000.000000,-10545000.000000,-5500000.000000,6439000.000000,-358000.000000,-29517000.000000,-29517000.000000,-29517000.000000,0.000000,0.000000,-0.280000,104355000.000000,-28479000.000000,12085000.000000,0.000000,30.240000,-61.944000,-60.864000,44251000.000000,0.000000,66.950000,20.451000,20.144000,70136000.000000,-461400000.000000,105576000.000000,105576000.000000,27596000.000000,,,,,21542000.000000,76759000.000000,1.000000,110438624.000000,108776000.000000,108776000.000000,0.971000,763646000.000000,0.000000,-667000.000000,0.000000,7.020000
ARQ,2018-12-31,2019-03-14,2019-01-31,2019-Q4,145139000.000000,9301234107.000000,2025-03-06,-319000.000000,864335000.000000,,709330000.000000,155005000.000000,,2.289000,-5340000.000000,298394000.000000,298394000.000000,31386000.000000,-30811000.000000,1.257000,2.425000,271628000.000000,271628000.000000,0.000000,271628000.000000,254390000.000000,2177000.000000,0.000000,0.000000,0.000000,-13873000.000000,-11696000.000000,-0.101000,-11696000.000000,-13873000.000000,-28945000.000000,-0.280000,-0.280000,-0.280000,252377000.000000,,252377000.000000,9274468107.000000,-84.000000,-90.535000,4764000.000000,0.043000,1.000000,84085000.000000,0.728000,31986000.000000,15072000.000000,241392000.000000,,0.000000,265374000.000000,265374000.000000,0.000000,611958000.000000,564191000.000000,47767000.000000,106768000.000000,-16000.000000,7073000.000000,0.000000,0.000000,15410000.000000,80896000.000000,86252000.000000,10104000.000000,358000.000000,-30811000.000000,-30811000.000000,-30811000.000000,0.000000,0.000000,-0.267000,111820000.000000,-27735000.000000,17212000.000000,0.000000,36.855000,-74.115000,-70.838000,52921000.000000,0.000000,82.880000,23.297000,22.316000,91926000.000000,-492211000.000000,115471000.000000,115471000.000000,30031000.000000,,,,,22421000.000000,81789000.000000,1.000000,112225315.000000,110255000.000000,110255000.000000,1.047000,832349000.000000,0.000000,1866000.000000,0.000000,7.549000
ARQ,2019-03-31,2019-05-31,2019-04-30,2020-Q1,75016000.000000,12922825732.000000,2025-03-06,-457000.000000,998542000.000000,,676929000.000000,321613000.000000,,2.125000,-8079000.000000,208106000.000000,208106000.000000,35095000.000000,-51966000.000000,1.125000,3.170000,421697000.000000,275653000.000000,146044000.000000,421697000.000000,275704000.000000,3399000.000000,0.000000,0.000000,0.000000,-48882000.000000,-45483000.000000,-0.363000,-45483000.000000,-48882000.000000,-53123000.000000,-0.460000,-0.460000,-0.460000,239444000.000000,,239444000.000000,13136416732.000000,-99.000000,-106.110000,13183000.000000,0.117000,1.000000,90128000.000000,0.720000,75986000.000000,4241000.000000,534234000.000000,,0.000000,339377000.000000,339377000.000000,0.000000,759098000.000000,601913000.000000,157185000.000000,-91365000.000000,-44223000.000000,0.000000,0.000000,0.000000,13262000.000000,-125607000.000000,-73305000.000000,21262000.000000,-282000.000000,-51966000.000000,-51966000.000000,-51966000.000000,0.000000,0.000000,-0.415000,141910000.000000,-51782000.000000,4352000.000000,0.000000,53.970000,-85.299000,-82.043000,172105000.000000,0.000000,113.220000,29.313000,28.939000,83328000.000000,-544177000.000000,125223000.000000,125223000.000000,34032000.000000,,,,,22685000.000000,107878000.000000,1.000000,114139072.000000,112682000.000000,112682000.000000,1.111000,922556000.000000,0.000000,-1157000.000000,0.000000,8.187000
ARQ,2019-06-30,2019-08-29,2019-07-31,2020-Q2,76351000.000000,14848027682.000000,2025-03-06,-1653000.000000,1026810000.000000,,697020000.000000,329790000.000000,,2.180000,-3168000.000000,206753000.000000,206753000.000000,38780000.000000,-42980000.000000,1.123000,3.095000,423447000.000000,279741000.000000,143706000.000000,423447000.000000,291193000.000000,4517000.000000,0.000000,0.000000,0.000000,-40153000.000000,-35636000.000000,-0.254000,-35636000.000000,-40153000.000000,-44457000.000000,-0.370000,-0.370000,-0.370000,250725000.000000,,250725000.000000,15064721682.000000,-113.000000,-124.632000,-4302000.000000,-0.037000,1.000000,101700000.000000,0.724000,82676000.000000,4304000.000000,540159000.000000,,0.000000,350712000.000000,350712000.000000,0.000000,776085000.000000,620669000.000000,155416000.000000,-1352000.000000,0.000000,9005000.000000,0.000000,0.000000,23070000.000000,-22383000.000000,-10715000.000000,-1134000.000000,-905000.000000,-42980000.000000,-42980000.000000,-42980000.000000,0.000000,0.000000,-0.306000,145317000.000000,-43617000.000000,3492000.000000,0.000000,59.220000,-95.625000,-92.159000,168564000.000000,0.000000,127.180000,30.504000,30.056000,87851000.000000,-587157000.000000,140480000.000000,140480000.000000,40045000.000000,,,,,31274000.000000,105272000.000000,1.000000,116748134.000000,115033000.000000,115033000.000000,1.221000,944134000.000000,0.000000,-1477000.000000,0.000000,8.208000
ARQ,2019-09-30,2019-12-06,2019-10-31,2020-Q3,1048206000.000000,14339679550.000000,2025-03-06,135000.000000,1870777000.000000,,1526600000.000000,344177000.000000,,3.349000,-1392000.000000,1039626000.000000,1039626000.000000,40824000.000000,-63495000.000000,3.191000,3.696000,1081424000.000000,99227000.000000,982197000.000000,1081424000.000000,313756000.000000,4420000.000000,0.000000,0.000000,0.000000,-45730000.000000,-41310000.000000,-0.270000,-41310000.000000,-45730000.000000,-63146000.000000,-0.530000,-0.530000,-0.530000,398394000.000000,,398394000.000000,14381477550.000000,-97.000000,-107.224000,9248000.000000,0.078000,1.000000,112213000.000000,0.733000,81790000.000000,17416000.000000,1352391000.000000,,0.000000,326629000.000000,326629000.000000,0.000000,1472383000.000000,478394000.000000,993989000.000000,832873000.000000,0.000000,0.000000,789481000.000000,0.000000,798399000.000000,22888000.000000,24280000.000000,10640000.000000,946000.000000,-63495000.000000,-63495000.000000,-63495000.000000,0.000000,0.000000,-0.415000,157943000.000000,-45730000.000000,4924000.000000,0.000000,35.994000,-75.770000,-72.140000,178476000.000000,0.000000,118.310000,26.843000,26.349000,101778000.000000,-650652000.000000,153037000.000000,153037000.000000,41832000.000000,,,,,35732000.000000,116111000.000000,1.000000,121204290.000000,118976000.000000,118976000.000000,1.286000,1788987000.000000,0.000000,349000.000000,0.000000,15.037000
ARQ,2019-12-31,2020-03-06,2020-01-31,2020-Q4,1052762000.000000,15465887641.000000,2025-03-06,892000.000000,1955395000.000000,,1599725000.000000,355670000.000000,,3.320000,-6691000.000000,520048000.000000,520048000.000000,44683000.000000,-50472000.000000,2.925000,3.824000,1092216000.000000,100703000.000000,991513000.000000,1092216000.000000,371450000.000000,5479000.000000,0.000000,0.000000,0.000000,-44703000.000000,-39224000.000000,-0.234000,-39224000.000000,-44703000.000000,-49606000.000000,-0.410000,-0.410000,-0.410000,405344000.000000,,405344000.000000,16038055641.000000,-86.000000,-95.455000,18144000.000000,0.149000,1.000000,122644000.000000,0.733000,80552000.000000,4903000.000000,1900048000.000000,,0.000000,882976000.000000,882976000.000000,0.000000,1550051000.000000,546963000.000000,1003088000.000000,-519418000.000000,-60000.000000,9762000.000000,-100000.000000,0.000000,18654000.000000,-562939000.000000,-556099000.000000,24835000.000000,32000.000000,-50472000.000000,-50472000.000000,-50472000.000000,0.000000,0.000000,-0.302000,167347000.000000,-44703000.000000,3837000.000000,0.000000,38.155000,-74.030000,-70.770000,178739000.000000,0.000000,125.970000,26.389000,25.196000,130115000.000000,-701124000.000000,167327000.000000,167327000.000000,43360000.000000,,,,,36933000.000000,123987000.000000,1.000000,122774372.000000,122090000.000000,122090000.000000,1.371000,1874843000.000000,0.000000,866000.000000,0.000000,15.356000
ARQ,2020-03-31,2020-05-29,2020-04-30,2021-Q1,1063135000.000000,24371071834.000000,2025-03-06,3742000.000000,2037007000.000000,,1633523000.000000,403484000.000000,,3.345000,-8930000.000000,619221000.000000,619221000.000000,48486000.000000,-57662000.000000,2.864000,3.931000,1142949000.000000,102198000.000000,1040751000.000000,1142949000.000000,398191000.000000,5466000.000000,0.000000,0.000000,0.000000,-47300000.000000,-41834000.000000,-0.229000,-41834000.000000,-47300000.000000,-58064000.000000,-0.470000,-0.470000,-0.470000,413096000.000000,,413096000.000000,24894799834.000000,-140.000000,-157.558000,29767000.000000,0.241000,1.000000,134373000.000000,0.735000,79055000.000000,10764000.000000,1911292000.000000,,0.000000,827556000.000000,827556000.000000,0.000000,1623911000.000000,570388000.000000,1053523000.000000,102340000.000000,0.000000,14172000.000000,0.000000,0.000000,14167000.000000,50604000.000000,59534000.000000,38697000.000000,-1128000.000000,-57662000.000000,-57662000.000000,-57662000.000000,0.000000,0.000000,-0.315000,186572000.000000,-52199000.000000,8021000.000000,0.000000,58.996000,-113.560000,-109.876000,224677000.000000,0.000000,195.580000,37.861000,37.522000,111039000.000000,-758786000.000000,182859000.000000,182859000.000000,48494000.000000,,,,,37728000.000000,138078000.000000,1.000000,124609223.000000,123494000.000000,123494000.000000,1.481000,1957952000.000000,0.000000,-402000.000000,0.000000,15.855000
ARQ,2020-06-30,2020-08-28,2020-07-31,2021-Q2,2173355000.000000,26639805258.000000,2025-03-06,5521000.000000,3115015000.000000,,2706935000.000000,408080000.000000,,5.424000,-4065000.000000,957234000.000000,957234000.000000,51147000.000000,-60100000.000000,5.073000,3.546000,1922224000.000000,43578000.000000,1878646000.000000,1922224000.000000,396820000.000000,7225000.000000,0.000000,0.000000,0.000000,-43602000.000000,-36377000.000000,-0.181000,-36377000.000000,-43602000.000000,-60533000.000000,-0.480000,-0.480000,-0.480000,685197000.000000,,685197000.000000,27604795258.000000,-152.000000,-173.894000,6865000.000000,0.054000,1.000000,149299000.000000,0.745000,78054000.000000,16931000.000000,3468371000.000000,,0.000000,1557279000.000000,1557279000.000000,0.000000,2429818000.000000,533580000.000000,1896238000.000000,336851000.000000,0.000000,26166000.000000,1020909000.000000,0.000000,1047080000.000000,-722865000.000000,-718800000.000000,10930000.000000,1706000.000000,-60100000.000000,-60100000.000000,-60100000.000000,0.000000,0.000000,-0.300000,194687000.000000,-45388000.000000,4726000.000000,0.000000,38.879000,-114.961000,-110.042000,221187000.000000,0.000000,207.980000,37.858000,37.335000,110540000.000000,-818886000.000000,200446000.000000,200446000.000000,53866000.000000,,,,,48378000.000000,140821000.000000,1.000000,128088303.000000,126319000.000000,126319000.000000,1.587000,3036961000.000000,0.000000,-433000.000000,0.000000,24.042000
ARQ,2020-09-30,2020-12-03,2020-10-31,2021-Q3,2183599000.000000,31376104973.000000,2025-03-06,2571000.000000,3170279000.000000,,2757539000.000000,412740000.000000,,5.284000,-1832000.000000,409769000.000000,409769000.000000,56908000.000000,-72764000.000000,4.805000,3.658000,1930768000.000000,35131000.000000,1895637000.000000,1930768000.000000,432114000.000000,11003000.000000,0.000000,0.000000,0.000000,-50187000.000000,-39184000.000000,-0.180000,-39184000.000000,-50187000.000000,-72555000.000000,-0.560000,-0.560000,-0.560000,680648000.000000,,680648000.000000,32897103973.000000,-177.000000,-210.045000,41594000.000000,0.323000,1.000000,160471000.000000,0.738000,76976000.000000,22368000.000000,4040362000.000000,,0.000000,2085373000.000000,2085373000.000000,0.000000,2489631000.000000,573940000.000000,1915691000.000000,-547442000.000000,0.000000,6053000.000000,-843000.000000,0.000000,5210000.000000,-595621000.000000,-593789000.000000,43426000.000000,-457000.000000,-72764000.000000,-72764000.000000,-72764000.000000,0.000000,0.000000,-0.335000,212447000.000000,-51976000.000000,5114000.000000,0.000000,46.097000,-130.192000,-126.224000,217104000.000000,0.000000,242.350000,40.854000,40.648000,139473000.000000,-891650000.000000,217379000.000000,217379000.000000,58150000.000000,,,,,53668000.000000,154297000.000000,1.000000,129466082.000000,128813000.000000,128813000.000000,1.688000,3093303000.000000,0.000000,209000.000000,0.000000,24.014000
ARQ,2020-12-31,2021-03-04,2021-01-31,2021-Q4,1332953000.000000,29682885190.000000,2025-03-06,5390000.000000,3298797000.000000,,2878567000.000000,420230000.000000,,5.331000,-2415000.000000,434607000.000000,434607000.000000,61140000.000000,-75806000.000000,1.862000,3.753000,1945589000.000000,908684000.000000,1036905000.000000,1945589000.000000,513598000.000000,13171000.000000,0.000000,0.000000,0.000000,-52442000.000000,-39271000.000000,-0.167000,-39271000.000000,-52442000.000000,-75039000.000000,-0.580000,-0.580000,-0.580000,694043000.000000,,694043000.000000,31193867190.000000,-161.000000,-199.111000,32494000.000000,0.250000,1.000000,173600000.000000,0.740000,75032000.000000,22597000.000000,3189133000.000000,,0.000000,2121584000.000000,2121584000.000000,0.000000,2604754000.000000,1545614000.000000,1059140000.000000,24928000.000000,0.000000,-20480000.000000,1000.000000,0.000000,25141000.000000,-37264000.000000,-34723000.000000,34909000.000000,2142000.000000,-75806000.000000,-75806000.000000,-75806000.000000,0.000000,0.000000,-0.323000,228196000.000000,-54596000.000000,8557000.000000,0.000000,42.768000,-111.451000,-108.239000,212387000.000000,0.000000,226.220000,35.530000,34.447000,194818000.000000,-967456000.000000,234740000.000000,234740000.000000,62316000.000000,,,,,56407000.000000,165880000.000000,1.000000,131212471.000000,130182000.000000,130182000.000000,1.803000,3223765000.000000,0.000000,767000.000000,0.000000,24.764000
ARQ,2021-03-31,2021-05-27,2021-04-30,2022-Q1,2211678000.000000,29485828918.000000,2025-03-06,5610000.000000,3430447000.000000,,3012139000.000000,418308000.000000,,5.181000,-3269000.000000,659886000.000000,659886000.000000,66123000.000000,-109232000.000000,3.763000,4.024000,1945574000.000000,20781000.000000,1924793000.000000,1945574000.000000,624912000.000000,13134000.000000,0.000000,0.000000,0.000000,-86462000.000000,-73328000.000000,-0.292000,-73328000.000000,-86462000.000000,-109222000.000000,-0.830000,-0.830000,-0.830000,682778000.000000,,682778000.000000,30771516918.000000,-132.000000,-163.539000,52806000.000000,0.401000,1.000000,184883000.000000,0.737000,72213000.000000,22760000.000000,3843461000.000000,,0.000000,2030180000.000000,2030180000.000000,0.000000,2747669000.000000,800461000.000000,1947208000.000000,224806000.000000,0.000000,16190000.000000,-11000.000000,0.000000,16179000.000000,151905000.000000,155287000.000000,56075000.000000,647000.000000,-109232000.000000,-109232000.000000,-109232000.000000,0.000000,0.000000,-0.435000,275564000.000000,-90681000.000000,9542000.000000,0.000000,43.185000,-92.751000,-90.776000,207977000.000000,0.000000,222.400000,32.633000,32.435000,218474000.000000,-1076688000.000000,251006000.000000,251006000.000000,68863000.000000,,,,,64112000.000000,206701000.000000,1.000000,132580166.000000,131777000.000000,131777000.000000,1.905000,3358234000.000000,0.000000,10000.000000,0.000000,25.484000
ARQ,2021-06-30,2021-09-02,2021-07-31,2022-Q2,1964624000.000000,42029612096.000000,2025-03-06,4375000.000000,8932095000.000000,,2877158000.000000,6054937000.000000,,39.920000,-1143000.000000,225265000.000000,225265000.000000,101106000.000000,-276682000.000000,3.153000,0.478000,1959375000.000000,15723000.000000,1943652000.000000,1959375000.000000,737297000.000000,31769000.000000,0.000000,0.000000,0.000000,-261272000.000000,-229503000.000000,-0.727000,-229503000.000000,-261272000.000000,-284144000.000000,-1.830000,-1.830000,-1.830000,6042190000.000000,,6042190000.000000,43763722096.000000,-97.000000,-114.779000,-3751000.000000,-0.025000,1.000000,214394000.000000,0.680000,5675902000.000000,22872000.000000,4077769000.000000,,0.000000,2243638000.000000,2243638000.000000,0.000000,2889905000.000000,912534000.000000,1977371000.000000,-433474000.000000,-148042000.000000,33056000.000000,-2000.000000,0.000000,33054000.000000,-463466000.000000,-314394000.000000,-2608000.000000,-454000.000000,-276682000.000000,-276682000.000000,-276682000.000000,0.000000,0.000000,-0.877000,477834000.000000,-263440000.000000,9414000.000000,0.000000,6.956000,-78.636000,-71.513000,208350000.000000,0.000000,271.750000,41.261000,40.379000,238478000.000000,-1353370000.000000,315500000.000000,315500000.000000,122407000.000000,,,,,187714000.000000,355427000.000000,1.000000,154662786.000000,151357000.000000,151357000.000000,2.084000,3256193000.000000,0.000000,-7462000.000000,0.000000,21.513000
ARQ,2021-09-30,2021-12-02,2021-10-31,2022-Q3,1864702000.000000,34403179232.000000,2025-03-06,404000.000000,8996973000.000000,,2852868000.000000,6144105000.000000,,38.922000,-3736000.000000,372372000.000000,372372000.000000,109674000.000000,-221311000.000000,2.887000,0.503000,1989131000.000000,15956000.000000,1973175000.000000,1989131000.000000,777872000.000000,31728000.000000,0.000000,0.000000,0.000000,-197500000.000000,-165772000.000000,-0.473000,-165772000.000000,-197500000.000000,-220644000.000000,-1.440000,-1.440000,-1.440000,5984555000.000000,,5984555000.000000,36019938232.000000,-60.000000,-70.923000,33384000.000000,0.217000,1.000000,241006000.000000,0.687000,5737697000.000000,23144000.000000,3887869000.000000,,0.000000,2109687000.000000,2109687000.000000,0.000000,3012418000.000000,988166000.000000,2024252000.000000,147106000.000000,-67087000.000000,9225000.000000,-11000.000000,0.000000,9214000.000000,101459000.000000,172282000.000000,37120000.000000,-687000.000000,-221311000.000000,-221311000.000000,-221311000.000000,0.000000,0.000000,-0.631000,439562000.000000,-198556000.000000,11547000.000000,0.000000,5.749000,-50.368000,-47.261000,215273000.000000,0.000000,221.180000,29.866000,29.523000,253568000.000000,-1574681000.000000,350680000.000000,350680000.000000,130535000.000000,,,,,155785000.000000,309027000.000000,1.000000,155543807.000000,153756000.000000,153756000.000000,2.281000,3259276000.000000,0.000000,667000.000000,0.000000,21.198000
ARQ,2021-12-31,2022-03-07,2022-01-31,2022-Q4,1797827000.000000,24193883862.000000,2025-03-06,-12009000.000000,9205695000.000000,,3040633000.000000,6165062000.000000,,38.255000,-8498000.000000,260134000.000000,260134000.000000,119502000.000000,-241186000.000000,2.447000,0.555000,2002519000.000000,16194000.000000,1986325000.000000,2002519000.000000,996222000.000000,30981000.000000,0.000000,0.000000,0.000000,-212280000.000000,-181299000.000000,-0.473000,-181299000.000000,-212280000.000000,-235686000.000000,-1.560000,-1.560000,-1.560000,5921856000.000000,,5921856000.000000,25936268862.000000,-34.000000,-39.908000,5034000.000000,0.033000,1.000000,263513000.000000,0.688000,5718311000.000000,23406000.000000,3986963000.000000,,0.000000,2241657000.000000,2241657000.000000,0.000000,3283839000.000000,1242806000.000000,2041033000.000000,-114412000.000000,-46000.000000,-22903000.000000,0.000000,0.000000,30619000.000000,-156710000.000000,-148053000.000000,13532000.000000,-1853000.000000,-241186000.000000,-241186000.000000,-241186000.000000,0.000000,0.000000,-0.630000,477939000.000000,-214426000.000000,20203000.000000,0.000000,4.086000,-28.517000,-26.946000,213428000.000000,0.000000,154.400000,18.608000,17.579000,397509000.000000,-1815867000.000000,383015000.000000,383015000.000000,147454000.000000,,,,,157869000.000000,330485000.000000,1.000000,156696139.000000,154798000.000000,154798000.000000,2.474000,3487384000.000000,0.000000,5500000.000000,0.000000,22.529000
ARQ,2022-03-31,2022-06-03,2022-04-30,2023-Q1,1713368000.000000,15522322517.000000,2025-03-06,-36148000.000000,9045681000.000000,,2898643000.000000,6147038000.000000,,35.110000,-7815000.000000,194227000.000000,194227000.000000,131165000.000000,-242713000.000000,2.446000,0.653000,2357741000.000000,5198000.000000,2352543000.000000,2357741000.000000,971264000.000000,30060000.000000,0.000000,0.000000,0.000000,-237985000.000000,-207925000.000000,-0.501000,-207925000.000000,-237985000.000000,-240853000.000000,-1.560000,-1.560000,-1.560000,5472694000.000000,,5472694000.000000,17685836517.000000,-19.000000,-22.544000,11016000.000000,0.071000,1.000000,283778000.000000,0.684000,5700166000.000000,2868000.000000,4323754000.000000,,0.000000,2292902000.000000,2292902000.000000,0.000000,3572987000.000000,1185275000.000000,2387712000.000000,-68170000.000000,-3970000.000000,5386000.000000,-4000.000000,0.000000,5382000.000000,-88342000.000000,-75517000.000000,18831000.000000,-4041000.000000,-242713000.000000,-242713000.000000,-242713000.000000,0.000000,0.000000,-0.585000,523467000.000000,-239689000.000000,33752000.000000,0.000000,2.836000,-15.809000,-15.396000,211149000.000000,0.000000,98.380000,10.602000,10.474000,258911000.000000,-1902724000.000000,414943000.000000,414943000.000000,161651000.000000,,,,,169523000.000000,361816000.000000,1.000000,157779249.000000,155875000.000000,155875000.000000,2.662000,3345515000.000000,0.000000,1860000.000000,0.000000,21.463000
ARQ,2022-06-30,2022-09-01,2022-07-31,2023-Q2,1708917000.000000,9627693134.000000,2025-03-06,-41186000.000000,9074007000.000000,,2945502000.000000,6128505000.000000,,34.644000,-5074000.000000,216022000.000000,216022000.000000,137694000.000000,-210472000.000000,2.382000,0.664000,2353896000.000000,5209000.000000,2348687000.000000,2353896000.000000,1011284000.000000,29688000.000000,0.000000,0.000000,0.000000,-203341000.000000,-173653000.000000,-0.384000,-173653000.000000,-203341000.000000,-206256000.000000,-1.340000,-1.340000,-1.340000,5453016000.000000,,5453016000.000000,11765567134.000000,-14.000000,-16.147000,-24123000.000000,-0.153000,1.000000,314113000.000000,0.695000,5681745000.000000,2915000.000000,4293551000.000000,,0.000000,2260956000.000000,2260956000.000000,0.000000,3620991000.000000,1236585000.000000,2384406000.000000,21100000.000000,-90000.000000,22551000.000000,-1000.000000,0.000000,22550000.000000,19630000.000000,26251000.000000,-19049000.000000,-2031000.000000,-210472000.000000,-210472000.000000,-210472000.000000,0.000000,0.000000,-0.466000,522175000.000000,-208062000.000000,43708000.000000,0.000000,1.766000,-10.514000,-10.271000,208898000.000000,0.000000,60.600000,6.016000,5.960000,323377000.000000,-2113196000.000000,451807000.000000,451807000.000000,155836000.000000,,,,,171179000.000000,366339000.000000,1.000000,158872824.000000,157400000.000000,157400000.000000,2.870000,3392262000.000000,0.000000,4216000.000000,0.000000,21.552000
ARQ,2022-09-30,2022-12-01,2022-10-31,2023-Q3,1697491000.000000,10801150883.000000,2025-03-06,-56064000.000000,9093736000.000000,,3006937000.000000,6086799000.000000,,34.073000,-4261000.000000,249624000.000000,249624000.000000,137653000.000000,-208897000.000000,2.296000,0.682000,2345670000.000000,5217000.000000,2340453000.000000,2345670000.000000,1062455000.000000,28251000.000000,0.000000,0.000000,0.000000,-202364000.000000,-174113000.000000,-0.362000,-174113000.000000,-202364000.000000,-205169000.000000,-1.320000,-1.320000,-1.320000,5407612000.000000,,5407612000.000000,12897196883.000000,-15.000000,-17.500000,5719000.000000,0.036000,1.000000,343389000.000000,0.714000,5662100000.000000,2805000.000000,4218236000.000000,,0.000000,2223538000.000000,2223538000.000000,0.000000,3686124000.000000,1309446000.000000,2376678000.000000,33427000.000000,0.000000,5633000.000000,0.000000,0.000000,5633000.000000,21489000.000000,25750000.000000,9980000.000000,-3675000.000000,-208897000.000000,-208897000.000000,-208897000.000000,0.000000,0.000000,-0.434000,549988000.000000,-206599000.000000,49122000.000000,0.000000,1.997000,-11.958000,-11.666000,186091000.000000,0.000000,67.430000,6.241000,6.183000,380754000.000000,-2322093000.000000,481042000.000000,481042000.000000,148484000.000000,,,,,170985000.000000,401504000.000000,1.000000,160183166.000000,158708000.000000,158708000.000000,3.031000,3431636000.000000,0.000000,3728000.000000,0.000000,21.622000
ARQ,2022-12-31,2023-03-03,2023-01-31,2023-Q4,1764000000.000000,13798172402.000000,2025-03-06,-33000000.000000,9307000000.000000,,3229000000.000000,6078000000.000000,,34.150000,-3850000.000000,264000000.000000,264000000.000000,139488000.000000,-152918000.000000,2.204000,0.703000,2335000000.000000,0.000000,2335000000.000000,2335000000.000000,1260000000.000000,26001000.000000,0.000000,0.000000,0.000000,-146310000.000000,-120309000.000000,-0.236000,-120309000.000000,-146310000.000000,-148722000.000000,-0.950000,-0.950000,-0.950000,5466000000.000000,,5466000000.000000,15869172402.000000,-20.000000,-23.475000,72388000.000000,0.452000,1.000000,370720000.000000,0.727000,5641000000.000000,2412000.000000,4272000000.000000,,0.000000,2316000000.000000,2316000000.000000,0.000000,3841000000.000000,1465000000.000000,2376000000.000000,11643000.000000,60000.000000,-2570000.000000,5000.000000,0.000000,14435000.000000,-82777000.000000,-79484000.000000,76238000.000000,3747000.000000,-152918000.000000,-152918000.000000,-152918000.000000,0.000000,0.000000,-0.300000,528370000.000000,-157650000.000000,12000000.000000,0.000000,2.524000,-16.930000,-16.579000,181000000.000000,0.000000,85.550000,7.426000,7.276000,481000000.000000,-2475000000.000000,510208000.000000,510208000.000000,154029000.000000,,,,,165313000.000000,345341000.000000,1.000000,161287813.000000,160060000.000000,160060000.000000,3.188000,3666000000.000000,0.000000,4196000.000000,0.000000,22.904000
ARQ,2023-03-31,2023-06-01,2023-04-30,2024-Q1,1481000000.000000,12126673330.000000,2025-03-06,-20000000.000000,8900000000.000000,,2843000000.000000,6057000000.000000,,34.304000,-5000000.000000,125000000.000000,125000000.000000,142000000.000000,-119000000.000000,2.087000,0.608000,1965000000.000000,0.000000,1965000000.000000,1965000000.000000,1187000000.000000,25000000.000000,0.000000,0.000000,0.000000,-112000000.000000,-87000000.000000,-0.168000,-87000000.000000,-112000000.000000,-115000000.000000,-0.740000,-0.740000,-0.740000,5534000000.000000,,5534000000.000000,13966673330.000000,-21.000000,-25.162000,124000000.000000,0.769000,1.000000,376000000.000000,0.726000,5633000000.000000,3000000.000000,3745000000.000000,,0.000000,2245000000.000000,2245000000.000000,0.000000,3366000000.000000,1362000000.000000,2004000000.000000,-137000000.000000,-22000000.000000,0.000000,-332000000.000000,0.000000,-326000000.000000,59000000.000000,86000000.000000,129000000.000000,1000000.000000,-119000000.000000,-119000000.000000,-119000000.000000,0.000000,0.000000,-0.230000,536000000.000000,-160000000.000000,10000000.000000,0.000000,2.191000,-17.542000,-17.170000,168000000.000000,0.000000,74.690000,6.184000,6.144000,290000000.000000,-2594000000.000000,518000000.000000,518000000.000000,163000000.000000,,,,,166000000.000000,366000000.000000,1.000000,162360066.000000,161323000.000000,161323000.000000,3.211000,3267000000.000000,0.000000,4000000.000000,0.000000,20.251000
ARQ,2023-06-30,2023-08-31,2023-07-31,2024-Q2,1230000000.000000,13699976424.000000,2025-03-06,-14000000.000000,8713000000.000000,,2686000000.000000,6027000000.000000,,34.653000,-4000000.000000,356000000.000000,356000000.000000,149000000.000000,-111000000.000000,1.845000,0.545000,1573000000.000000,0.000000,1573000000.000000,1573000000.000000,1242000000.000000,18000000.000000,0.000000,0.000000,0.000000,-102000000.000000,-84000000.000000,-0.151000,-84000000.000000,-102000000.000000,-104000000.000000,-0.680000,-0.680000,-0.680000,5640000000.000000,,5640000000.000000,14916976424.000000,-27.000000,-32.050000,49000000.000000,0.301000,1.000000,407000000.000000,0.732000,5617000000.000000,2000000.000000,2857000000.000000,,0.000000,1750000000.000000,1750000000.000000,0.000000,3073000000.000000,1456000000.000000,1617000000.000000,234000000.000000,0.000000,26000000.000000,-343000000.000000,0.000000,-315000000.000000,495000000.000000,499000000.000000,53000000.000000,1000000.000000,-111000000.000000,-111000000.000000,-111000000.000000,0.000000,0.000000,-0.200000,569000000.000000,-162000000.000000,13000000.000000,0.000000,2.429000,-23.149000,-22.631000,141000000.000000,0.000000,83.510000,6.634000,6.581000,388000000.000000,-2705000000.000000,556000000.000000,556000000.000000,172000000.000000,,,,,185000000.000000,380000000.000000,1.000000,164051927.000000,162755000.000000,162755000.000000,3.416000,3096000000.000000,0.000000,7000000.000000,0.000000,19.022000
ARQ,2023-09-30,2023-12-01,2023-10-31,2024-Q3,1184000000.000000,12174373040.000000,2025-03-06,-18000000.000000,8740000000.000000,,2727000000.000000,6013000000.000000,,34.858000,-6000000.000000,400000000.000000,400000000.000000,145000000.000000,-81000000.000000,1.767000,0.525000,1421000000.000000,0.000000,1421000000.000000,1421000000.000000,1274000000.000000,21000000.000000,0.000000,0.000000,0.000000,-72000000.000000,-51000000.000000,-0.087000,-51000000.000000,-72000000.000000,-74000000.000000,-0.490000,-0.490000,-0.490000,5730000000.000000,,5730000000.000000,13195373040.000000,-31.000000,-38.548000,150000000.000000,0.913000,1.000000,439000000.000000,0.752000,5603000000.000000,2000000.000000,2615000000.000000,,0.000000,1730000000.000000,1730000000.000000,0.000000,3010000000.000000,1543000000.000000,1467000000.000000,40000000.000000,0.000000,0.000000,-135000000.000000,0.000000,-133000000.000000,20000000.000000,27000000.000000,156000000.000000,-3000000.000000,-81000000.000000,-81000000.000000,-81000000.000000,0.000000,0.000000,-0.139000,550000000.000000,-111000000.000000,11000000.000000,0.000000,2.125000,-26.243000,-25.745000,141000000.000000,0.000000,73.630000,5.615000,5.582000,418000000.000000,-2786000000.000000,584000000.000000,584000000.000000,165000000.000000,,,,,172000000.000000,381000000.000000,1.000000,165345281.000000,164381000.000000,164381000.000000,3.553000,3137000000.000000,0.000000,7000000.000000,0.000000,19.084000
ARQ,2023-12-31,2024-03-01,2024-01-31,2024-Q4,1198000000.000000,18160918214.000000,2025-03-06,-6000000.000000,8989000000.000000,,2980000000.000000,6009000000.000000,,35.464000,-8000000.000000,334000000.000000,334000000.000000,145000000.000000,-44000000.000000,1.672000,0.527000,1266000000.000000,0.000000,1266000000.000000,1266000000.000000,1511000000.000000,20000000.000000,0.000000,0.000000,0.000000,-43000000.000000,-23000000.000000,-0.038000,-23000000.000000,-43000000.000000,-44000000.000000,-0.260000,-0.260000,-0.260000,5888000000.000000,,5888000000.000000,19092918214.000000,-58.000000,-77.930000,166000000.000000,1.000000,1.000000,460000000.000000,0.760000,5588000000.000000,1000000.000000,2551000000.000000,,0.000000,1868000000.000000,1868000000.000000,0.000000,3101000000.000000,1782000000.000000,1319000000.000000,-66000000.000000,0.000000,35000000.000000,-134000000.000000,0.000000,-109000000.000000,-133000000.000000,-125000000.000000,174000000.000000,2000000.000000,-44000000.000000,-44000000.000000,-44000000.000000,0.000000,0.000000,-0.073000,543000000.000000,-83000000.000000,12000000.000000,0.000000,3.084000,-51.158000,-49.995000,131000000.000000,0.000000,108.490000,8.025000,7.845000,559000000.000000,-2830000000.000000,605000000.000000,605000000.000000,156000000.000000,,,,,161000000.000000,359000000.000000,1.000000,167397163.000000,166028000.000000,166028000.000000,3.644000,3401000000.000000,0.000000,0.000000,0.000000,20.484000
ARQ,2024-03-31,2024-05-30,2024-04-30,2025-Q1,1231000000.000000,14940182321.000000,2025-03-06,-17000000.000000,8955000000.000000,,2917000000.000000,6038000000.000000,,35.548000,-5000000.000000,322000000.000000,322000000.000000,148000000.000000,-40000000.000000,1.730000,0.504000,1263000000.000000,0.000000,1263000000.000000,1263000000.000000,1410000000.000000,21000000.000000,0.000000,0.000000,0.000000,-20000000.000000,1000000.000000,0.002000,1000000.000000,-20000000.000000,-22000000.000000,-0.240000,-0.240000,-0.240000,5953000000.000000,,5953000000.000000,15881182321.000000,-67.000000,-101.154000,214000000.000000,1.278000,1.000000,469000000.000000,0.760000,5632000000.000000,2000000.000000,2578000000.000000,,0.000000,1998000000.000000,1998000000.000000,0.000000,3002000000.000000,1686000000.000000,1316000000.000000,-13000000.000000,-56000000.000000,4000000.000000,0.000000,0.000000,-37000000.000000,-194000000.000000,-133000000.000000,219000000.000000,-1000000.000000,-40000000.000000,-40000000.000000,-40000000.000000,0.000000,0.000000,-0.065000,516000000.000000,-47000000.000000,12000000.000000,0.000000,2.510000,-54.131000,-53.180000,128000000.000000,0.000000,88.810000,6.325000,6.297000,307000000.000000,-2870000000.000000,617000000.000000,617000000.000000,163000000.000000,,,,,151000000.000000,353000000.000000,1.000000,168226352.000000,167465000.000000,167465000.000000,3.684000,3323000000.000000,0.000000,18000000.000000,0.000000,19.843000
ARQ,2024-06-30,2024-08-29,2024-07-31,2025-Q2,1378000000.000000,13505732073.000000,2025-03-06,-7000000.000000,9067000000.000000,,3038000000.000000,6029000000.000000,,36.373000,-8000000.000000,515000000.000000,515000000.000000,155000000.000000,29000000.000000,1.830000,0.478000,1220000000.000000,0.000000,1220000000.000000,1220000000.000000,1415000000.000000,21000000.000000,0.000000,0.000000,0.000000,13000000.000000,34000000.000000,0.053000,34000000.000000,13000000.000000,12000000.000000,0.180000,0.150000,0.180000,6133000000.000000,,6133000000.000000,14210732073.000000,-116.000000,-364.378000,78000000.000000,0.463000,1.000000,491000000.000000,0.760000,5616000000.000000,1000000.000000,2496000000.000000,,0.000000,1843000000.000000,1843000000.000000,0.000000,2934000000.000000,1660000000.000000,1274000000.000000,193000000.000000,0.000000,29000000.000000,-40000000.000000,0.000000,-50000000.000000,156000000.000000,164000000.000000,86000000.000000,1000000.000000,29000000.000000,29000000.000000,29000000.000000,0.000000,0.000000,0.045000,510000000.000000,-19000000.000000,11000000.000000,0.000000,2.202000,-99.307000,-98.160000,129000000.000000,0.000000,79.510000,5.508000,5.468000,377000000.000000,-2841000000.000000,646000000.000000,646000000.000000,164000000.000000,,,,,148000000.000000,346000000.000000,1.000000,169862056.000000,168612000.000000,174443000.000000,3.831000,3451000000.000000,0.000000,-17000000.000000,0.000000,20.467000
ARQ,2024-09-30,2024-12-04,2024-10-31,2025-Q3,769000000.000000,14755367253.000000,2025-03-06,-3000000.000000,9010000000.000000,,3003000000.000000,6007000000.000000,,36.806000,-5000000.000000,310000000.000000,310000000.000000,157000000.000000,16000000.000000,1.344000,0.438000,960000000.000000,509000000.000000,451000000.000000,960000000.000000,1440000000.000000,22000000.000000,0.000000,0.000000,0.000000,26000000.000000,48000000.000000,0.072000,48000000.000000,26000000.000000,25000000.000000,0.090000,0.000000,0.090000,6265000000.000000,,6265000000.000000,15405367253.000000,-642.000000,256.756000,154000000.000000,0.905000,1.000000,508000000.000000,0.764000,5599000000.000000,1000000.000000,1827000000.000000,,0.000000,1938000000.000000,1938000000.000000,0.000000,2745000000.000000,2234000000.000000,511000000.000000,-204000000.000000,0.000000,8000000.000000,-240000000.000000,0.000000,-265000000.000000,-99000000.000000,-94000000.000000,159000000.000000,1000000.000000,16000000.000000,16000000.000000,16000000.000000,0.000000,0.000000,0.024000,524000000.000000,-16000000.000000,12000000.000000,0.000000,2.355000,-378.343000,-374.391000,125000000.000000,0.000000,86.110000,5.825000,5.787000,463000000.000000,-2825000000.000000,665000000.000000,665000000.000000,158000000.000000,,,,,135000000.000000,366000000.000000,1.000000,171354863.000000,170217000.000000,170673000.000000,3.907000,3411000000.000000,0.000000,9000000.000000,0.000000,20.039000
ARQ,2024-12-31,2025-03-05,2025-01-31,2025-Q4,893000000.000000,20191784005.000000,2025-03-06,-12000000.000000,9437000000.000000,,3416000000.000000,6021000000.000000,,37.249000,-2000000.000000,409000000.000000,409000000.000000,158000000.000000,23000000.000000,1.354000,0.473000,952000000.000000,509000000.000000,443000000.000000,952000000.000000,1718000000.000000,24000000.000000,0.000000,0.000000,0.000000,32000000.000000,56000000.000000,0.082000,56000000.000000,32000000.000000,31000000.000000,0.130000,0.140000,0.130000,6405000000.000000,,6405000000.000000,20734784005.000000,407.000000,149.171000,284000000.000000,1.652000,1.000000,524000000.000000,0.768000,5586000000.000000,1000000.000000,1871000000.000000,,0.000000,2114000000.000000,2114000000.000000,0.000000,3032000000.000000,2523000000.000000,509000000.000000,97000000.000000,0.000000,28000000.000000,0.000000,0.000000,-7000000.000000,-177000000.000000,-175000000.000000,286000000.000000,-5000000.000000,23000000.000000,23000000.000000,23000000.000000,0.000000,0.000000,0.034000,516000000.000000,8000000.000000,13000000.000000,0.000000,3.153000,721.135000,726.938000,117000000.000000,0.000000,116.310000,7.736000,7.557000,621000000.000000,-2802000000.000000,682000000.000000,682000000.000000,157000000.000000,,,,,131000000.000000,348000000.000000,1.000000,173603164.000000,171951000.000000,191040000.000000,3.966000,3851000000.000000,0.000000,8000000.000000,0.000000,22.396000
ART,2016-12-31,2017-04-05,2017-01-31,2017-Q4,-42838000.000000,,2025-03-06,-167000.000000,130635000.000000,,92790000.000000,37845000.000000,,-12.796000,-11742000.000000,23282000.000000,23282000.000000,55949000.000000,-83509000.000000,0.684000,-0.601000,0.000000,0.000000,0.000000,0.000000,113723000.000000,4568000.000000,0.000000,,0.000000,-83084000.000000,-78516000.000000,-0.490000,-78516000.000000,-83084000.000000,-83084000.000000,-4.390000,-4.390000,-4.390000,-243605000.000000,,-243605000.000000,,,,-53843000.000000,-2.828000,1.000000,104377000.000000,0.651000,11785000.000000,0.000000,-40060000.000000,,0.000000,14390000.000000,14390000.000000,0.000000,146286000.000000,135628000.000000,10658000.000000,-34799000.000000,0.000000,0.000000,-396000.000000,0.000000,457000.000000,6965000.000000,18707000.000000,-42101000.000000,-120000.000000,-83509000.000000,-83509000.000000,-83509000.000000,0.000000,0.000000,-0.521000,187500000.000000,-83123000.000000,11897000.000000,0.000000,,,,11026000.000000,0.000000,,,,34544000.000000,-287909000.000000,160326000.000000,160326000.000000,38659000.000000,,,,-0.518000,17127000.000000,148841000.000000,1.000000,90758777.000000,19038000.000000,19038000.000000,8.421000,118850000.000000,0.000000,425000.000000,0.000000,6.243000
ART,2017-03-31,2017-06-08,2017-04-30,2018-Q1,136738000.000000,2587010990.000000,2025-03-06,-99000.000000,320230000.000000,,279799000.000000,40431000.000000,,4.171000,,221726000.000000,221726000.000000,,,1.956000,0.930000,0.000000,0.000000,0.000000,0.000000,120644000.000000,,0.000000,0.000000,0.000000,,,,,,,,,,165919000.000000,,165919000.000000,2365284990.000000,,,,,1.000000,,,16117000.000000,,-60674000.000000,,0.000000,2500000.000000,2500000.000000,0.000000,154311000.000000,143061000.000000,11250000.000000,,,,,,,,,,,,,,,,,,,15909000.000000,,15.592000,,,13180000.000000,,27.150000,,,32171000.000000,-317010000.000000,,,,,,,,,,1.000000,95285856.000000,39783000.000000,,,304113000.000000,0.000000,,0.000000,7.644000
ART,2017-06-30,2017-09-08,2017-07-31,2018-Q2,121887000.000000,2896156174.000000,2025-03-06,70000.000000,316227000.000000,,274686000.000000,41541000.000000,,1.634000,,126464000.000000,126464000.000000,,,1.798000,1.069000,0.000000,0.000000,0.000000,0.000000,131326000.000000,,0.000000,0.000000,0.000000,,,,,,,,,,152869000.000000,,152869000.000000,2769692174.000000,,,,,1.000000,,,17333000.000000,,19631000.000000,,0.000000,86755000.000000,86755000.000000,0.000000,163358000.000000,152799000.000000,10559000.000000,,,,,,,,,,,,,,,,,,,9848000.000000,,18.945000,,,13302000.000000,,30.300000,,,35304000.000000,-344012000.000000,,,,,,,,,,1.000000,95582712.000000,93576000.000000,,,298894000.000000,0.000000,,0.000000,3.194000
ART,2017-09-30,2017-12-07,2017-10-31,2018-Q3,123711000.000000,2973128564.000000,2025-03-06,-69000.000000,337157000.000000,276062250.000000,294672000.000000,42485000.000000,,1.639000,,137575000.000000,137575000.000000,,,1.724000,1.155000,0.000000,0.000000,0.000000,0.000000,141648000.000000,,0.000000,0.000000,0.000000,,,,,,,,,,156455000.000000,57909500.000000,156455000.000000,2835553564.000000,,,,,1.000000,,,17737000.000000,,10884000.000000,-17554750.000000,0.000000,86043000.000000,86043000.000000,0.000000,180702000.000000,170961000.000000,9741000.000000,,,,,,,,,,,,,,,,,,,12875000.000000,,19.003000,,,13122000.000000,,29.170000,,,46882000.000000,-377790000.000000,,,,,,,,,,1.000000,101924188.000000,95474000.000000,,,319420000.000000,0.000000,,0.000000,3.346000
ART,2017-12-31,2018-03-12,2018-01-31,2018-Q4,124656000.000000,4153837084.000000,2025-03-06,391000.000000,367397000.000000,335252750.000000,315416000.000000,51981000.000000,0.776000,1.971000,-11981000.000000,127949000.000000,127949000.000000,80755000.000000,-114359000.000000,1.653000,1.246000,0.000000,0.000000,0.000000,0.000000,168667000.000000,7001000.000000,0.000000,0.000000,0.000000,-114680000.000000,-107679000.000000,-0.414000,-107679000.000000,-114680000.000000,-114680000.000000,-1.380000,-1.380000,-1.380000,163586000.000000,159707250.000000,163586000.000000,4025888084.000000,-35.000000,-37.388000,-37221000.000000,-0.448000,1.000000,179235000.000000,0.689000,18043000.000000,0.000000,30645000.000000,121500.000000,0.000000,101765000.000000,101765000.000000,0.000000,203811000.000000,190760000.000000,13051000.000000,112951000.000000,0.000000,208317000.000000,0.000000,0.000000,237408000.000000,-99704000.000000,-87723000.000000,-25240000.000000,487000.000000,-114359000.000000,-114359000.000000,-114359000.000000,0.000000,0.000000,-0.440000,295597000.000000,-116362000.000000,9566000.000000,0.000000,25.392000,-36.323000,-28.761000,12540000.000000,0.000000,39.690000,15.977000,12.671000,52248000.000000,-402468000.000000,259990000.000000,259990000.000000,70821000.000000,-0.341000,-0.716000,-943.868000,-0.441000,49860000.000000,224776000.000000,1.000000,104657019.000000,83004000.000000,83004000.000000,3.132000,349354000.000000,0.000000,-321000.000000,0.000000,4.209000
ART,2018-03-31,2018-06-08,2018-04-30,2019-Q1,433237000.000000,5466735527.000000,2025-03-06,-178000.000000,726904000.000000,436921250.000000,636163000.000000,90741000.000000,0.665000,2.395000,-13853000.000000,211756000.000000,211756000.000000,87399000.000000,-111420000.000000,3.135000,1.912000,259920000.000000,0.000000,259920000.000000,259920000.000000,177894000.000000,7495000.000000,0.000000,0.000000,0.000000,-112220000.000000,-104725000.000000,-0.360000,-104725000.000000,-112220000.000000,-112220000.000000,-1.100000,-1.100000,-1.100000,249617000.000000,180631750.000000,249617000.000000,5514899527.000000,-49.000000,-52.661000,-25435000.000000,-0.244000,1.000000,203205000.000000,0.699000,18145000.000000,0.000000,553997000.000000,153789250.000000,0.000000,335285000.000000,335285000.000000,0.000000,477287000.000000,202926000.000000,274361000.000000,-1668000.000000,0.000000,8320000.000000,307662000.000000,0.000000,356745000.000000,-346863000.000000,-333010000.000000,-11582000.000000,32000.000000,-111420000.000000,-111420000.000000,-111420000.000000,0.000000,0.000000,-0.383000,315911000.000000,-112706000.000000,11830000.000000,0.000000,21.900000,-49.064000,-46.618000,19176000.000000,0.000000,51.280000,18.812000,18.388000,50368000.000000,-392676000.000000,290604000.000000,290604000.000000,75391000.000000,-0.255000,-0.617000,-0.730000,-0.386000,55089000.000000,240520000.000000,1.000000,106605607.000000,104203000.000000,104203000.000000,2.789000,708759000.000000,0.000000,-800000.000000,0.000000,6.802000
ART,2018-06-30,2018-09-07,2018-07-31,2019-Q2,415236000.000000,7852439202.000000,2025-03-06,-480000.000000,763917000.000000,548843750.000000,633376000.000000,130541000.000000,0.591000,2.297000,-15597000.000000,192882000.000000,192882000.000000,95945000.000000,-123625000.000000,2.904000,2.116000,263762000.000000,0.000000,263762000.000000,263762000.000000,191898000.000000,7412000.000000,0.000000,0.000000,0.000000,-125639000.000000,-118227000.000000,-0.365000,-118227000.000000,-125639000.000000,-125639000.000000,-1.180000,-1.180000,-1.180000,245145000.000000,203700750.000000,245145000.000000,7923319202.000000,-63.000000,-67.018000,-26284000.000000,-0.246000,1.000000,228250000.000000,0.704000,34101000.000000,0.000000,582556000.000000,294520500.000000,0.000000,343374000.000000,343374000.000000,0.000000,518772000.000000,218140000.000000,300632000.000000,74699000.000000,-15638000.000000,15023000.000000,307653000.000000,0.000000,372738000.000000,-287073000.000000,-255838000.000000,-10687000.000000,-279000.000000,-123625000.000000,-123625000.000000,-123625000.000000,0.000000,0.000000,-0.381000,352231000.000000,-123981000.000000,12577000.000000,0.000000,32.032000,-63.518000,-60.949000,40670000.000000,0.000000,71.920000,24.221000,23.671000,59839000.000000,-431883000.000000,324195000.000000,324195000.000000,83297000.000000,-0.225000,-0.607000,-0.427000,-0.388000,61333000.000000,268934000.000000,1.000000,109182970.000000,106702000.000000,106702000.000000,3.038000,729816000.000000,0.000000,-2014000.000000,0.000000,6.840000
ART,2018-09-30,2018-12-06,2018-10-31,2019-Q3,413328000.000000,7393865877.000000,2025-03-06,-918000.000000,796709000.000000,663731750.000000,658114000.000000,138595000.000000,0.545000,2.248000,-18921000.000000,195898000.000000,195898000.000000,104522000.000000,-119364000.000000,2.689000,2.258000,267665000.000000,0.000000,267665000.000000,267665000.000000,211123000.000000,7714000.000000,0.000000,0.000000,0.000000,-121105000.000000,-113391000.000000,-0.314000,-113391000.000000,-121105000.000000,-121105000.000000,-1.100000,-1.100000,-1.100000,244503000.000000,225712750.000000,244503000.000000,7465632877.000000,-62.000000,-65.840000,-13698000.000000,-0.126000,1.000000,257011000.000000,0.711000,33063000.000000,0.000000,590627000.000000,439456250.000000,0.000000,350105000.000000,350105000.000000,0.000000,552206000.000000,244786000.000000,307420000.000000,66603000.000000,-15616000.000000,15023000.000000,307723000.000000,0.000000,358393000.000000,-296457000.000000,-261920000.000000,5223000.000000,-556000.000000,-119364000.000000,-119364000.000000,-119364000.000000,0.000000,0.000000,-0.330000,374244000.000000,-117233000.000000,12085000.000000,0.000000,30.240000,-61.944000,-60.864000,44251000.000000,0.000000,66.950000,20.451000,20.144000,70136000.000000,-461400000.000000,361533000.000000,361533000.000000,91703000.000000,-0.180000,-0.529000,-0.276000,-0.335000,68467000.000000,282541000.000000,1.000000,110438624.000000,108776000.000000,108776000.000000,3.324000,763646000.000000,0.000000,-1741000.000000,0.000000,7.020000
ART,2018-12-31,2019-03-14,2019-01-31,2019-Q4,145139000.000000,9301234107.000000,2025-03-06,-319000.000000,864335000.000000,787966250.000000,709330000.000000,155005000.000000,0.507000,2.348000,-21922000.000000,298394000.000000,298394000.000000,113421000.000000,-125497000.000000,1.257000,2.425000,271628000.000000,271628000.000000,0.000000,271628000.000000,254390000.000000,8001000.000000,0.000000,0.000000,0.000000,-110442000.000000,-102441000.000000,-0.257000,-102441000.000000,-110442000.000000,-125514000.000000,-1.170000,-1.170000,-1.170000,252377000.000000,247910500.000000,252377000.000000,9274468107.000000,-84.000000,-90.535000,-6750000.000000,-0.063000,1.000000,285833000.000000,0.716000,31986000.000000,15072000.000000,241392000.000000,492143000.000000,0.000000,265374000.000000,265374000.000000,0.000000,611958000.000000,564191000.000000,47767000.000000,174982000.000000,-15632000.000000,13727000.000000,307380000.000000,0.000000,357762000.000000,-197320000.000000,-159766000.000000,15172000.000000,-632000.000000,-125497000.000000,-125497000.000000,-125497000.000000,0.000000,0.000000,-0.314000,405455000.000000,-119622000.000000,17212000.000000,0.000000,36.855000,-74.115000,-70.838000,52921000.000000,0.000000,82.880000,23.297000,22.316000,91926000.000000,-492211000.000000,399254000.000000,399254000.000000,102385000.000000,-0.159000,-0.506000,-0.224000,-0.277000,76320000.000000,303070000.000000,1.000000,112225315.000000,107504000.000000,107504000.000000,3.714000,832349000.000000,0.000000,-17000.000000,0.000000,7.742000
ART,2019-03-31,2019-05-31,2019-04-30,2020-Q1,75016000.000000,12922825732.000000,2025-03-06,-457000.000000,998542000.000000,855875750.000000,676929000.000000,321613000.000000,0.515000,2.125000,-24473000.000000,208106000.000000,208106000.000000,124409000.000000,-151501000.000000,1.125000,3.170000,421697000.000000,275653000.000000,146044000.000000,421697000.000000,275704000.000000,9331000.000000,0.000000,0.000000,0.000000,-133131000.000000,-123800000.000000,-0.281000,-123800000.000000,-133131000.000000,-152444000.000000,-1.380000,-1.380000,-1.380000,239444000.000000,245367250.000000,239444000.000000,13136416732.000000,-99.000000,-106.110000,7989000.000000,0.071000,1.000000,316447000.000000,0.718000,75986000.000000,19313000.000000,534234000.000000,487202250.000000,0.000000,339377000.000000,339377000.000000,0.000000,759098000.000000,601913000.000000,157185000.000000,-471000.000000,-59855000.000000,13727000.000000,-75000.000000,0.000000,51579000.000000,-83985000.000000,343000.000000,32462000.000000,-527000.000000,-151501000.000000,-151501000.000000,-151501000.000000,0.000000,0.000000,-0.344000,462873000.000000,-146426000.000000,4352000.000000,0.000000,53.970000,-85.299000,-82.043000,172105000.000000,0.000000,113.220000,29.313000,28.939000,83328000.000000,-544177000.000000,440856000.000000,440856000.000000,116488000.000000,-0.177000,-0.617000,-0.273000,-0.302000,84870000.000000,346385000.000000,1.000000,114139072.000000,112682000.000000,112682000.000000,3.912000,922556000.000000,0.000000,-943000.000000,0.000000,8.187000
ART,2019-06-30,2019-08-29,2019-07-31,2020-Q2,76351000.000000,14848027682.000000,2025-03-06,-1653000.000000,1026810000.000000,921599000.000000,697020000.000000,329790000.000000,0.528000,2.180000,-21654000.000000,206753000.000000,206753000.000000,134961000.000000,-155274000.000000,1.123000,3.095000,423447000.000000,279741000.000000,143706000.000000,423447000.000000,291193000.000000,12218000.000000,0.000000,0.000000,0.000000,-133092000.000000,-120874000.000000,-0.248000,-120874000.000000,-133092000.000000,-156709000.000000,-1.380000,-1.380000,-1.380000,250725000.000000,246762250.000000,250725000.000000,15064721682.000000,-113.000000,-124.632000,15017000.000000,0.131000,1.000000,351789000.000000,0.723000,82676000.000000,23617000.000000,540159000.000000,476603000.000000,0.000000,350712000.000000,350712000.000000,0.000000,776085000.000000,620669000.000000,155416000.000000,17056000.000000,-44217000.000000,16078000.000000,0.000000,0.000000,59211000.000000,-77639000.000000,-3268000.000000,36671000.000000,-1187000.000000,-155274000.000000,-155274000.000000,-155274000.000000,0.000000,0.000000,-0.319000,503402000.000000,-151613000.000000,3492000.000000,0.000000,59.220000,-95.625000,-92.159000,168564000.000000,0.000000,127.180000,30.504000,30.056000,87851000.000000,-587157000.000000,486750000.000000,486750000.000000,131704000.000000,-0.168000,-0.629000,-0.279000,-0.273000,97922000.000000,371698000.000000,1.000000,116748134.000000,115033000.000000,115033000.000000,4.231000,944134000.000000,0.000000,-1435000.000000,0.000000,8.208000
ART,2019-09-30,2019-12-06,2019-10-31,2020-Q3,1048206000.000000,14339679550.000000,2025-03-06,135000.000000,1870777000.000000,1190116000.000000,1526600000.000000,344177000.000000,0.449000,3.349000,-17979000.000000,1039626000.000000,1039626000.000000,146085000.000000,-189252000.000000,3.191000,3.696000,1081424000.000000,99227000.000000,982197000.000000,1081424000.000000,313756000.000000,14513000.000000,0.000000,0.000000,0.000000,-148638000.000000,-134125000.000000,-0.251000,-134125000.000000,-148638000.000000,-189671000.000000,-1.640000,-1.640000,-1.640000,398394000.000000,285235000.000000,398394000.000000,14381477550.000000,-97.000000,-107.224000,22893000.000000,0.192000,1.000000,388126000.000000,0.727000,81790000.000000,41033000.000000,1352391000.000000,667044000.000000,0.000000,326629000.000000,326629000.000000,0.000000,1472383000.000000,478394000.000000,993989000.000000,846924000.000000,-44239000.000000,16078000.000000,789481000.000000,0.000000,850141000.000000,-44206000.000000,26512000.000000,40872000.000000,117000.000000,-189252000.000000,-189252000.000000,-189252000.000000,0.000000,0.000000,-0.354000,556990000.000000,-168864000.000000,4924000.000000,0.000000,35.994000,-75.770000,-72.140000,178476000.000000,0.000000,118.310000,26.843000,26.349000,101778000.000000,-650652000.000000,534211000.000000,534211000.000000,145940000.000000,-0.159000,-0.663000,-0.223000,-0.278000,112112000.000000,411050000.000000,1.000000,121204290.000000,118976000.000000,118976000.000000,4.490000,1788987000.000000,0.000000,-419000.000000,0.000000,15.037000
ART,2019-12-31,2020-03-06,2020-01-31,2020-Q4,1052762000.000000,15465887641.000000,2025-03-06,892000.000000,1955395000.000000,1462881000.000000,1599725000.000000,355670000.000000,0.401000,3.458000,-19330000.000000,520048000.000000,520048000.000000,159382000.000000,-208913000.000000,2.925000,3.824000,1092216000.000000,100703000.000000,991513000.000000,1092216000.000000,371450000.000000,17815000.000000,0.000000,0.000000,0.000000,-185832000.000000,-168017000.000000,-0.287000,-168017000.000000,-185832000.000000,-210332000.000000,-1.780000,-1.780000,-1.780000,405344000.000000,323476750.000000,405344000.000000,16038055641.000000,-86.000000,-95.455000,36273000.000000,0.309000,1.000000,426685000.000000,0.728000,80552000.000000,24500000.000000,1900048000.000000,1081708000.000000,0.000000,882976000.000000,882976000.000000,0.000000,1550051000.000000,546963000.000000,1003088000.000000,220738000.000000,-44283000.000000,18767000.000000,789381000.000000,0.000000,853385000.000000,-688041000.000000,-615839000.000000,55603000.000000,-209000.000000,-208913000.000000,-208913000.000000,-208913000.000000,0.000000,0.000000,-0.356000,612517000.000000,-185832000.000000,3837000.000000,0.000000,38.155000,-74.030000,-70.770000,178739000.000000,0.000000,125.970000,26.389000,25.196000,130115000.000000,-701124000.000000,586067000.000000,586067000.000000,159269000.000000,-0.143000,-0.646000,-0.172000,-0.317000,126624000.000000,453248000.000000,1.000000,122774372.000000,117221000.000000,117221000.000000,5.000000,1874843000.000000,0.000000,-1419000.000000,0.000000,15.994000
ART,2020-03-31,2020-05-29,2020-04-30,2021-Q1,1063135000.000000,24371071834.000000,2025-03-06,3742000.000000,2037007000.000000,1722497250.000000,1633523000.000000,403484000.000000,0.374000,3.345000,-20181000.000000,619221000.000000,619221000.000000,172773000.000000,-214609000.000000,2.864000,3.931000,1142949000.000000,102198000.000000,1040751000.000000,1142949000.000000,398191000.000000,19882000.000000,0.000000,0.000000,0.000000,-177886000.000000,-158004000.000000,-0.245000,-158004000.000000,-177886000.000000,-215273000.000000,-1.780000,-1.780000,-1.780000,413096000.000000,366889750.000000,413096000.000000,24894799834.000000,-140.000000,-157.558000,52857000.000000,0.428000,1.000000,470930000.000000,0.732000,79055000.000000,37387000.000000,1911292000.000000,1425972500.000000,0.000000,827556000.000000,827556000.000000,0.000000,1623911000.000000,570388000.000000,1053523000.000000,414443000.000000,-60000.000000,32939000.000000,789381000.000000,0.000000,854290000.000000,-511830000.000000,-483000000.000000,73038000.000000,-1055000.000000,-214609000.000000,-214609000.000000,-214609000.000000,0.000000,0.000000,-0.333000,657179000.000000,-186249000.000000,8021000.000000,0.000000,58.996000,-113.560000,-109.876000,224677000.000000,0.000000,195.580000,37.861000,37.522000,111039000.000000,-758786000.000000,643703000.000000,643703000.000000,173731000.000000,-0.125000,-0.585000,-0.125000,-0.276000,141667000.000000,483448000.000000,1.000000,124609223.000000,123494000.000000,123494000.000000,5.212000,1957952000.000000,0.000000,-664000.000000,0.000000,15.855000
ART,2020-06-30,2020-08-28,2020-07-31,2021-Q2,2173355000.000000,26639805258.000000,2025-03-06,5521000.000000,3115015000.000000,2244548500.000000,2706935000.000000,408080000.000000,0.314000,5.424000,-21078000.000000,957234000.000000,957234000.000000,185140000.000000,-231729000.000000,5.073000,3.546000,1922224000.000000,43578000.000000,1878646000.000000,1922224000.000000,396820000.000000,22590000.000000,0.000000,0.000000,0.000000,-181335000.000000,-158745000.000000,-0.226000,-158745000.000000,-181335000.000000,-231349000.000000,-1.890000,-1.890000,-1.890000,685197000.000000,475507750.000000,685197000.000000,27604795258.000000,-152.000000,-173.894000,64024000.000000,0.507000,1.000000,518529000.000000,0.737000,78054000.000000,50014000.000000,3468371000.000000,2158025500.000000,0.000000,1557279000.000000,1557279000.000000,0.000000,2429818000.000000,533580000.000000,1896238000.000000,752646000.000000,-60000.000000,50100000.000000,1810290000.000000,0.000000,1878300000.000000,-1212312000.000000,-1191085000.000000,85102000.000000,1556000.000000,-231729000.000000,-231729000.000000,-231729000.000000,0.000000,0.000000,-0.329000,706549000.000000,-188020000.000000,4726000.000000,0.000000,38.879000,-114.961000,-110.042000,221187000.000000,0.000000,207.980000,37.858000,37.335000,110540000.000000,-818886000.000000,703669000.000000,703669000.000000,187552000.000000,-0.103000,-0.487000,-0.084000,-0.258000,158771000.000000,518997000.000000,1.000000,128088303.000000,126319000.000000,126319000.000000,5.571000,3036961000.000000,0.000000,380000.000000,0.000000,24.042000
ART,2020-09-30,2020-12-03,2020-10-31,2021-Q3,2183599000.000000,31376104973.000000,2025-03-06,2571000.000000,3170279000.000000,2569424000.000000,2757539000.000000,412740000.000000,0.299000,5.284000,-21518000.000000,409769000.000000,409769000.000000,201224000.000000,-240998000.000000,4.805000,3.658000,1930768000.000000,35131000.000000,1895637000.000000,1930768000.000000,432114000.000000,29173000.000000,0.000000,0.000000,0.000000,-185792000.000000,-156619000.000000,-0.204000,-156619000.000000,-185792000.000000,-240758000.000000,-1.920000,-1.920000,-1.920000,680648000.000000,546071250.000000,680648000.000000,32897103973.000000,-177.000000,-210.045000,96370000.000000,0.748000,1.000000,566787000.000000,0.738000,76976000.000000,54966000.000000,4040362000.000000,2830018250.000000,0.000000,2085373000.000000,2085373000.000000,0.000000,2489631000.000000,573940000.000000,1915691000.000000,-627669000.000000,-60000.000000,56153000.000000,1019966000.000000,0.000000,1085111000.000000,-1830821000.000000,-1809154000.000000,117888000.000000,153000.000000,-240998000.000000,-240998000.000000,-240998000.000000,0.000000,0.000000,-0.314000,761053000.000000,-194266000.000000,5114000.000000,0.000000,46.097000,-130.192000,-126.224000,217104000.000000,0.000000,242.350000,40.854000,40.648000,139473000.000000,-891650000.000000,768011000.000000,768011000.000000,203870000.000000,-0.094000,-0.441000,-0.066000,-0.242000,176707000.000000,557183000.000000,1.000000,129466082.000000,128813000.000000,128813000.000000,5.962000,3093303000.000000,0.000000,240000.000000,0.000000,24.014000
ART,2020-12-31,2021-03-04,2021-01-31,2021-Q4,1332953000.000000,29682885190.000000,2025-03-06,5390000.000000,3298797000.000000,2905274500.000000,2878567000.000000,420230000.000000,0.288000,5.456000,-17242000.000000,434607000.000000,434607000.000000,217681000.000000,-266332000.000000,1.862000,3.753000,1945589000.000000,908684000.000000,1036905000.000000,1945589000.000000,513598000.000000,36865000.000000,0.000000,0.000000,0.000000,-193531000.000000,-156666000.000000,-0.188000,-156666000.000000,-193531000.000000,-266191000.000000,-2.090000,-2.090000,-2.090000,694043000.000000,618246000.000000,694043000.000000,31193867190.000000,-161.000000,-199.111000,110720000.000000,0.870000,1.000000,617743000.000000,0.739000,75032000.000000,72660000.000000,3189133000.000000,3152289500.000000,0.000000,2121584000.000000,2121584000.000000,0.000000,2604754000.000000,1545614000.000000,1059140000.000000,-83323000.000000,0.000000,25911000.000000,1020067000.000000,0.000000,1091598000.000000,-1305146000.000000,-1287778000.000000,127962000.000000,2263000.000000,-266332000.000000,-266332000.000000,-266332000.000000,0.000000,0.000000,-0.319000,821902000.000000,-204159000.000000,8557000.000000,0.000000,42.768000,-111.451000,-108.239000,212387000.000000,0.000000,226.220000,35.530000,34.447000,194818000.000000,-967456000.000000,835424000.000000,835424000.000000,222826000.000000,-0.092000,-0.431000,-0.061000,-0.232000,196181000.000000,599076000.000000,1.000000,131212471.000000,127212000.000000,127212000.000000,6.567000,3223765000.000000,0.000000,141000.000000,0.000000,25.342000
ART,2021-03-31,2021-05-27,2021-04-30,2022-Q1,2211678000.000000,29485828918.000000,2025-03-06,5610000.000000,3430447000.000000,3253634500.000000,3012139000.000000,418308000.000000,0.278000,5.181000,-11581000.000000,659886000.000000,659886000.000000,235318000.000000,-317902000.000000,3.763000,4.024000,1945574000.000000,20781000.000000,1924793000.000000,1945574000.000000,624912000.000000,44533000.000000,0.000000,0.000000,0.000000,-232693000.000000,-188160000.000000,-0.208000,-188160000.000000,-232693000.000000,-317349000.000000,-2.450000,-2.450000,-2.450000,682778000.000000,685666500.000000,682778000.000000,30771516918.000000,-132.000000,-163.539000,133759000.000000,1.015000,1.000000,668253000.000000,0.740000,72213000.000000,84656000.000000,3843461000.000000,3635331750.000000,0.000000,2030180000.000000,2030180000.000000,0.000000,2747669000.000000,800461000.000000,1947208000.000000,39143000.000000,0.000000,27929000.000000,1020056000.000000,0.000000,1093610000.000000,-1203845000.000000,-1192025000.000000,145340000.000000,4038000.000000,-317902000.000000,-317902000.000000,-317902000.000000,0.000000,0.000000,-0.352000,910894000.000000,-242641000.000000,9542000.000000,0.000000,43.185000,-92.751000,-90.776000,207977000.000000,0.000000,222.400000,32.633000,32.435000,218474000.000000,-1076688000.000000,903571000.000000,903571000.000000,243195000.000000,-0.098000,-0.464000,-0.064000,-0.258000,222565000.000000,667699000.000000,1.000000,132580166.000000,131777000.000000,131777000.000000,6.857000,3358234000.000000,0.000000,553000.000000,0.000000,25.484000
ART,2021-06-30,2021-09-02,2021-07-31,2022-Q2,1964624000.000000,42029612096.000000,2025-03-06,4375000.000000,8932095000.000000,4707904500.000000,2877158000.000000,6054937000.000000,0.216000,39.920000,-8659000.000000,225265000.000000,225265000.000000,285277000.000000,-534484000.000000,3.153000,0.478000,1959375000.000000,15723000.000000,1943652000.000000,1959375000.000000,737297000.000000,69077000.000000,0.000000,0.000000,0.000000,-450363000.000000,-381286000.000000,-0.374000,-381286000.000000,-450363000.000000,-540960000.000000,-3.800000,-3.800000,-3.800000,6042190000.000000,2024914750.000000,6042190000.000000,43763722096.000000,-97.000000,-114.779000,123143000.000000,0.814000,1.000000,733348000.000000,0.720000,5675902000.000000,90597000.000000,4077769000.000000,3787681250.000000,0.000000,2243638000.000000,2243638000.000000,0.000000,2889905000.000000,912534000.000000,1977371000.000000,-731182000.000000,-148042000.000000,34819000.000000,-855000.000000,0.000000,79584000.000000,-944446000.000000,-787619000.000000,131802000.000000,1878000.000000,-534484000.000000,-534484000.000000,-534484000.000000,0.000000,0.000000,-0.525000,1194041000.000000,-460693000.000000,9414000.000000,0.000000,6.956000,-78.636000,-71.513000,208350000.000000,0.000000,271.750000,41.261000,40.379000,238478000.000000,-1353370000.000000,1018625000.000000,1018625000.000000,311736000.000000,-0.114000,-0.264000,-0.119000,-0.442000,361901000.000000,882305000.000000,1.000000,154662786.000000,151357000.000000,151357000.000000,6.730000,3256193000.000000,0.000000,-6476000.000000,0.000000,21.513000
ART,2021-09-30,2021-12-02,2021-10-31,2022-Q3,1864702000.000000,34403179232.000000,2025-03-06,404000.000000,8996973000.000000,6164578000.000000,2852868000.000000,6144105000.000000,0.187000,38.922000,-10563000.000000,372372000.000000,372372000.000000,338043000.000000,-683031000.000000,2.887000,0.503000,1989131000.000000,15956000.000000,1973175000.000000,1989131000.000000,777872000.000000,89802000.000000,0.000000,0.000000,0.000000,-597676000.000000,-507874000.000000,-0.441000,-507874000.000000,-597676000.000000,-689049000.000000,-4.680000,-4.680000,-4.680000,5984555000.000000,3350891500.000000,5984555000.000000,36019938232.000000,-60.000000,-70.923000,114933000.000000,0.748000,1.000000,813883000.000000,0.707000,5737697000.000000,91373000.000000,3887869000.000000,3749558000.000000,0.000000,2109687000.000000,2109687000.000000,0.000000,3012418000.000000,988166000.000000,2024252000.000000,-36634000.000000,-215129000.000000,37991000.000000,-23000.000000,0.000000,83588000.000000,-247366000.000000,-21548000.000000,125496000.000000,1648000.000000,-683031000.000000,-683031000.000000,-683031000.000000,0.000000,0.000000,-0.593000,1421156000.000000,-607273000.000000,11547000.000000,0.000000,5.749000,-50.368000,-47.261000,215273000.000000,0.000000,221.180000,29.866000,29.523000,253568000.000000,-1574681000.000000,1151926000.000000,1151926000.000000,384121000.000000,-0.111000,-0.204000,-0.159000,-0.519000,464018000.000000,1037035000.000000,1.000000,155543807.000000,153756000.000000,153756000.000000,7.492000,3259276000.000000,0.000000,-6018000.000000,0.000000,21.198000
ART,2021-12-31,2022-03-07,2022-01-31,2022-Q4,1797827000.000000,24193883862.000000,2025-03-06,-12009000.000000,9205695000.000000,7641302500.000000,3040633000.000000,6165062000.000000,0.170000,40.003000,-16646000.000000,260134000.000000,260134000.000000,396405000.000000,-848411000.000000,2.447000,0.555000,2002519000.000000,16194000.000000,1986325000.000000,2002519000.000000,996222000.000000,107612000.000000,0.000000,0.000000,0.000000,-757514000.000000,-649902000.000000,-0.500000,-649902000.000000,-757514000.000000,-849696000.000000,-5.730000,-5.730000,-5.730000,5921856000.000000,4657844750.000000,5921856000.000000,25936268862.000000,-34.000000,-39.908000,87473000.000000,0.591000,1.000000,903796000.000000,0.695000,5718311000.000000,92182000.000000,3986963000.000000,3949015500.000000,0.000000,2241657000.000000,2241657000.000000,0.000000,3283839000.000000,1242806000.000000,2041033000.000000,-175974000.000000,-215175000.000000,35568000.000000,-24000.000000,0.000000,89066000.000000,-366812000.000000,-134878000.000000,104119000.000000,-2347000.000000,-848411000.000000,-848411000.000000,-848411000.000000,0.000000,0.000000,-0.653000,1670899000.000000,-767103000.000000,20203000.000000,0.000000,4.086000,-28.517000,-26.946000,213428000.000000,0.000000,154.400000,18.608000,17.579000,397509000.000000,-1815867000.000000,1300201000.000000,1300201000.000000,469259000.000000,-0.111000,-0.182000,-0.192000,-0.583000,565480000.000000,1201640000.000000,1.000000,156696139.000000,148036000.000000,148036000.000000,8.783000,3487384000.000000,0.000000,-1285000.000000,0.000000,23.558000
ART,2022-03-31,2022-06-03,2022-04-30,2023-Q1,1713368000.000000,15522322517.000000,2025-03-06,-36148000.000000,9045681000.000000,9045111000.000000,2898643000.000000,6147038000.000000,0.162000,35.110000,-21192000.000000,194227000.000000,194227000.000000,461447000.000000,-981892000.000000,2.446000,0.653000,2357741000.000000,5198000.000000,2352543000.000000,2357741000.000000,971264000.000000,124538000.000000,0.000000,0.000000,0.000000,-909037000.000000,-784499000.000000,-0.536000,-784499000.000000,-909037000.000000,-981327000.000000,-6.390000,-6.390000,-6.390000,5472694000.000000,5855323750.000000,5472694000.000000,17685836517.000000,-19.000000,-22.544000,45683000.000000,0.293000,1.000000,1002691000.000000,0.685000,5700166000.000000,72290000.000000,4323754000.000000,4069088750.000000,0.000000,2292902000.000000,2292902000.000000,0.000000,3572987000.000000,1185275000.000000,2387712000.000000,-468950000.000000,-219145000.000000,24764000.000000,-17000.000000,0.000000,78269000.000000,-607059000.000000,-365682000.000000,66875000.000000,-7035000.000000,-981892000.000000,-981892000.000000,-981892000.000000,0.000000,0.000000,-0.671000,1918802000.000000,-916111000.000000,33752000.000000,0.000000,2.836000,-15.809000,-15.396000,211149000.000000,0.000000,98.380000,10.602000,10.474000,258911000.000000,-1902724000.000000,1464138000.000000,1464138000.000000,562047000.000000,-0.109000,-0.168000,-0.223000,-0.621000,670891000.000000,1356755000.000000,1.000000,157779249.000000,155875000.000000,155875000.000000,9.393000,3345515000.000000,0.000000,565000.000000,0.000000,21.463000
ART,2022-06-30,2022-09-01,2022-07-31,2023-Q2,1708917000.000000,9627693134.000000,2025-03-06,-41186000.000000,9074007000.000000,9080589000.000000,2945502000.000000,6128505000.000000,0.176000,34.644000,-25123000.000000,216022000.000000,216022000.000000,498035000.000000,-915682000.000000,2.382000,0.664000,2353896000.000000,5209000.000000,2348687000.000000,2353896000.000000,1011284000.000000,122457000.000000,0.000000,0.000000,0.000000,-851106000.000000,-728649000.000000,-0.455000,-728649000.000000,-851106000.000000,-903439000.000000,-5.900000,-5.900000,-5.900000,5453016000.000000,5708030250.000000,5453016000.000000,11765567134.000000,-14.000000,-16.147000,25311000.000000,0.161000,1.000000,1102410000.000000,0.689000,5681745000.000000,52333000.000000,4293551000.000000,4123034250.000000,0.000000,2260956000.000000,2260956000.000000,0.000000,3620991000.000000,1236585000.000000,2384406000.000000,-14376000.000000,-71193000.000000,14259000.000000,-16000.000000,0.000000,67765000.000000,-123963000.000000,-25037000.000000,50434000.000000,-8612000.000000,-915682000.000000,-915682000.000000,-915682000.000000,0.000000,0.000000,-0.572000,1963143000.000000,-860733000.000000,43708000.000000,0.000000,1.766000,-10.514000,-10.271000,208898000.000000,0.000000,60.600000,6.016000,5.960000,323377000.000000,-2113196000.000000,1600445000.000000,1600445000.000000,595476000.000000,-0.101000,-0.160000,-0.206000,-0.532000,654356000.000000,1367667000.000000,1.000000,158872824.000000,157400000.000000,157400000.000000,10.168000,3392262000.000000,0.000000,12243000.000000,0.000000,21.552000
ART,2022-09-30,2022-12-01,2022-10-31,2023-Q3,1697491000.000000,10801150883.000000,2025-03-06,-56064000.000000,9093736000.000000,9104779750.000000,3006937000.000000,6086799000.000000,0.190000,34.073000,-25648000.000000,249624000.000000,249624000.000000,526014000.000000,-903268000.000000,2.296000,0.682000,2345670000.000000,5217000.000000,2340453000.000000,2345670000.000000,1062455000.000000,118980000.000000,0.000000,0.000000,0.000000,-855970000.000000,-736990000.000000,-0.426000,-736990000.000000,-855970000.000000,-887964000.000000,-5.780000,-5.780000,-5.780000,5407612000.000000,5563794500.000000,5407612000.000000,12897196883.000000,-15.000000,-17.500000,-2354000.000000,-0.015000,1.000000,1204793000.000000,0.696000,5662100000.000000,31994000.000000,4218236000.000000,4205626000.000000,0.000000,2223538000.000000,2223538000.000000,0.000000,3686124000.000000,1309446000.000000,2376678000.000000,-128055000.000000,-4106000.000000,10667000.000000,-5000.000000,0.000000,64184000.000000,-203933000.000000,-171569000.000000,23294000.000000,-11600000.000000,-903268000.000000,-903268000.000000,-903268000.000000,0.000000,0.000000,-0.522000,2073569000.000000,-868776000.000000,49122000.000000,0.000000,1.997000,-11.958000,-11.666000,186091000.000000,0.000000,67.430000,6.241000,6.183000,380754000.000000,-2322093000.000000,1730807000.000000,1730807000.000000,613425000.000000,-0.099000,-0.162000,-0.204000,-0.495000,669556000.000000,1460144000.000000,1.000000,160183166.000000,158708000.000000,158708000.000000,10.906000,3431636000.000000,0.000000,15304000.000000,0.000000,21.622000
ART,2022-12-31,2023-03-03,2023-01-31,2023-Q4,1764000000.000000,13798172402.000000,2025-03-06,-33000000.000000,9307000000.000000,9130106000.000000,3229000000.000000,6078000000.000000,0.204000,34.590000,-21000000.000000,264000000.000000,264000000.000000,546000000.000000,-815000000.000000,2.204000,0.703000,2335000000.000000,0.000000,2335000000.000000,2335000000.000000,1260000000.000000,114000000.000000,0.000000,0.000000,0.000000,-790000000.000000,-676000000.000000,-0.364000,-676000000.000000,-790000000.000000,-801000000.000000,-5.160000,-5.160000,-5.160000,5466000000.000000,5449830500.000000,5466000000.000000,15869172402.000000,-20.000000,-23.475000,65000000.000000,0.411000,1.000000,1312000000.000000,0.706000,5641000000.000000,11000000.000000,4272000000.000000,4276885250.000000,0.000000,2316000000.000000,2316000000.000000,0.000000,3841000000.000000,1465000000.000000,2376000000.000000,-2000000.000000,-4000000.000000,31000000.000000,0.000000,0.000000,48000000.000000,-130000000.000000,-103000000.000000,86000000.000000,-6000000.000000,-815000000.000000,-815000000.000000,-815000000.000000,0.000000,0.000000,-0.439000,2124000000.000000,-812000000.000000,12000000.000000,0.000000,2.524000,-16.930000,-16.579000,181000000.000000,0.000000,85.550000,7.426000,7.276000,481000000.000000,-2475000000.000000,1858000000.000000,1858000000.000000,620000000.000000,-0.089000,-0.150000,-0.185000,-0.425000,677000000.000000,1475000000.000000,1.000000,161287813.000000,158023000.000000,158023000.000000,11.758000,3666000000.000000,0.000000,14000000.000000,0.000000,23.199000
ART,2023-03-31,2023-06-01,2023-04-30,2024-Q1,1481000000.000000,12126673330.000000,2025-03-06,-20000000.000000,8900000000.000000,9093685750.000000,2843000000.000000,6057000000.000000,0.216000,34.304000,-18185000.000000,125000000.000000,125000000.000000,556835000.000000,-691287000.000000,2.087000,0.608000,1965000000.000000,0.000000,1965000000.000000,1965000000.000000,1187000000.000000,108940000.000000,0.000000,0.000000,0.000000,-664015000.000000,-555075000.000000,-0.283000,-555075000.000000,-664015000.000000,-675147000.000000,-4.350000,-4.350000,-4.350000,5534000000.000000,5465157000.000000,5534000000.000000,13966673330.000000,-21.000000,-25.162000,177984000.000000,1.103000,1.000000,1404222000.000000,0.716000,5633000000.000000,11132000.000000,3745000000.000000,4132196750.000000,0.000000,2245000000.000000,2245000000.000000,0.000000,3366000000.000000,1362000000.000000,2004000000.000000,-70830000.000000,-22030000.000000,25614000.000000,-331996000.000000,0.000000,-283382000.000000,17342000.000000,58517000.000000,196169000.000000,-959000.000000,-691287000.000000,-691287000.000000,-691287000.000000,0.000000,0.000000,-0.353000,2136533000.000000,-732311000.000000,10000000.000000,0.000000,2.191000,-17.542000,-17.170000,168000000.000000,0.000000,74.690000,6.184000,6.144000,290000000.000000,-2594000000.000000,1961057000.000000,1961057000.000000,621349000.000000,-0.076000,-0.126000,-0.161000,-0.339000,673477000.000000,1479184000.000000,1.000000,162360066.000000,161323000.000000,161323000.000000,12.156000,3267000000.000000,0.000000,16140000.000000,0.000000,20.251000
ART,2023-06-30,2023-08-31,2023-07-31,2024-Q2,1230000000.000000,13699976424.000000,2025-03-06,-14000000.000000,8713000000.000000,9003434000.000000,2686000000.000000,6027000000.000000,0.229000,34.653000,-17111000.000000,356000000.000000,356000000.000000,568141000.000000,-591815000.000000,1.845000,0.545000,1573000000.000000,0.000000,1573000000.000000,1573000000.000000,1242000000.000000,97252000.000000,0.000000,0.000000,0.000000,-562674000.000000,-465422000.000000,-0.225000,-465422000.000000,-562674000.000000,-572891000.000000,-3.690000,-3.690000,-3.690000,5640000000.000000,5511903000.000000,5640000000.000000,14916976424.000000,-27.000000,-32.050000,251107000.000000,1.543000,1.000000,1497109000.000000,0.725000,5617000000.000000,10217000.000000,2857000000.000000,3773059000.000000,0.000000,1750000000.000000,1750000000.000000,0.000000,3073000000.000000,1456000000.000000,1617000000.000000,142070000.000000,-21940000.000000,29063000.000000,-674995000.000000,0.000000,-620932000.000000,492712000.000000,531266000.000000,268218000.000000,2072000.000000,-591815000.000000,-591815000.000000,-591815000.000000,0.000000,0.000000,-0.287000,2183358000.000000,-686249000.000000,13000000.000000,0.000000,2.429000,-23.149000,-22.631000,141000000.000000,0.000000,83.510000,6.634000,6.581000,388000000.000000,-2705000000.000000,2065250000.000000,2065250000.000000,637513000.000000,-0.066000,-0.107000,-0.149000,-0.272000,687298000.000000,1492845000.000000,1.000000,164051927.000000,162755000.000000,162755000.000000,12.689000,3096000000.000000,0.000000,18924000.000000,0.000000,19.022000
ART,2023-09-30,2023-12-01,2023-10-31,2024-Q3,1184000000.000000,12174373040.000000,2025-03-06,-18000000.000000,8740000000.000000,8915000000.000000,2727000000.000000,6013000000.000000,0.243000,34.858000,-18850000.000000,400000000.000000,400000000.000000,575488000.000000,-463918000.000000,1.767000,0.525000,1421000000.000000,0.000000,1421000000.000000,1421000000.000000,1274000000.000000,90001000.000000,0.000000,0.000000,0.000000,-432310000.000000,-342309000.000000,-0.158000,-342309000.000000,-432310000.000000,-441722000.000000,-2.860000,-2.860000,-2.860000,5730000000.000000,5592500000.000000,5730000000.000000,13195373040.000000,-31.000000,-38.548000,395388000.000000,2.405000,1.000000,1592720000.000000,0.735000,5603000000.000000,9412000.000000,2615000000.000000,3372250000.000000,0.000000,1730000000.000000,1730000000.000000,0.000000,3010000000.000000,1543000000.000000,1467000000.000000,148643000.000000,-21940000.000000,23430000.000000,-809995000.000000,0.000000,-759565000.000000,491223000.000000,532516000.000000,414238000.000000,2747000.000000,-463918000.000000,-463918000.000000,-463918000.000000,0.000000,0.000000,-0.214000,2183370000.000000,-590650000.000000,11000000.000000,0.000000,2.125000,-26.243000,-25.745000,141000000.000000,0.000000,73.630000,5.615000,5.582000,418000000.000000,-2786000000.000000,2168208000.000000,2168208000.000000,654029000.000000,-0.052000,-0.083000,-0.128000,-0.199000,688313000.000000,1472341000.000000,1.000000,165345281.000000,164381000.000000,164381000.000000,13.190000,3137000000.000000,0.000000,22196000.000000,0.000000,19.084000
ART,2023-12-31,2024-03-01,2024-01-31,2024-Q4,1198000000.000000,18160918214.000000,2025-03-06,-6000000.000000,8989000000.000000,8835500000.000000,2980000000.000000,6009000000.000000,0.256000,35.983000,-23000000.000000,334000000.000000,334000000.000000,581000000.000000,-355000000.000000,1.672000,0.527000,1266000000.000000,0.000000,1266000000.000000,1266000000.000000,1511000000.000000,84000000.000000,0.000000,0.000000,0.000000,-329000000.000000,-245000000.000000,-0.108000,-245000000.000000,-329000000.000000,-337000000.000000,-2.170000,-2.170000,-2.170000,5888000000.000000,5698000000.000000,5888000000.000000,19092918214.000000,-58.000000,-77.930000,489000000.000000,2.988000,1.000000,1682000000.000000,0.743000,5588000000.000000,8000000.000000,2551000000.000000,2942000000.000000,0.000000,1868000000.000000,1868000000.000000,0.000000,3101000000.000000,1782000000.000000,1319000000.000000,71000000.000000,-22000000.000000,61000000.000000,-944000000.000000,0.000000,-883000000.000000,441000000.000000,487000000.000000,512000000.000000,1000000.000000,-355000000.000000,-355000000.000000,-355000000.000000,0.000000,0.000000,-0.157000,2198000000.000000,-516000000.000000,12000000.000000,0.000000,3.084000,-51.158000,-49.995000,131000000.000000,0.000000,108.490000,8.025000,7.845000,559000000.000000,-2830000000.000000,2263000000.000000,2263000000.000000,656000000.000000,-0.040000,-0.062000,-0.112000,-0.145000,684000000.000000,1486000000.000000,1.000000,167397163.000000,163634000.000000,163634000.000000,13.830000,3401000000.000000,0.000000,18000000.000000,0.000000,20.784000
ART,2024-03-31,2024-05-30,2024-04-30,2025-Q1,1231000000.000000,14940182321.000000,2025-03-06,-17000000.000000,8955000000.000000,8849250000.000000,2917000000.000000,6038000000.000000,0.267000,35.548000,-23000000.000000,322000000.000000,322000000.000000,587000000.000000,-276000000.000000,1.730000,0.504000,1263000000.000000,0.000000,1263000000.000000,1263000000.000000,1410000000.000000,80000000.000000,0.000000,0.000000,0.000000,-237000000.000000,-157000000.000000,-0.066000,-157000000.000000,-237000000.000000,-244000000.000000,-1.670000,-1.670000,-1.670000,5953000000.000000,5802750000.000000,5953000000.000000,15881182321.000000,-67.000000,-101.154000,579000000.000000,3.457000,1.000000,1775000000.000000,0.751000,5632000000.000000,7000000.000000,2578000000.000000,2650250000.000000,0.000000,1998000000.000000,1998000000.000000,0.000000,3002000000.000000,1686000000.000000,1316000000.000000,195000000.000000,-56000000.000000,65000000.000000,-612000000.000000,0.000000,-594000000.000000,188000000.000000,268000000.000000,602000000.000000,-1000000.000000,-276000000.000000,-276000000.000000,-276000000.000000,0.000000,0.000000,-0.117000,2178000000.000000,-403000000.000000,12000000.000000,0.000000,2.510000,-54.131000,-53.180000,128000000.000000,0.000000,88.810000,6.325000,6.297000,307000000.000000,-2870000000.000000,2362000000.000000,2362000000.000000,656000000.000000,-0.031000,-0.048000,-0.089000,-0.100000,669000000.000000,1473000000.000000,1.000000,168226352.000000,167465000.000000,167465000.000000,14.104000,3323000000.000000,0.000000,32000000.000000,0.000000,19.843000
ART,2024-06-30,2024-08-29,2024-07-31,2025-Q2,1378000000.000000,13505732073.000000,2025-03-06,-7000000.000000,9067000000.000000,8937750000.000000,3038000000.000000,6029000000.000000,0.274000,36.373000,-27000000.000000,515000000.000000,515000000.000000,593000000.000000,-136000000.000000,1.830000,0.478000,1220000000.000000,0.000000,1220000000.000000,1220000000.000000,1415000000.000000,83000000.000000,0.000000,0.000000,0.000000,-122000000.000000,-39000000.000000,-0.016000,-39000000.000000,-122000000.000000,-128000000.000000,-0.810000,-0.840000,-0.810000,6133000000.000000,5926000000.000000,6133000000.000000,14210732073.000000,-116.000000,-364.378000,608000000.000000,3.606000,1.000000,1859000000.000000,0.758000,5616000000.000000,6000000.000000,2496000000.000000,2560000000.000000,0.000000,1843000000.000000,1843000000.000000,0.000000,2934000000.000000,1660000000.000000,1274000000.000000,154000000.000000,-56000000.000000,68000000.000000,-309000000.000000,0.000000,-329000000.000000,-151000000.000000,-67000000.000000,635000000.000000,-1000000.000000,-136000000.000000,-136000000.000000,-136000000.000000,0.000000,0.000000,-0.055000,2119000000.000000,-260000000.000000,11000000.000000,0.000000,2.202000,-99.307000,-98.160000,129000000.000000,0.000000,79.510000,5.508000,5.468000,377000000.000000,-2841000000.000000,2452000000.000000,2452000000.000000,648000000.000000,-0.015000,-0.023000,-0.048000,-0.050000,632000000.000000,1439000000.000000,1.000000,169862056.000000,168612000.000000,174443000.000000,14.542000,3451000000.000000,0.000000,8000000.000000,0.000000,20.467000
ART,2024-09-30,2024-12-04,2024-10-31,2025-Q3,769000000.000000,14755367253.000000,2025-03-06,-3000000.000000,9010000000.000000,9005250000.000000,3003000000.000000,6007000000.000000,0.281000,36.806000,-26000000.000000,310000000.000000,310000000.000000,605000000.000000,-39000000.000000,1.344000,0.438000,960000000.000000,509000000.000000,451000000.000000,960000000.000000,1440000000.000000,84000000.000000,0.000000,0.000000,0.000000,-24000000.000000,60000000.000000,0.024000,60000000.000000,-24000000.000000,-29000000.000000,-0.230000,-0.350000,-0.230000,6265000000.000000,6059750000.000000,6265000000.000000,15405367253.000000,-642.000000,256.756000,612000000.000000,3.595000,1.000000,1928000000.000000,0.761000,5599000000.000000,5000000.000000,1827000000.000000,2363000000.000000,0.000000,1938000000.000000,1938000000.000000,0.000000,2745000000.000000,2234000000.000000,511000000.000000,-90000000.000000,-56000000.000000,76000000.000000,-414000000.000000,0.000000,-461000000.000000,-270000000.000000,-188000000.000000,638000000.000000,3000000.000000,-39000000.000000,-39000000.000000,-39000000.000000,0.000000,0.000000,-0.015000,2093000000.000000,-165000000.000000,12000000.000000,0.000000,2.355000,-378.343000,-374.391000,125000000.000000,0.000000,86.110000,5.825000,5.787000,463000000.000000,-2825000000.000000,2533000000.000000,2533000000.000000,641000000.000000,-0.004000,-0.006000,-0.010000,-0.009000,595000000.000000,1424000000.000000,1.000000,171354863.000000,170217000.000000,170673000.000000,14.881000,3411000000.000000,0.000000,10000000.000000,0.000000,20.039000
ART,2024-12-31,2025-03-05,2025-01-31,2025-Q4,893000000.000000,20191784005.000000,2025-03-06,-12000000.000000,9437000000.000000,9117250000.000000,3416000000.000000,6021000000.000000,0.286000,37.772000,-20000000.000000,409000000.000000,409000000.000000,618000000.000000,28000000.000000,1.354000,0.473000,952000000.000000,509000000.000000,443000000.000000,952000000.000000,1718000000.000000,88000000.000000,0.000000,0.000000,0.000000,51000000.000000,139000000.000000,0.053000,139000000.000000,51000000.000000,46000000.000000,0.160000,0.060000,0.160000,6405000000.000000,6189000000.000000,6405000000.000000,20734784005.000000,407.000000,149.171000,730000000.000000,4.305000,1.000000,1992000000.000000,0.763000,5586000000.000000,5000000.000000,1871000000.000000,2193000000.000000,0.000000,2114000000.000000,2114000000.000000,0.000000,3032000000.000000,2523000000.000000,509000000.000000,73000000.000000,-56000000.000000,69000000.000000,-280000000.000000,0.000000,-359000000.000000,-314000000.000000,-238000000.000000,750000000.000000,-4000000.000000,28000000.000000,28000000.000000,28000000.000000,0.000000,0.000000,0.011000,2066000000.000000,-74000000.000000,13000000.000000,0.000000,3.153000,721.135000,726.938000,117000000.000000,0.000000,116.310000,7.736000,7.557000,621000000.000000,-2802000000.000000,2610000000.000000,2610000000.000000,642000000.000000,0.003000,0.005000,0.023000,0.020000,565000000.000000,1413000000.000000,1.000000,173603164.000000,169569000.000000,175086000.000000,15.392000,3851000000.000000,0.000000,18000000.000000,0.000000,22.711000
ARY,2016-12-31,2017-04-05,2017-01-31,2017-FY,-42838000.000000,,2025-03-06,-167000.000000,130635000.000000,,92790000.000000,37845000.000000,,-12.796000,-11742000.000000,23282000.000000,23282000.000000,55949000.000000,-83509000.000000,0.684000,-0.601000,0.000000,0.000000,0.000000,0.000000,113723000.000000,4568000.000000,0.000000,,0.000000,-83084000.000000,-78516000.000000,-0.490000,-78516000.000000,-83084000.000000,-83084000.000000,-4.390000,-4.390000,-4.390000,-243605000.000000,,-243605000.000000,,,,-53843000.000000,-2.828000,1.000000,104377000.000000,0.651000,11785000.000000,0.000000,-40060000.000000,,0.000000,14390000.000000,14390000.000000,0.000000,146286000.000000,135628000.000000,10658000.000000,-34799000.000000,0.000000,0.000000,-396000.000000,0.000000,457000.000000,6965000.000000,18707000.000000,-42101000.000000,-120000.000000,-83509000.000000,-83509000.000000,-83509000.000000,0.000000,0.000000,-0.521000,187500000.000000,-83123000.000000,11897000.000000,0.000000,,,,11026000.000000,0.000000,,,,34544000.000000,-287909000.000000,160326000.000000,160326000.000000,38659000.000000,,,,-0.518000,17127000.000000,148841000.000000,1.000000,90758777.000000,19038000.000000,19038000.000000,8.421000,118850000.000000,0.000000,425000.000000,0.000000,6.243000
ARY,2017-12-31,2018-03-12,2018-01-31,2018-FY,124656000.000000,4153837084.000000,2025-03-06,391000.000000,367397000.000000,335252750.000000,315416000.000000,51981000.000000,0.776000,1.971000,-11981000.000000,127949000.000000,127949000.000000,80755000.000000,-114359000.000000,1.653000,1.246000,0.000000,0.000000,0.000000,0.000000,168667000.000000,7001000.000000,0.000000,0.000000,0.000000,-114680000.000000,-107679000.000000,-0.414000,-107679000.000000,-114680000.000000,-114680000.000000,-1.380000,-1.380000,-1.380000,163586000.000000,159707250.000000,163586000.000000,4025888084.000000,-35.000000,-37.388000,-37221000.000000,-0.448000,1.000000,179235000.000000,0.689000,18043000.000000,0.000000,30645000.000000,121500.000000,0.000000,101765000.000000,101765000.000000,0.000000,203811000.000000,190760000.000000,13051000.000000,112951000.000000,0.000000,208317000.000000,0.000000,0.000000,237408000.000000,-99704000.000000,-87723000.000000,-25240000.000000,487000.000000,-114359000.000000,-114359000.000000,-114359000.000000,0.000000,0.000000,-0.440000,295597000.000000,-116362000.000000,9566000.000000,0.000000,25.392000,-36.323000,-28.761000,12540000.000000,0.000000,39.690000,15.977000,12.671000,52248000.000000,-402468000.000000,259990000.000000,259990000.000000,70821000.000000,-0.341000,-0.716000,-943.868000,-0.441000,49860000.000000,224776000.000000,1.000000,104657019.000000,83004000.000000,83004000.000000,3.132000,349354000.000000,0.000000,-321000.000000,0.000000,4.209000
ARY,2018-12-31,2019-03-14,2019-01-31,2019-FY,145139000.000000,9301234107.000000,2025-03-06,-319000.000000,864335000.000000,787966250.000000,709330000.000000,155005000.000000,0.507000,2.348000,-21922000.000000,298394000.000000,298394000.000000,113421000.000000,-125497000.000000,1.257000,2.425000,271628000.000000,271628000.000000,0.000000,271628000.000000,254390000.000000,8001000.000000,0.000000,0.000000,0.000000,-110442000.000000,-102441000.000000,-0.257000,-102441000.000000,-110442000.000000,-125514000.000000,-1.170000,-1.170000,-1.170000,252377000.000000,247910500.000000,252377000.000000,9274468107.000000,-84.000000,-90.535000,-6750000.000000,-0.063000,1.000000,285833000.000000,0.716000,31986000.000000,15072000.000000,241392000.000000,492143000.000000,0.000000,265374000.000000,265374000.000000,0.000000,611958000.000000,564191000.000000,47767000.000000,174982000.000000,-15632000.000000,13727000.000000,307380000.000000,0.000000,357762000.000000,-197320000.000000,-159766000.000000,15172000.000000,-632000.000000,-125497000.000000,-125497000.000000,-125497000.000000,0.000000,0.000000,-0.314000,405455000.000000,-119622000.000000,17212000.000000,0.000000,36.855000,-74.115000,-70.838000,52921000.000000,0.000000,82.880000,23.297000,22.316000,91926000.000000,-492211000.000000,399254000.000000,399254000.000000,102385000.000000,-0.159000,-0.506000,-0.224000,-0.277000,76320000.000000,303070000.000000,1.000000,112225315.000000,107504000.000000,107504000.000000,3.714000,832349000.000000,0.000000,-17000.000000,0.000000,7.742000
ARY,2019-12-31,2020-03-06,2020-01-31,2020-FY,1052762000.000000,15465887641.000000,2025-03-06,892000.000000,1955395000.000000,1462881000.000000,1599725000.000000,355670000.000000,0.401000,3.458000,-19330000.000000,520048000.000000,520048000.000000,159382000.000000,-208913000.000000,2.925000,3.824000,1092216000.000000,100703000.000000,991513000.000000,1092216000.000000,371450000.000000,17815000.000000,0.000000,0.000000,0.000000,-185832000.000000,-168017000.000000,-0.287000,-168017000.000000,-185832000.000000,-210332000.000000,-1.780000,-1.780000,-1.780000,405344000.000000,323476750.000000,405344000.000000,16038055641.000000,-86.000000,-95.455000,36273000.000000,0.309000,1.000000,426685000.000000,0.728000,80552000.000000,24500000.000000,1900048000.000000,1081708000.000000,0.000000,882976000.000000,882976000.000000,0.000000,1550051000.000000,546963000.000000,1003088000.000000,220738000.000000,-44283000.000000,18767000.000000,789381000.000000,0.000000,853385000.000000,-688041000.000000,-615839000.000000,55603000.000000,-209000.000000,-208913000.000000,-208913000.000000,-208913000.000000,0.000000,0.000000,-0.356000,612517000.000000,-185832000.000000,3837000.000000,0.000000,38.155000,-74.030000,-70.770000,178739000.000000,0.000000,125.970000,26.389000,25.196000,130115000.000000,-701124000.000000,586067000.000000,586067000.000000,159269000.000000,-0.143000,-0.646000,-0.172000,-0.317000,126624000.000000,453248000.000000,1.000000,122774372.000000,117221000.000000,117221000.000000,5.000000,1874843000.000000,0.000000,-1419000.000000,0.000000,15.994000
ARY,2020-12-31,2021-03-04,2021-01-31,2021-FY,1332953000.000000,29682885190.000000,2025-03-06,5390000.000000,3298797000.000000,2905274500.000000,2878567000.000000,420230000.000000,0.288000,5.456000,-17242000.000000,434607000.000000,434607000.000000,217681000.000000,-266332000.000000,1.862000,3.753000,1945589000.000000,908684000.000000,1036905000.000000,1945589000.000000,513598000.000000,36865000.000000,0.000000,0.000000,0.000000,-193531000.000000,-156666000.000000,-0.188000,-156666000.000000,-193531000.000000,-266191000.000000,-2.090000,-2.090000,-2.090000,694043000.000000,618246000.000000,694043000.000000,31193867190.000000,-161.000000,-199.111000,110720000.000000,0.870000,1.000000,617743000.000000,0.739000,75032000.000000,72660000.000000,3189133000.000000,3152289500.000000,0.000000,2121584000.000000,2121584000.000000,0.000000,2604754000.000000,1545614000.000000,1059140000.000000,-83323000.000000,0.000000,25911000.000000,1020067000.000000,0.000000,1091598000.000000,-1305146000.000000,-1287778000.000000,127962000.000000,2263000.000000,-266332000.000000,-266332000.000000,-266332000.000000,0.000000,0.000000,-0.319000,821902000.000000,-204159000.000000,8557000.000000,0.000000,42.768000,-111.451000,-108.239000,212387000.000000,0.000000,226.220000,35.530000,34.447000,194818000.000000,-967456000.000000,835424000.000000,835424000.000000,222826000.000000,-0.092000,-0.431000,-0.061000,-0.232000,196181000.000000,599076000.000000,1.000000,131212471.000000,127212000.000000,127212000.000000,6.567000,3223765000.000000,0.000000,141000.000000,0.000000,25.342000
ARY,2021-12-31,2022-03-07,2022-01-31,2022-FY,1797827000.000000,24193883862.000000,2025-03-06,-12009000.000000,9205695000.000000,7641302500.000000,3040633000.000000,6165062000.000000,0.170000,40.003000,-16646000.000000,260134000.000000,260134000.000000,396405000.000000,-848411000.000000,2.447000,0.555000,2002519000.000000,16194000.000000,1986325000.000000,2002519000.000000,996222000.000000,107612000.000000,0.000000,0.000000,0.000000,-757514000.000000,-649902000.000000,-0.500000,-649902000.000000,-757514000.000000,-849696000.000000,-5.730000,-5.730000,-5.730000,5921856000.000000,4657844750.000000,5921856000.000000,25936268862.000000,-34.000000,-39.908000,87473000.000000,0.591000,1.000000,903796000.000000,0.695000,5718311000.000000,92182000.000000,3986963000.000000,3949015500.000000,0.000000,2241657000.000000,2241657000.000000,0.000000,3283839000.000000,1242806000.000000,2041033000.000000,-175974000.000000,-215175000.000000,35568000.000000,-24000.000000,0.000000,89066000.000000,-366812000.000000,-134878000.000000,104119000.000000,-2347000.000000,-848411000.000000,-848411000.000000,-848411000.000000,0.000000,0.000000,-0.653000,1670899000.000000,-767103000.000000,20203000.000000,0.000000,4.086000,-28.517000,-26.946000,213428000.000000,0.000000,154.400000,18.608000,17.579000,397509000.000000,-1815867000.000000,1300201000.000000,1300201000.000000,469259000.000000,-0.111000,-0.182000,-0.192000,-0.583000,565480000.000000,1201640000.000000,1.000000,156696139.000000,148036000.000000,148036000.000000,8.783000,3487384000.000000,0.000000,-1285000.000000,0.000000,23.558000
ARY,2022-12-31,2023-03-03,2023-01-31,2023-FY,1764000000.000000,13798172402.000000,2025-03-06,-33000000.000000,9307000000.000000,9130106000.000000,3229000000.000000,6078000000.000000,0.204000,34.590000,-21000000.000000,264000000.000000,264000000.000000,546000000.000000,-815000000.000000,2.204000,0.703000,2335000000.000000,0.000000,2335000000.000000,2335000000.000000,1260000000.000000,114000000.000000,0.000000,0.000000,0.000000,-790000000.000000,-676000000.000000,-0.364000,-676000000.000000,-790000000.000000,-801000000.000000,-5.160000,-5.160000,-5.160000,5466000000.000000,5449830500.000000,5466000000.000000,15869172402.000000,-20.000000,-23.475000,65000000.000000,0.411000,1.000000,1312000000.000000,0.706000,5641000000.000000,11000000.000000,4272000000.000000,4276885250.000000,0.000000,2316000000.000000,2316000000.000000,0.000000,3841000000.000000,1465000000.000000,2376000000.000000,-2000000.000000,-4000000.000000,31000000.000000,0.000000,0.000000,48000000.000000,-130000000.000000,-103000000.000000,86000000.000000,-6000000.000000,-815000000.000000,-815000000.000000,-815000000.000000,0.000000,0.000000,-0.439000,2124000000.000000,-812000000.000000,12000000.000000,0.000000,2.524000,-16.930000,-16.579000,181000000.000000,0.000000,85.550000,7.426000,7.276000,481000000.000000,-2475000000.000000,1858000000.000000,1858000000.000000,620000000.000000,-0.089000,-0.150000,-0.185000,-0.425000,677000000.000000,1475000000.000000,1.000000,161287813.000000,158023000.000000,158023000.000000,11.758000,3666000000.000000,0.000000,14000000.000000,0.000000,23.199000
ARY,2023-12-31,2024-03-01,2024-01-31,2024-FY,1198000000.000000,18160918214.000000,2025-03-06,-6000000.000000,8989000000.000000,8835500000.000000,2980000000.000000,6009000000.000000,0.256000,35.983000,-23000000.000000,334000000.000000,334000000.000000,581000000.000000,-355000000.000000,1.672000,0.527000,1266000000.000000,0.000000,1266000000.000000,1266000000.000000,1511000000.000000,84000000.000000,0.000000,0.000000,0.000000,-329000000.000000,-245000000.000000,-0.108000,-245000000.000000,-329000000.000000,-337000000.000000,-2.170000,-2.170000,-2.170000,5888000000.000000,5698000000.000000,5888000000.000000,19092918214.000000,-58.000000,-77.930000,489000000.000000,2.988000,1.000000,1682000000.000000,0.743000,5588000000.000000,8000000.000000,2551000000.000000,2942000000.000000,0.000000,1868000000.000000,1868000000.000000,0.000000,3101000000.000000,1782000000.000000,1319000000.000000,71000000.000000,-22000000.000000,61000000.000000,-944000000.000000,0.000000,-883000000.000000,441000000.000000,487000000.000000,512000000.000000,1000000.000000,-355000000.000000,-355000000.000000,-355000000.000000,0.000000,0.000000,-0.157000,2198000000.000000,-516000000.000000,12000000.000000,0.000000,3.084000,-51.158000,-49.995000,131000000.000000,0.000000,108.490000,8.025000,7.845000,559000000.000000,-2830000000.000000,2263000000.000000,2263000000.000000,656000000.000000,-0.040000,-0.062000,-0.112000,-0.145000,684000000.000000,1486000000.000000,1.000000,167397163.000000,163634000.000000,163634000.000000,13.830000,3401000000.000000,0.000000,18000000.000000,0.000000,20.784000
ARY,2024-12-31,2025-03-05,2025-01-31,2025-FY,893000000.000000,20191784005.000000,2025-03-06,-12000000.000000,9437000000.000000,9117250000.000000,3416000000.000000,6021000000.000000,0.286000,37.772000,-20000000.000000,409000000.000000,409000000.000000,618000000.000000,28000000.000000,1.354000,0.473000,952000000.000000,509000000.000000,443000000.000000,952000000.000000,1718000000.000000,88000000.000000,0.000000,0.000000,0.000000,51000000.000000,139000000.000000,0.053000,139000000.000000,51000000.000000,46000000.000000,0.160000,0.060000,0.160000,6405000000.000000,6189000000.000000,6405000000.000000,20734784005.000000,407.000000,149.171000,730000000.000000,4.305000,1.000000,1992000000.000000,0.763000,5586000000.000000,5000000.000000,1871000000.000000,2193000000.000000,0.000000,2114000000.000000,2114000000.000000,0.000000,3032000000.000000,2523000000.000000,509000000.000000,73000000.000000,-56000000.000000,69000000.000000,-280000000.000000,0.000000,-359000000.000000,-314000000.000000,-238000000.000000,750000000.000000,-4000000.000000,28000000.000000,28000000.000000,28000000.000000,0.000000,0.000000,0.011000,2066000000.000000,-74000000.000000,13000000.000000,0.000000,3.153000,721.135000,726.938000,117000000.000000,0.000000,116.310000,7.736000,7.557000,621000000.000000,-2802000000.000000,2610000000.000000,2610000000.000000,642000000.000000,0.003000,0.005000,0.023000,0.020000,565000000.000000,1413000000.000000,1.000000,173603164.000000,169569000.000000,175086000.000000,15.392000,3851000000.000000,0.000000,18000000.000000,0.000000,22.711000
MRQ,2015-12-31,2016-01-31,2016-01-31,2016-Q4,38528000.000000,,2025-03-06,-57000.000000,149763000.000000,,125668000.000000,24095000.000000,,-10.162000,,58081000.000000,58081000.000000,,,1.442000,-0.568000,0.000000,0.000000,0.000000,0.000000,79525000.000000,,0.000000,,0.000000,,,,,,,,,,-181062000.000000,,-181062000.000000,,,,,,1.000000,,,7223000.000000,,-2681000.000000,,0.000000,33537000.000000,33537000.000000,0.000000,102871000.000000,87140000.000000,15731000.000000,,,,,,,,,,,,,,,,,,,5874000.000000,,,,,4709000.000000,,,,,23009000.000000,-204400000.000000,,,,,,,,,,1.000000,,17817000.000000,,,142540000.000000,0.000000,,0.000000,8.000000
MRQ,2016-03-31,2016-04-30,2016-04-30,2017-Q1,,,2025-03-06,,,,,,,,-2159000.000000,,,12379000.000000,-22753000.000000,,,,,,,,887000.000000,,,0.000000,-22672000.000000,-21785000.000000,-0.685000,-21785000.000000,-22672000.000000,-22672000.000000,-1.220000,-1.220000,-1.220000,,,,,,,-17194000.000000,-0.926000,1.000000,19408000.000000,0.611000,,0.000000,,,,,,,,,,-14484000.000000,0.000000,0.000000,-71000.000000,0.000000,-337000.000000,841000.000000,3000000.000000,-15035000.000000,47000.000000,-22753000.000000,-22753000.000000,-22753000.000000,0.000000,0.000000,-0.716000,42112000.000000,-22704000.000000,,0.000000,,,,,0.000000,,,,,,31787000.000000,31787000.000000,8766000.000000,,,,,3369000.000000,33346000.000000,1.000000,,18574000.000000,18574000.000000,1.711000,,,81000.000000,,
MRQ,2016-06-30,2016-07-31,2016-07-31,2017-Q2,,,2025-03-06,,,,,,,,-3195000.000000,,,13780000.000000,-20601000.000000,,,,,,,,1085000.000000,,,0.000000,-20506000.000000,-19421000.000000,-0.519000,-19421000.000000,-20506000.000000,-20506000.000000,-1.100000,-1.100000,-1.100000,,,,,,,-15033000.000000,-0.800000,1.000000,23656000.000000,0.632000,,0.000000,,,,,,,,,,-10879000.000000,0.000000,0.000000,-72000.000000,0.000000,48000.000000,1012000.000000,4207000.000000,-11838000.000000,-101000.000000,-20601000.000000,-20601000.000000,-20601000.000000,0.000000,0.000000,-0.550000,44218000.000000,-20562000.000000,,0.000000,,,,,0.000000,,,,,,37436000.000000,37436000.000000,9655000.000000,,,,,3664000.000000,34563000.000000,1.000000,,18802000.000000,18802000.000000,1.991000,,,95000.000000,,
MRQ,2016-09-30,2016-10-31,2016-10-31,2017-Q3,,,2025-03-06,,,,,,,,-3285000.000000,,,14103000.000000,-21931000.000000,,,,,,,,1205000.000000,,,0.000000,-21840000.000000,-20635000.000000,-0.488000,-20635000.000000,-21840000.000000,-21840000.000000,-1.140000,-1.140000,-1.140000,,,,,,,-11811000.000000,-0.616000,1.000000,28180000.000000,0.666000,,0.000000,,,,,,,,,,-7150000.000000,0.000000,0.000000,-70000.000000,0.000000,751000.000000,715000.000000,4000000.000000,-8526000.000000,-90000.000000,-21931000.000000,-21931000.000000,-21931000.000000,0.000000,0.000000,-0.519000,50070000.000000,-21890000.000000,,0.000000,,,,,0.000000,,,,,,42283000.000000,42283000.000000,9706000.000000,,,,,4836000.000000,40364000.000000,1.000000,,19174000.000000,19174000.000000,2.205000,,,91000.000000,,
MRQ,2016-12-31,2017-01-31,2017-01-31,2017-Q4,-41706000.000000,,2025-03-06,-167000.000000,130635000.000000,,92790000.000000,37845000.000000,,-12.428000,-3103000.000000,23282000.000000,23282000.000000,15687000.000000,-9771000.000000,0.690000,-0.601000,0.000000,0.000000,0.000000,0.000000,113723000.000000,1391000.000000,0.000000,,0.000000,-9613000.000000,-8222000.000000,-0.167000,-8222000.000000,-9613000.000000,-9613000.000000,-0.480000,-0.480000,-0.480000,-243605000.000000,,-243605000.000000,,,,-9805000.000000,-0.500000,1.000000,33613000.000000,0.682000,11785000.000000,0.000000,-38928000.000000,,0.000000,14390000.000000,14390000.000000,0.000000,146286000.000000,134496000.000000,11790000.000000,-2286000.000000,0.000000,0.000000,213000.000000,0.000000,-5000.000000,4397000.000000,7500000.000000,-6702000.000000,24000.000000,-9771000.000000,-9771000.000000,-9771000.000000,0.000000,0.000000,-0.198000,43127000.000000,-9514000.000000,9387000.000000,0.000000,,,,11026000.000000,0.000000,,,,34544000.000000,-287909000.000000,49300000.000000,49300000.000000,10532000.000000,,,,,5258000.000000,32595000.000000,1.000000,90758777.000000,19602000.000000,19602000.000000,2.515000,118850000.000000,0.000000,158000.000000,0.000000,6.063000
MRQ,2017-03-31,2017-04-30,2017-04-30,2018-Q1,136738000.000000,2364266141.000000,2025-03-06,-99000.000000,320230000.000000,,279799000.000000,40431000.000000,,4.171000,-3656000.000000,221726000.000000,221726000.000000,17463000.000000,-27706000.000000,1.956000,0.930000,0.000000,0.000000,0.000000,0.000000,120644000.000000,1575000.000000,0.000000,0.000000,0.000000,-27458000.000000,-25883000.000000,-0.495000,-25883000.000000,-27458000.000000,-27458000.000000,-0.700000,-0.700000,-0.700000,165919000.000000,,165919000.000000,2340984141.000000,-29.000000,-31.566000,-13342000.000000,-0.335000,1.000000,34862000.000000,0.666000,16117000.000000,0.000000,-60674000.000000,,0.000000,2500000.000000,2500000.000000,0.000000,154311000.000000,143061000.000000,11250000.000000,198707000.000000,0.000000,199997000.000000,0.000000,0.000000,200108000.000000,8217000.000000,11873000.000000,-9686000.000000,68000.000000,-27706000.000000,-27706000.000000,-27706000.000000,0.000000,0.000000,-0.529000,62301000.000000,-27439000.000000,15909000.000000,0.000000,14.250000,-29.550000,-7.617000,13180000.000000,0.000000,26.050000,13.037000,5.715000,32171000.000000,-317010000.000000,52325000.000000,52325000.000000,15359000.000000,,,,,8906000.000000,46942000.000000,1.000000,90758777.000000,39783000.000000,39783000.000000,1.315000,304113000.000000,0.000000,248000.000000,0.000000,7.644000
MRQ,2017-06-30,2017-07-31,2017-07-31,2018-Q2,121887000.000000,2091524539.000000,2025-03-06,70000.000000,316227000.000000,,274686000.000000,41541000.000000,,1.634000,-4243000.000000,126464000.000000,126464000.000000,19682000.000000,-26032000.000000,1.798000,1.069000,0.000000,0.000000,0.000000,0.000000,131326000.000000,1713000.000000,0.000000,0.000000,0.000000,-25803000.000000,-24090000.000000,-0.400000,-24090000.000000,-25803000.000000,-25803000.000000,-0.280000,-0.280000,-0.280000,152869000.000000,,152869000.000000,1869798539.000000,-22.000000,-23.719000,-10481000.000000,-0.112000,1.000000,40577000.000000,0.673000,17333000.000000,0.000000,19631000.000000,,0.000000,86755000.000000,86755000.000000,0.000000,163358000.000000,152799000.000000,10559000.000000,-95246000.000000,0.000000,-49000.000000,0.000000,0.000000,-555000.000000,-88519000.000000,-84276000.000000,-6238000.000000,66000.000000,-26032000.000000,-26032000.000000,-26032000.000000,0.000000,0.000000,-0.432000,66762000.000000,-26185000.000000,9848000.000000,0.000000,13.682000,-24.479000,-8.442000,13302000.000000,0.000000,21.950000,10.244000,10.060000,35304000.000000,-344012000.000000,60259000.000000,60259000.000000,16923000.000000,,,,,11978000.000000,49839000.000000,1.000000,95285856.000000,93576000.000000,93576000.000000,0.644000,298894000.000000,0.000000,229000.000000,0.000000,3.194000
MRQ,2017-09-30,2017-10-31,2017-10-31,2018-Q3,123711000.000000,2764252031.000000,2025-03-06,-69000.000000,337157000.000000,,294672000.000000,42485000.000000,,1.639000,-1743000.000000,137575000.000000,137575000.000000,21123000.000000,-33066000.000000,1.724000,1.155000,0.000000,0.000000,0.000000,0.000000,141648000.000000,1823000.000000,0.000000,0.000000,0.000000,-34006000.000000,-32183000.000000,-0.481000,-32183000.000000,-34006000.000000,-34006000.000000,-0.350000,-0.350000,-0.350000,156455000.000000,,156455000.000000,2637788031.000000,-27.000000,-29.186000,-11214000.000000,-0.117000,1.000000,45788000.000000,0.684000,17737000.000000,0.000000,10884000.000000,,0.000000,86043000.000000,86043000.000000,0.000000,180702000.000000,170961000.000000,9741000.000000,11101000.000000,0.000000,0.000000,0.000000,0.000000,21814000.000000,-1161000.000000,582000.000000,-9471000.000000,-81000.000000,-33066000.000000,-33066000.000000,-33066000.000000,0.000000,0.000000,-0.494000,80303000.000000,-34515000.000000,12875000.000000,0.000000,17.668000,-28.623000,-15.978000,13122000.000000,0.000000,28.920000,12.082000,12.068000,46882000.000000,-377790000.000000,66911000.000000,66911000.000000,19190000.000000,,,,,14408000.000000,61113000.000000,1.000000,95582712.000000,95474000.000000,95474000.000000,0.701000,319420000.000000,0.000000,-940000.000000,0.000000,3.346000
MRQ,2017-12-31,2018-01-31,2018-01-31,2018-Q4,129555000.000000,3001667337.000000,2025-03-06,391000.000000,399263000.000000,,317498000.000000,81765000.000000,,2.402000,-2339000.000000,127949000.000000,127949000.000000,22487000.000000,-23045000.000000,1.689000,1.003000,0.000000,0.000000,0.000000,0.000000,164779000.000000,1890000.000000,0.000000,0.000000,0.000000,-24585000.000000,-22695000.000000,-0.295000,-22695000.000000,-24585000.000000,-22903000.000000,-0.190000,-0.190000,-0.190000,199340000.000000,,199340000.000000,2864092337.000000,-26.000000,-27.316000,-2184000.000000,-0.026000,1.000000,54565000.000000,0.708000,18043000.000000,-1682000.000000,65328000.000000,,0.000000,101765000.000000,101765000.000000,0.000000,199923000.000000,187943000.000000,11980000.000000,-1611000.000000,0.000000,8369000.000000,0.000000,0.000000,16041000.000000,-18241000.000000,-15902000.000000,155000.000000,434000.000000,-23045000.000000,-23045000.000000,-23045000.000000,0.000000,0.000000,-0.299000,78278000.000000,-23713000.000000,9566000.000000,0.000000,15.058000,-27.325000,-22.311000,12540000.000000,0.000000,29.450000,11.700000,9.528000,52248000.000000,-366714000.000000,77052000.000000,77052000.000000,19349000.000000,,,,,14568000.000000,58929000.000000,1.000000,101924188.000000,83004000.000000,83004000.000000,0.928000,381220000.000000,0.000000,142000.000000,0.000000,4.593000
MRQ,2018-03-31,2018-04-30,2018-04-30,2019-Q1,433237000.000000,4480366983.000000,2025-03-06,-178000.000000,726904000.000000,,636163000.000000,90741000.000000,,2.395000,-5528000.000000,211756000.000000,211756000.000000,24107000.000000,-25962000.000000,3.135000,1.912000,259920000.000000,0.000000,259920000.000000,259920000.000000,177894000.000000,2069000.000000,0.000000,0.000000,0.000000,-23476000.000000,-21407000.000000,-0.256000,-21407000.000000,-23476000.000000,-26193000.000000,-0.250000,-0.250000,-0.250000,249617000.000000,,249617000.000000,4352417983.000000,-40.000000,-43.362000,-1556000.000000,-0.015000,1.000000,59514000.000000,0.712000,18145000.000000,2717000.000000,553997000.000000,,0.000000,335285000.000000,335285000.000000,0.000000,477287000.000000,202926000.000000,274361000.000000,84088000.000000,0.000000,0.000000,307455000.000000,0.000000,319445000.000000,-238942000.000000,-233414000.000000,3972000.000000,-387000.000000,-25962000.000000,-25962000.000000,-25962000.000000,0.000000,0.000000,-0.310000,84492000.000000,-24978000.000000,11830000.000000,0.000000,17.949000,-41.445000,-40.009000,19176000.000000,0.000000,42.810000,15.565000,15.498000,50368000.000000,-392676000.000000,83621000.000000,83621000.000000,19929000.000000,,,,,14135000.000000,64563000.000000,1.000000,104657019.000000,104203000.000000,104203000.000000,0.802000,708759000.000000,0.000000,-231000.000000,0.000000,6.802000
MRQ,2018-06-30,2018-07-31,2018-07-31,2019-Q2,415236000.000000,5292968388.000000,2025-03-06,-480000.000000,763917000.000000,,633376000.000000,130541000.000000,,2.297000,-5987000.000000,192882000.000000,192882000.000000,28228000.000000,-39207000.000000,2.904000,2.116000,263762000.000000,0.000000,263762000.000000,263762000.000000,191898000.000000,1630000.000000,0.000000,0.000000,0.000000,-36134000.000000,-34504000.000000,-0.365000,-34504000.000000,-36134000.000000,-40192000.000000,-0.370000,-0.370000,-0.370000,245145000.000000,,245145000.000000,5341132388.000000,-45.000000,-48.210000,-11330000.000000,-0.106000,1.000000,66358000.000000,0.702000,34101000.000000,4058000.000000,582556000.000000,,0.000000,343374000.000000,343374000.000000,0.000000,518772000.000000,218140000.000000,300632000.000000,-18879000.000000,-15638000.000000,6654000.000000,-75000.000000,0.000000,15438000.000000,-28729000.000000,-7104000.000000,-5343000.000000,-245000.000000,-39207000.000000,-39207000.000000,-39207000.000000,0.000000,0.000000,-0.415000,104788000.000000,-38430000.000000,12577000.000000,0.000000,21.591000,-43.643000,-42.802000,40670000.000000,0.000000,49.650000,16.429000,16.444000,59839000.000000,-431883000.000000,94586000.000000,94586000.000000,24829000.000000,,,,,18222000.000000,79959000.000000,1.000000,106605607.000000,106702000.000000,106702000.000000,0.886000,729816000.000000,0.000000,-985000.000000,0.000000,6.840000
MRQ,2018-09-30,2018-10-31,2018-10-31,2019-Q3,413328000.000000,6371918129.000000,2025-03-06,-918000.000000,796709000.000000,,658114000.000000,138595000.000000,,2.248000,-5067000.000000,195898000.000000,195898000.000000,29700000.000000,-29517000.000000,2.689000,2.258000,267665000.000000,0.000000,267665000.000000,267665000.000000,211123000.000000,2125000.000000,0.000000,0.000000,0.000000,-28479000.000000,-26354000.000000,-0.250000,-26354000.000000,-28479000.000000,-30184000.000000,-0.270000,-0.270000,-0.270000,244503000.000000,,244503000.000000,6442798129.000000,-57.000000,-61.383000,1372000.000000,0.013000,1.000000,75876000.000000,0.719000,33063000.000000,1705000.000000,590627000.000000,,0.000000,350105000.000000,350105000.000000,0.000000,552206000.000000,244786000.000000,307420000.000000,3005000.000000,22000.000000,0.000000,-52440000.000000,0.000000,7469000.000000,-10545000.000000,-5500000.000000,6439000.000000,-358000.000000,-29517000.000000,-29517000.000000,-29517000.000000,0.000000,0.000000,-0.280000,104355000.000000,-28479000.000000,12085000.000000,0.000000,26.061000,-54.123000,-54.037000,44251000.000000,0.000000,58.360000,17.659000,17.593000,70136000.000000,-461400000.000000,105576000.000000,105576000.000000,27596000.000000,,,,,21542000.000000,76759000.000000,1.000000,109182970.000000,108776000.000000,108776000.000000,0.971000,763646000.000000,0.000000,-667000.000000,0.000000,7.020000
MRQ,2018-12-31,2019-01-31,2019-01-31,2019-Q4,135012000.000000,9103455776.000000,2025-03-06,-319000.000000,984313000.000000,,708116000.000000,276197000.000000,,2.289000,-5340000.000000,298394000.000000,298394000.000000,31386000.000000,-30811000.000000,1.236000,2.900000,418674000.000000,271628000.000000,147046000.000000,418674000.000000,254390000.000000,2177000.000000,0.000000,0.000000,0.000000,-18555000.000000,-16378000.000000,-0.142000,-16378000.000000,-18555000.000000,-28945000.000000,-0.280000,-0.280000,-0.280000,252377000.000000,,252377000.000000,9175222776.000000,-83.000000,-89.566000,4764000.000000,0.043000,1.000000,84085000.000000,0.728000,31986000.000000,10390000.000000,499503000.000000,,0.000000,265374000.000000,265374000.000000,0.000000,731936000.000000,573104000.000000,158832000.000000,106768000.000000,-16000.000000,7073000.000000,0.000000,0.000000,15410000.000000,80896000.000000,86252000.000000,10104000.000000,358000.000000,-30811000.000000,-30811000.000000,-30811000.000000,0.000000,0.000000,-0.267000,111820000.000000,-27735000.000000,2431000.000000,0.000000,36.071000,-72.539000,-70.453000,174310000.000000,0.000000,82.430000,22.801000,22.195000,91926000.000000,-492211000.000000,115471000.000000,115471000.000000,30031000.000000,,,,,22421000.000000,81789000.000000,1.000000,110438624.000000,110255000.000000,110255000.000000,1.047000,952327000.000000,0.000000,1866000.000000,0.000000,8.637000
MRQ,2019-03-31,2019-04-30,2019-04-30,2020-Q1,75016000.000000,11674799519.000000,2025-03-06,-457000.000000,998542000.000000,,676929000.000000,321613000.000000,,2.125000,-8079000.000000,208106000.000000,208106000.000000,35095000.000000,-51966000.000000,1.125000,3.170000,421697000.000000,275653000.000000,146044000.000000,421697000.000000,275704000.000000,3399000.000000,0.000000,0.000000,0.000000,-48882000.000000,-45483000.000000,-0.363000,-45483000.000000,-48882000.000000,-53123000.000000,-0.460000,-0.460000,-0.460000,239444000.000000,,239444000.000000,11648033519.000000,-88.000000,-94.916000,13183000.000000,0.117000,1.000000,90128000.000000,0.720000,75986000.000000,4241000.000000,534234000.000000,,0.000000,339377000.000000,339377000.000000,0.000000,759098000.000000,601913000.000000,157185000.000000,-91365000.000000,-44223000.000000,13388000.000000,0.000000,0.000000,13262000.000000,-125607000.000000,-73305000.000000,21262000.000000,-282000.000000,-51966000.000000,-51966000.000000,-51966000.000000,0.000000,0.000000,-0.415000,141910000.000000,-51782000.000000,4352000.000000,0.000000,48.758000,-77.061000,-75.384000,172105000.000000,0.000000,104.030000,26.482000,26.590000,83328000.000000,-544177000.000000,125223000.000000,125223000.000000,34032000.000000,,,,,22685000.000000,107878000.000000,1.000000,112225315.000000,112682000.000000,112682000.000000,1.111000,922556000.000000,0.000000,-1157000.000000,0.000000,8.187000
MRQ,2019-06-30,2019-07-31,2019-07-31,2020-Q2,76351000.000000,14932814790.000000,2025-03-06,-1653000.000000,1026810000.000000,,697020000.000000,329790000.000000,,2.180000,-3168000.000000,206753000.000000,206753000.000000,38780000.000000,-42980000.000000,1.123000,3.095000,423447000.000000,279741000.000000,143706000.000000,423447000.000000,291193000.000000,4517000.000000,0.000000,0.000000,0.000000,-40153000.000000,-35636000.000000,-0.254000,-35636000.000000,-40153000.000000,-44457000.000000,-0.370000,-0.370000,-0.370000,250725000.000000,,250725000.000000,15146405790.000000,-111.000000,-122.295000,-4302000.000000,-0.037000,1.000000,101700000.000000,0.724000,82676000.000000,4304000.000000,540159000.000000,,0.000000,350712000.000000,350712000.000000,0.000000,776085000.000000,620669000.000000,155416000.000000,-1352000.000000,0.000000,23070000.000000,0.000000,0.000000,23070000.000000,-22383000.000000,-10715000.000000,-1134000.000000,-905000.000000,-42980000.000000,-42980000.000000,-42980000.000000,0.000000,0.000000,-0.306000,145317000.000000,-43617000.000000,3492000.000000,0.000000,59.559000,-96.171000,-94.804000,168564000.000000,0.000000,130.830000,30.679000,30.919000,87851000.000000,-587157000.000000,140480000.000000,140480000.000000,40045000.000000,,,,,31274000.000000,105272000.000000,1.000000,114139072.000000,115033000.000000,115033000.000000,1.221000,944134000.000000,0.000000,-1477000.000000,0.000000,8.208000
MRQ,2019-09-30,2019-10-31,2019-10-31,2020-Q3,1048206000.000000,12733718975.000000,2025-03-06,135000.000000,1870777000.000000,,1526600000.000000,344177000.000000,,3.349000,-1392000.000000,1039626000.000000,1039626000.000000,40824000.000000,-63495000.000000,3.191000,3.696000,1081424000.000000,99227000.000000,982197000.000000,1081424000.000000,313756000.000000,4420000.000000,0.000000,0.000000,0.000000,-55320000.000000,-50900000.000000,-0.333000,-50900000.000000,-55320000.000000,-63146000.000000,-0.530000,-0.530000,-0.530000,398394000.000000,,398394000.000000,12950412975.000000,-79.000000,-87.269000,9248000.000000,0.078000,1.000000,112213000.000000,0.733000,81790000.000000,7826000.000000,1352391000.000000,,0.000000,326629000.000000,326629000.000000,0.000000,1472383000.000000,478394000.000000,993989000.000000,832873000.000000,0.000000,8918000.000000,789481000.000000,0.000000,798399000.000000,22888000.000000,24280000.000000,10640000.000000,946000.000000,-63495000.000000,-63495000.000000,-63495000.000000,0.000000,0.000000,-0.415000,157943000.000000,-45730000.000000,4924000.000000,0.000000,31.963000,-67.284000,-66.506000,178476000.000000,0.000000,109.070000,23.836000,24.291000,101778000.000000,-650652000.000000,153037000.000000,153037000.000000,41832000.000000,,,,,35732000.000000,116111000.000000,1.000000,116748134.000000,118976000.000000,118976000.000000,1.286000,1788987000.000000,0.000000,349000.000000,0.000000,15.037000
MRQ,2019-12-31,2020-01-31,2020-01-31,2020-Q4,1052762000.000000,15520209335.000000,2025-03-06,892000.000000,1955395000.000000,,1599725000.000000,355670000.000000,,3.320000,-6691000.000000,520048000.000000,520048000.000000,44683000.000000,-50472000.000000,2.925000,3.824000,1092216000.000000,100703000.000000,991513000.000000,1092216000.000000,371450000.000000,5479000.000000,0.000000,0.000000,0.000000,-38960000.000000,-33481000.000000,-0.200000,-33481000.000000,-38960000.000000,-49606000.000000,-0.410000,-0.410000,-0.410000,405344000.000000,,405344000.000000,15562007335.000000,-85.000000,-94.030000,18144000.000000,0.149000,1.000000,122644000.000000,0.733000,80552000.000000,10646000.000000,1900048000.000000,,0.000000,882976000.000000,882976000.000000,0.000000,1550051000.000000,546963000.000000,1003088000.000000,-519418000.000000,-60000.000000,-26609000.000000,-100000.000000,0.000000,18654000.000000,-562939000.000000,-556099000.000000,24835000.000000,32000.000000,-50472000.000000,-50472000.000000,-50472000.000000,0.000000,0.000000,-0.302000,167347000.000000,-44703000.000000,3837000.000000,0.000000,38.289000,-74.290000,-71.938000,178739000.000000,0.000000,128.050000,26.482000,25.612000,130115000.000000,-701124000.000000,167327000.000000,167327000.000000,43360000.000000,,,,,36933000.000000,123987000.000000,1.000000,121204290.000000,122090000.000000,122090000.000000,1.371000,1874843000.000000,0.000000,866000.000000,0.000000,15.356000
MRQ,2020-03-31,2020-04-30,2020-04-30,2021-Q1,1063135000.000000,18575762484.000000,2025-03-06,3742000.000000,2037007000.000000,,1633523000.000000,403484000.000000,,3.345000,-8930000.000000,619221000.000000,619221000.000000,48486000.000000,-57662000.000000,2.864000,3.931000,1142949000.000000,102198000.000000,1040751000.000000,1142949000.000000,398191000.000000,5466000.000000,0.000000,0.000000,0.000000,-47300000.000000,-41834000.000000,-0.229000,-41834000.000000,-47300000.000000,-58064000.000000,-0.470000,-0.470000,-0.470000,413096000.000000,,413096000.000000,19147930484.000000,-105.000000,-118.306000,29767000.000000,0.241000,1.000000,134373000.000000,0.735000,79055000.000000,10764000.000000,1911292000.000000,,0.000000,827556000.000000,827556000.000000,0.000000,1623911000.000000,570388000.000000,1053523000.000000,102340000.000000,0.000000,14172000.000000,0.000000,0.000000,14167000.000000,50604000.000000,59534000.000000,38697000.000000,-1128000.000000,-57662000.000000,-57662000.000000,-57662000.000000,0.000000,0.000000,-0.315000,186572000.000000,-52199000.000000,8021000.000000,0.000000,44.967000,-86.556000,-85.000000,224677000.000000,0.000000,151.300000,28.858000,29.027000,111039000.000000,-758786000.000000,182859000.000000,182859000.000000,48494000.000000,,,,,37728000.000000,138078000.000000,1.000000,122774372.000000,123494000.000000,123494000.000000,1.481000,1957952000.000000,0.000000,-402000.000000,0.000000,15.855000
MRQ,2020-06-30,2020-07-31,2020-07-31,2021-Q2,2173355000.000000,27536146099.000000,2025-03-06,5521000.000000,3115015000.000000,,2706935000.000000,408080000.000000,,5.424000,-4065000.000000,957234000.000000,957234000.000000,51147000.000000,-60100000.000000,5.073000,3.546000,1922224000.000000,43578000.000000,1878646000.000000,1922224000.000000,396820000.000000,7225000.000000,0.000000,0.000000,0.000000,-43602000.000000,-36377000.000000,-0.181000,-36377000.000000,-43602000.000000,-60533000.000000,-0.480000,-0.480000,-0.480000,685197000.000000,,685197000.000000,28059874099.000000,-152.000000,-172.578000,6865000.000000,0.054000,1.000000,149299000.000000,0.745000,78054000.000000,16931000.000000,3468371000.000000,,0.000000,1557279000.000000,1557279000.000000,0.000000,2429818000.000000,533580000.000000,1896238000.000000,336851000.000000,0.000000,26166000.000000,1020909000.000000,0.000000,1047080000.000000,-722865000.000000,-718800000.000000,10930000.000000,1706000.000000,-60100000.000000,-60100000.000000,-60100000.000000,0.000000,0.000000,-0.300000,194687000.000000,-45388000.000000,4726000.000000,0.000000,40.187000,-118.829000,-116.921000,221187000.000000,0.000000,220.980000,39.132000,39.669000,110540000.000000,-818886000.000000,200446000.000000,200446000.000000,53866000.000000,,,,,48378000.000000,140821000.000000,1.000000,124609223.000000,126319000.000000,126319000.000000,1.587000,3036961000.000000,0.000000,-433000.000000,0.000000,24.042000
MRQ,2020-09-30,2020-10-31,2020-10-31,2021-Q3,2183599000.000000,26876768618.000000,2025-03-06,2571000.000000,3170279000.000000,,2757539000.000000,412740000.000000,,5.284000,-1832000.000000,409769000.000000,409769000.000000,56908000.000000,-72764000.000000,4.805000,3.658000,1930768000.000000,35131000.000000,1895637000.000000,1930768000.000000,432114000.000000,11003000.000000,0.000000,0.000000,0.000000,-50187000.000000,-39184000.000000,-0.180000,-39184000.000000,-50187000.000000,-72555000.000000,-0.560000,-0.560000,-0.560000,680648000.000000,,680648000.000000,27841758618.000000,-155.000000,-184.534000,41594000.000000,0.323000,1.000000,160471000.000000,0.738000,76976000.000000,22368000.000000,4040362000.000000,,0.000000,2085373000.000000,2085373000.000000,0.000000,2489631000.000000,573940000.000000,1915691000.000000,-547442000.000000,0.000000,6053000.000000,-843000.000000,0.000000,5210000.000000,-595621000.000000,-593789000.000000,43426000.000000,-457000.000000,-72764000.000000,-72764000.000000,-72764000.000000,0.000000,0.000000,-0.335000,212447000.000000,-51976000.000000,5114000.000000,0.000000,39.487000,-111.523000,-109.286000,217104000.000000,0.000000,209.830000,34.995000,35.193000,139473000.000000,-891650000.000000,217379000.000000,217379000.000000,58150000.000000,,,,,53668000.000000,154297000.000000,1.000000,128088303.000000,128813000.000000,128813000.000000,1.688000,3093303000.000000,0.000000,209000.000000,0.000000,24.014000
MRQ,2020-12-31,2021-01-31,2021-01-31,2021-Q4,1332953000.000000,33533009899.000000,2025-03-06,5390000.000000,3298797000.000000,,2878567000.000000,420230000.000000,,5.331000,-2173000.000000,434607000.000000,434607000.000000,61459000.000000,-75474000.000000,1.862000,3.753000,1945589000.000000,908684000.000000,1036905000.000000,1945589000.000000,513598000.000000,13306000.000000,0.000000,0.000000,0.000000,-51911000.000000,-38605000.000000,-0.165000,-38605000.000000,-51911000.000000,-74848000.000000,-0.580000,-0.580000,-0.580000,694043000.000000,,694043000.000000,35054008899.000000,-182.000000,-224.705000,32774000.000000,0.252000,1.000000,172857000.000000,0.738000,75032000.000000,22937000.000000,3189133000.000000,,0.000000,2121584000.000000,2121584000.000000,0.000000,2604754000.000000,1545614000.000000,1059140000.000000,25251000.000000,0.000000,-20391000.000000,934000.000000,0.000000,25543000.000000,-37118000.000000,-34945000.000000,34947000.000000,1879000.000000,-75474000.000000,-75474000.000000,-75474000.000000,0.000000,0.000000,-0.322000,227294000.000000,-54437000.000000,8557000.000000,0.000000,48.315000,-126.064000,-123.928000,212387000.000000,0.000000,259.010000,40.159000,39.460000,194818000.000000,-967456000.000000,234316000.000000,234316000.000000,62490000.000000,,,,,55226000.000000,164804000.000000,1.000000,129466082.000000,130182000.000000,130182000.000000,1.800000,3223765000.000000,0.000000,626000.000000,0.000000,24.764000
MRQ,2021-03-31,2021-04-30,2021-04-30,2022-Q1,2211678000.000000,35388003429.000000,2025-03-06,5610000.000000,3430447000.000000,,3012139000.000000,418308000.000000,,5.181000,-3269000.000000,659886000.000000,659886000.000000,66123000.000000,-109232000.000000,3.763000,4.024000,1945574000.000000,20781000.000000,1924793000.000000,1945574000.000000,624912000.000000,13134000.000000,0.000000,0.000000,0.000000,-86462000.000000,-73328000.000000,-0.292000,-73328000.000000,-86462000.000000,-109222000.000000,-0.830000,-0.830000,-0.830000,682778000.000000,,682778000.000000,36898985429.000000,-159.000000,-196.801000,52806000.000000,0.401000,1.000000,184883000.000000,0.737000,72213000.000000,22760000.000000,3843461000.000000,,0.000000,2030180000.000000,2030180000.000000,0.000000,2747669000.000000,800461000.000000,1947208000.000000,224806000.000000,0.000000,16190000.000000,-11000.000000,0.000000,16179000.000000,151905000.000000,155287000.000000,56075000.000000,647000.000000,-109232000.000000,-109232000.000000,-109232000.000000,0.000000,0.000000,-0.435000,275564000.000000,-90681000.000000,9542000.000000,0.000000,51.829000,-111.434000,-110.082000,207977000.000000,0.000000,269.700000,39.183000,39.352000,218474000.000000,-1076688000.000000,251006000.000000,251006000.000000,68863000.000000,,,,,64112000.000000,206701000.000000,1.000000,131212471.000000,131777000.000000,131777000.000000,1.905000,3358234000.000000,0.000000,10000.000000,0.000000,25.484000
MRQ,2021-06-30,2021-07-31,2021-07-31,2022-Q2,1964624000.000000,32852039333.000000,2025-03-06,4375000.000000,8932095000.000000,,2877158000.000000,6054937000.000000,,39.920000,-1143000.000000,225265000.000000,225265000.000000,101106000.000000,-276682000.000000,3.153000,0.478000,1959375000.000000,15723000.000000,1943652000.000000,1959375000.000000,737297000.000000,31769000.000000,0.000000,0.000000,0.000000,-261272000.000000,-229503000.000000,-0.727000,-229503000.000000,-261272000.000000,-284144000.000000,-1.830000,-1.830000,-1.830000,6042190000.000000,,6042190000.000000,34137727333.000000,-76.000000,-89.690000,-3751000.000000,-0.025000,1.000000,214394000.000000,0.680000,5675902000.000000,22872000.000000,4077769000.000000,,0.000000,2243638000.000000,2243638000.000000,0.000000,2889905000.000000,912534000.000000,1977371000.000000,-433474000.000000,-148042000.000000,33056000.000000,-2000.000000,0.000000,33054000.000000,-463466000.000000,-314281000.000000,-2608000.000000,-454000.000000,-276682000.000000,-276682000.000000,-276682000.000000,0.000000,0.000000,-0.877000,477834000.000000,-263440000.000000,9414000.000000,0.000000,5.437000,-61.503000,-65.208000,208350000.000000,0.000000,247.790000,32.265000,36.834000,238478000.000000,-1353370000.000000,315500000.000000,315500000.000000,122407000.000000,,,,,187714000.000000,355427000.000000,1.000000,132580166.000000,151357000.000000,151357000.000000,2.084000,3256193000.000000,0.000000,-7462000.000000,0.000000,21.513000
MRQ,2021-09-30,2021-10-31,2021-10-31,2022-Q3,1864702000.000000,38229547443.000000,2025-03-06,404000.000000,8996973000.000000,,2852868000.000000,6144105000.000000,,38.922000,-3736000.000000,372372000.000000,372372000.000000,109674000.000000,-221311000.000000,2.887000,0.503000,1989131000.000000,15956000.000000,1973175000.000000,1989131000.000000,777872000.000000,31728000.000000,0.000000,0.000000,0.000000,-197500000.000000,-165772000.000000,-0.473000,-165772000.000000,-197500000.000000,-220644000.000000,-1.440000,-1.440000,-1.440000,5984555000.000000,,5984555000.000000,39963657443.000000,-67.000000,-78.791000,33384000.000000,0.217000,1.000000,241006000.000000,0.687000,5737697000.000000,23144000.000000,3887869000.000000,,0.000000,2109687000.000000,2109687000.000000,0.000000,3012418000.000000,988166000.000000,2024252000.000000,147106000.000000,-67087000.000000,9225000.000000,-11000.000000,0.000000,9214000.000000,101459000.000000,172282000.000000,37120000.000000,-687000.000000,-221311000.000000,-221311000.000000,-221311000.000000,0.000000,0.000000,-0.631000,439562000.000000,-198556000.000000,11547000.000000,0.000000,6.388000,-55.998000,-52.816000,215273000.000000,0.000000,247.180000,33.200000,33.005000,253568000.000000,-1574681000.000000,350680000.000000,350680000.000000,130535000.000000,,,,,155785000.000000,309027000.000000,1.000000,154662786.000000,153756000.000000,153756000.000000,2.281000,3259276000.000000,0.000000,667000.000000,0.000000,21.198000
MRQ,2021-12-31,2022-01-31,2022-01-31,2022-Q4,1798000000.000000,30780563967.000000,2025-03-06,-12000000.000000,9206000000.000000,,3041000000.000000,6165000000.000000,,38.256000,-8852000.000000,260000000.000000,260000000.000000,119097000.000000,-240775000.000000,2.447000,0.555000,2003000000.000000,16000000.000000,1987000000.000000,2003000000.000000,996000000.000000,31369000.000000,0.000000,0.000000,0.000000,-213766000.000000,-182397000.000000,-0.476000,-182397000.000000,-213766000.000000,-235990000.000000,-1.560000,-1.560000,-1.560000,5922000000.000000,,5922000000.000000,32397322967.000000,-43.000000,-49.765000,4561000.000000,0.029000,1.000000,263717000.000000,0.689000,5718000000.000000,22224000.000000,3988000000.000000,,0.000000,2242000000.000000,2242000000.000000,0.000000,3284000000.000000,1243000000.000000,2041000000.000000,-114438000.000000,129000.000000,30529000.000000,24000.000000,0.000000,30553000.000000,-156898000.000000,-148288000.000000,13413000.000000,-1506000.000000,-240775000.000000,-240775000.000000,-240775000.000000,0.000000,0.000000,-0.629000,479040000.000000,-215323000.000000,20000000.000000,0.000000,5.198000,-36.298000,-34.536000,213000000.000000,0.000000,197.890000,23.677000,22.534000,398000000.000000,-1816000000.000000,382814000.000000,382814000.000000,147195000.000000,,,,,158389000.000000,331845000.000000,1.000000,155543807.000000,154798000.000000,154798000.000000,2.473000,3488000000.000000,0.000000,4785000.000000,0.000000,22.533000
MRQ,2022-03-31,2022-04-30,2022-04-30,2023-Q1,1713368000.000000,18695416344.000000,2025-03-06,-36148000.000000,9045681000.000000,,2898643000.000000,6147038000.000000,,35.110000,-8000000.000000,194227000.000000,194227000.000000,131000000.000000,-243000000.000000,2.446000,0.653000,2357741000.000000,5198000.000000,2352543000.000000,2357741000.000000,971264000.000000,30000000.000000,0.000000,0.000000,0.000000,-238000000.000000,-208000000.000000,-0.501000,-208000000.000000,-238000000.000000,-241000000.000000,-1.560000,-1.560000,-1.560000,5472694000.000000,,5472694000.000000,20437801344.000000,-22.000000,-26.013000,11000000.000000,0.071000,1.000000,284000000.000000,0.684000,5700166000.000000,3000000.000000,4323754000.000000,,0.000000,2292902000.000000,2292902000.000000,0.000000,3572987000.000000,1185275000.000000,2387712000.000000,-69000000.000000,-4000000.000000,0.000000,0.000000,0.000000,5000000.000000,-88000000.000000,-75000000.000000,19000000.000000,-5000000.000000,-243000000.000000,-243000000.000000,-243000000.000000,0.000000,0.000000,-0.586000,524000000.000000,-240000000.000000,33752000.000000,0.000000,3.416000,-19.043000,-18.671000,211149000.000000,0.000000,119.310000,12.770000,12.703000,258911000.000000,-1902724000.000000,415000000.000000,415000000.000000,162000000.000000,,,,,171000000.000000,362000000.000000,1.000000,156696139.000000,155875000.000000,155875000.000000,2.662000,3345515000.000000,0.000000,2000000.000000,0.000000,21.463000
MRQ,2022-06-30,2022-07-31,2022-07-31,2023-Q2,1708917000.000000,15533367064.000000,2025-03-06,-41186000.000000,9074007000.000000,,2945502000.000000,6128505000.000000,,34.644000,-5000000.000000,216022000.000000,216022000.000000,138000000.000000,-210000000.000000,2.382000,0.664000,2353896000.000000,5209000.000000,2348687000.000000,2353896000.000000,1011284000.000000,31000000.000000,0.000000,0.000000,0.000000,-203000000.000000,-172000000.000000,-0.381000,-172000000.000000,-203000000.000000,-206000000.000000,-1.340000,-1.340000,-1.340000,5453016000.000000,,5453016000.000000,17696881064.000000,-21.000000,-24.303000,-24000000.000000,-0.152000,1.000000,314000000.000000,0.695000,5681745000.000000,3000000.000000,4293551000.000000,,0.000000,2260956000.000000,2260956000.000000,0.000000,3620991000.000000,1236585000.000000,2384406000.000000,22000000.000000,0.000000,19000000.000000,0.000000,0.000000,23000000.000000,19000000.000000,25000000.000000,-19000000.000000,-1000000.000000,-210000000.000000,-210000000.000000,-210000000.000000,0.000000,0.000000,-0.465000,522000000.000000,-208000000.000000,43708000.000000,0.000000,2.849000,-16.975000,-16.686000,208898000.000000,0.000000,98.450000,9.705000,9.682000,323377000.000000,-2113196000.000000,452000000.000000,452000000.000000,156000000.000000,,,,,170000000.000000,366000000.000000,1.000000,157779249.000000,157400000.000000,157400000.000000,2.872000,3392262000.000000,0.000000,4000000.000000,0.000000,21.552000
MRQ,2022-09-30,2022-10-31,2022-10-31,2023-Q3,1697491000.000000,8915942883.000000,2025-03-06,-56064000.000000,9093736000.000000,,3006937000.000000,6086799000.000000,,34.073000,-4000000.000000,249624000.000000,249624000.000000,138000000.000000,-209000000.000000,2.296000,0.682000,2345670000.000000,5217000.000000,2340453000.000000,2345670000.000000,1062455000.000000,28000000.000000,0.000000,0.000000,0.000000,-202000000.000000,-174000000.000000,-0.362000,-174000000.000000,-202000000.000000,-205000000.000000,-1.320000,-1.320000,-1.320000,5407612000.000000,,5407612000.000000,11053816883.000000,-13.000000,-15.011000,6000000.000000,0.038000,1.000000,343000000.000000,0.713000,5662100000.000000,3000000.000000,4218236000.000000,,0.000000,2223538000.000000,2223538000.000000,0.000000,3686124000.000000,1309446000.000000,2376678000.000000,33000000.000000,0.000000,0.000000,0.000000,0.000000,6000000.000000,22000000.000000,26000000.000000,10000000.000000,-5000000.000000,-209000000.000000,-209000000.000000,-209000000.000000,0.000000,0.000000,-0.435000,550000000.000000,-207000000.000000,49122000.000000,0.000000,1.649000,-9.876000,-9.709000,186091000.000000,0.000000,56.120000,5.151000,5.146000,380754000.000000,-2322093000.000000,481000000.000000,481000000.000000,148000000.000000,,,,,172000000.000000,388000000.000000,1.000000,158872824.000000,158708000.000000,158708000.000000,3.031000,3431636000.000000,0.000000,4000000.000000,0.000000,21.622000
MRQ,2022-12-31,2023-01-31,2023-01-31,2023-Q4,1764000000.000000,11791082849.000000,2025-03-06,-33000000.000000,9307000000.000000,,3229000000.000000,6078000000.000000,,34.150000,-4000000.000000,264000000.000000,264000000.000000,139000000.000000,-153000000.000000,2.204000,0.703000,2335000000.000000,0.000000,2335000000.000000,2335000000.000000,1260000000.000000,25000000.000000,0.000000,0.000000,0.000000,-147000000.000000,-122000000.000000,-0.239000,-122000000.000000,-147000000.000000,-149000000.000000,-0.950000,-0.950000,-0.950000,5466000000.000000,,5466000000.000000,13887128849.000000,-18.000000,-20.543000,72000000.000000,0.450000,1.000000,371000000.000000,0.727000,5641000000.000000,2000000.000000,4272000000.000000,,0.000000,2316000000.000000,2316000000.000000,0.000000,3841000000.000000,1465000000.000000,2376000000.000000,12000000.000000,0.000000,29000000.000000,0.000000,0.000000,14000000.000000,-83000000.000000,-79000000.000000,76000000.000000,5000000.000000,-153000000.000000,-153000000.000000,-153000000.000000,0.000000,0.000000,-0.300000,528000000.000000,-157000000.000000,12000000.000000,0.000000,2.157000,-14.468000,-14.266000,181000000.000000,0.000000,73.610000,6.346000,6.261000,481000000.000000,-2475000000.000000,510000000.000000,510000000.000000,154000000.000000,,,,,164000000.000000,359000000.000000,1.000000,160183166.000000,160060000.000000,160060000.000000,3.186000,3666000000.000000,0.000000,4000000.000000,0.000000,22.904000
MRQ,2023-03-31,2023-04-30,2023-04-30,2024-Q1,1481000000.000000,11053053825.000000,2025-03-06,-20000000.000000,8900000000.000000,,2843000000.000000,6057000000.000000,,34.304000,-5000000.000000,125000000.000000,125000000.000000,142000000.000000,-119000000.000000,2.087000,0.608000,1965000000.000000,0.000000,1965000000.000000,1965000000.000000,1187000000.000000,25000000.000000,0.000000,0.000000,0.000000,-112000000.000000,-87000000.000000,-0.168000,-87000000.000000,-112000000.000000,-115000000.000000,-0.740000,-0.740000,-0.740000,5534000000.000000,,5534000000.000000,13124053825.000000,-20.000000,-23.647000,124000000.000000,0.769000,1.000000,376000000.000000,0.726000,5633000000.000000,3000000.000000,3745000000.000000,,0.000000,2245000000.000000,2245000000.000000,0.000000,3366000000.000000,1362000000.000000,2004000000.000000,-137000000.000000,-22000000.000000,6000000.000000,-332000000.000000,0.000000,-326000000.000000,59000000.000000,86000000.000000,129000000.000000,1000000.000000,-119000000.000000,-119000000.000000,-119000000.000000,0.000000,0.000000,-0.230000,536000000.000000,-160000000.000000,10000000.000000,0.000000,1.997000,-15.996000,-15.754000,168000000.000000,0.000000,68.530000,5.636000,5.638000,290000000.000000,-2594000000.000000,518000000.000000,518000000.000000,163000000.000000,,,,,166000000.000000,366000000.000000,1.000000,161287813.000000,161323000.000000,161323000.000000,3.211000,3267000000.000000,0.000000,4000000.000000,0.000000,20.251000
MRQ,2023-06-30,2023-07-31,2023-07-31,2024-Q2,1230000000.000000,12478994673.000000,2025-03-06,-14000000.000000,8713000000.000000,,2686000000.000000,6027000000.000000,,34.653000,-4000000.000000,356000000.000000,356000000.000000,149000000.000000,-111000000.000000,1.845000,0.545000,1573000000.000000,0.000000,1573000000.000000,1573000000.000000,1242000000.000000,18000000.000000,0.000000,0.000000,0.000000,-102000000.000000,-84000000.000000,-0.151000,-84000000.000000,-102000000.000000,-104000000.000000,-0.680000,-0.680000,-0.680000,5640000000.000000,,5640000000.000000,14318994673.000000,-25.000000,-30.662000,49000000.000000,0.301000,1.000000,407000000.000000,0.732000,5617000000.000000,2000000.000000,2857000000.000000,,0.000000,1750000000.000000,1750000000.000000,0.000000,3073000000.000000,1456000000.000000,1617000000.000000,234000000.000000,0.000000,28000000.000000,-343000000.000000,0.000000,-315000000.000000,495000000.000000,499000000.000000,53000000.000000,1000000.000000,-111000000.000000,-111000000.000000,-111000000.000000,0.000000,0.000000,-0.200000,569000000.000000,-162000000.000000,13000000.000000,0.000000,2.213000,-21.079000,-20.829000,141000000.000000,0.000000,76.860000,6.043000,6.058000,388000000.000000,-2705000000.000000,556000000.000000,556000000.000000,172000000.000000,,,,,185000000.000000,380000000.000000,1.000000,162360066.000000,162755000.000000,162755000.000000,3.416000,3096000000.000000,0.000000,7000000.000000,0.000000,19.022000
MRQ,2023-09-30,2023-10-31,2023-10-31,2024-Q3,1184000000.000000,11058740399.000000,2025-03-06,-18000000.000000,8740000000.000000,,2727000000.000000,6013000000.000000,,34.858000,-6000000.000000,400000000.000000,400000000.000000,145000000.000000,-81000000.000000,1.767000,0.525000,1421000000.000000,0.000000,1421000000.000000,1421000000.000000,1274000000.000000,21000000.000000,0.000000,0.000000,0.000000,-72000000.000000,-51000000.000000,-0.087000,-51000000.000000,-72000000.000000,-74000000.000000,-0.490000,-0.490000,-0.490000,5730000000.000000,,5730000000.000000,12275740399.000000,-28.000000,-35.685000,150000000.000000,0.913000,1.000000,439000000.000000,0.752000,5603000000.000000,2000000.000000,2615000000.000000,,0.000000,1730000000.000000,1730000000.000000,0.000000,3010000000.000000,1543000000.000000,1467000000.000000,40000000.000000,0.000000,2000000.000000,-135000000.000000,0.000000,-133000000.000000,20000000.000000,27000000.000000,156000000.000000,-3000000.000000,-81000000.000000,-81000000.000000,-81000000.000000,0.000000,0.000000,-0.139000,550000000.000000,-111000000.000000,11000000.000000,0.000000,1.930000,-23.833000,-23.570000,141000000.000000,0.000000,67.410000,5.101000,5.111000,418000000.000000,-2786000000.000000,584000000.000000,584000000.000000,165000000.000000,,,,,172000000.000000,381000000.000000,1.000000,164051927.000000,164381000.000000,164381000.000000,3.553000,3137000000.000000,0.000000,7000000.000000,0.000000,19.084000
MRQ,2023-12-31,2024-01-31,2024-01-31,2024-Q4,1198000000.000000,13665787475.000000,2025-03-06,-6000000.000000,8989000000.000000,,2980000000.000000,6009000000.000000,,35.464000,-8000000.000000,334000000.000000,334000000.000000,145000000.000000,-44000000.000000,1.672000,0.527000,1266000000.000000,0.000000,1266000000.000000,1266000000.000000,1511000000.000000,20000000.000000,0.000000,0.000000,0.000000,-43000000.000000,-23000000.000000,-0.038000,-23000000.000000,-43000000.000000,-44000000.000000,-0.260000,-0.260000,-0.260000,5888000000.000000,,5888000000.000000,14686787475.000000,-45.000000,-59.946000,166000000.000000,1.000000,1.000000,460000000.000000,0.760000,5588000000.000000,1000000.000000,2551000000.000000,,0.000000,1868000000.000000,1868000000.000000,0.000000,3101000000.000000,1782000000.000000,1319000000.000000,-66000000.000000,0.000000,25000000.000000,-134000000.000000,0.000000,-109000000.000000,-133000000.000000,-125000000.000000,174000000.000000,2000000.000000,-44000000.000000,-44000000.000000,-44000000.000000,0.000000,0.000000,-0.073000,543000000.000000,-83000000.000000,12000000.000000,0.000000,2.321000,-38.495000,-38.088000,131000000.000000,0.000000,82.650000,6.039000,5.976000,559000000.000000,-2830000000.000000,605000000.000000,605000000.000000,156000000.000000,,,,,161000000.000000,359000000.000000,1.000000,165345281.000000,166028000.000000,166028000.000000,3.644000,3401000000.000000,0.000000,0.000000,0.000000,20.484000
MRQ,2024-03-31,2024-04-30,2024-04-30,2025-Q1,1231000000.000000,15564588216.000000,2025-03-06,-17000000.000000,8955000000.000000,,2917000000.000000,6038000000.000000,,35.548000,-5000000.000000,322000000.000000,322000000.000000,148000000.000000,-40000000.000000,1.730000,0.504000,1263000000.000000,0.000000,1263000000.000000,1263000000.000000,1410000000.000000,21000000.000000,0.000000,0.000000,0.000000,-20000000.000000,1000000.000000,0.002000,1000000.000000,-20000000.000000,-22000000.000000,-0.240000,-0.240000,-0.240000,5953000000.000000,,5953000000.000000,16496588216.000000,-70.000000,-105.074000,214000000.000000,1.278000,1.000000,469000000.000000,0.760000,5632000000.000000,2000000.000000,2578000000.000000,,0.000000,1998000000.000000,1998000000.000000,0.000000,3002000000.000000,1686000000.000000,1316000000.000000,-13000000.000000,-56000000.000000,4000000.000000,0.000000,0.000000,-37000000.000000,-194000000.000000,-133000000.000000,219000000.000000,-1000000.000000,-40000000.000000,-40000000.000000,-40000000.000000,0.000000,0.000000,-0.065000,516000000.000000,-47000000.000000,12000000.000000,0.000000,2.615000,-56.393000,-55.677000,128000000.000000,0.000000,92.980000,6.590000,6.592000,307000000.000000,-2870000000.000000,617000000.000000,617000000.000000,163000000.000000,,,,,151000000.000000,353000000.000000,1.000000,167397163.000000,167465000.000000,167465000.000000,3.684000,3323000000.000000,0.000000,18000000.000000,0.000000,19.843000
MRQ,2024-06-30,2024-07-31,2024-07-31,2025-Q2,1378000000.000000,15803183507.000000,2025-03-06,-7000000.000000,9067000000.000000,,3038000000.000000,6029000000.000000,,36.373000,-8000000.000000,515000000.000000,515000000.000000,155000000.000000,29000000.000000,1.830000,0.478000,1220000000.000000,0.000000,1220000000.000000,1220000000.000000,1415000000.000000,21000000.000000,0.000000,0.000000,0.000000,13000000.000000,34000000.000000,0.053000,34000000.000000,13000000.000000,12000000.000000,0.180000,0.150000,0.180000,6133000000.000000,,6133000000.000000,16744183507.000000,-137.000000,-429.338000,78000000.000000,0.463000,1.000000,491000000.000000,0.760000,5616000000.000000,1000000.000000,2496000000.000000,,0.000000,1843000000.000000,1843000000.000000,0.000000,2934000000.000000,1660000000.000000,1274000000.000000,193000000.000000,0.000000,29000000.000000,-40000000.000000,0.000000,-50000000.000000,156000000.000000,164000000.000000,86000000.000000,1000000.000000,29000000.000000,29000000.000000,29000000.000000,0.000000,0.000000,0.045000,510000000.000000,-19000000.000000,11000000.000000,0.000000,2.577000,-116.200000,-115.975000,129000000.000000,0.000000,93.940000,6.445000,6.460000,377000000.000000,-2841000000.000000,646000000.000000,646000000.000000,164000000.000000,,,,,148000000.000000,346000000.000000,1.000000,168226352.000000,168612000.000000,174443000.000000,3.831000,3451000000.000000,0.000000,-17000000.000000,0.000000,20.467000
MRQ,2024-09-30,2024-10-31,2024-10-31,2025-Q3,769000000.000000,12211383206.000000,2025-03-06,-3000000.000000,9010000000.000000,,3003000000.000000,6007000000.000000,,36.806000,-5000000.000000,310000000.000000,310000000.000000,157000000.000000,16000000.000000,1.344000,0.438000,960000000.000000,509000000.000000,451000000.000000,960000000.000000,1440000000.000000,22000000.000000,0.000000,0.000000,0.000000,26000000.000000,48000000.000000,0.072000,48000000.000000,26000000.000000,25000000.000000,0.090000,0.000000,0.090000,6265000000.000000,,6265000000.000000,12916383206.000000,-538.000000,215.273000,154000000.000000,0.905000,1.000000,508000000.000000,0.764000,5599000000.000000,1000000.000000,1827000000.000000,,0.000000,1938000000.000000,1938000000.000000,0.000000,2745000000.000000,2234000000.000000,511000000.000000,-204000000.000000,0.000000,8000000.000000,-240000000.000000,0.000000,-265000000.000000,-99000000.000000,-94000000.000000,159000000.000000,1000000.000000,16000000.000000,16000000.000000,16000000.000000,0.000000,0.000000,0.024000,524000000.000000,-16000000.000000,12000000.000000,0.000000,1.949000,-313.112000,-312.565000,125000000.000000,0.000000,71.890000,4.821000,4.831000,463000000.000000,-2825000000.000000,665000000.000000,665000000.000000,158000000.000000,,,,,135000000.000000,366000000.000000,1.000000,169862056.000000,170217000.000000,170673000.000000,3.907000,3411000000.000000,0.000000,9000000.000000,0.000000,20.039000
MRQ,2024-12-31,2025-01-31,2025-01-31,2025-Q4,893000000.000000,16145055192.000000,2025-03-06,-12000000.000000,9437000000.000000,,3416000000.000000,6021000000.000000,,37.249000,-2000000.000000,409000000.000000,409000000.000000,158000000.000000,23000000.000000,1.354000,0.473000,952000000.000000,509000000.000000,443000000.000000,952000000.000000,1718000000.000000,24000000.000000,0.000000,0.000000,0.000000,32000000.000000,56000000.000000,0.082000,56000000.000000,32000000.000000,31000000.000000,0.130000,0.140000,0.130000,6405000000.000000,,6405000000.000000,16795055192.000000,329.000000,120.828000,284000000.000000,1.652000,1.000000,524000000.000000,0.768000,5586000000.000000,1000000.000000,1871000000.000000,,0.000000,2114000000.000000,2114000000.000000,0.000000,3032000000.000000,2523000000.000000,509000000.000000,97000000.000000,0.000000,28000000.000000,0.000000,0.000000,-7000000.000000,-177000000.000000,-175000000.000000,286000000.000000,-5000000.000000,23000000.000000,23000000.000000,23000000.000000,0.000000,0.000000,0.034000,516000000.000000,8000000.000000,13000000.000000,0.000000,2.521000,576.609000,588.875000,117000000.000000,0.000000,94.220000,6.186000,6.121000,621000000.000000,-2802000000.000000,682000000.000000,682000000.000000,157000000.000000,,,,,131000000.000000,348000000.000000,1.000000,171354863.000000,171951000.000000,191040000.000000,3.966000,3851000000.000000,0.000000,8000000.000000,0.000000,22.396000
MRT,2014-12-31,2015-01-31,2015-01-31,2015-Q4,,,2025-03-06,,,,,,,,-2945000.000000,,,18730000.000000,-59111000.000000,,,,,,,,1923000.000000,,,0.000000,-58981000.000000,-57058000.000000,-1.391000,-57058000.000000,-58981000.000000,-58981000.000000,-3.670000,-3.670000,-3.670000,,,,,,,-35694000.000000,-2.217000,1.000000,22280000.000000,0.543000,,0.000000,,,,,,,,,,-4014000.000000,-3200000.000000,0.000000,74500000.000000,0.000000,77313000.000000,-48571000.000000,-42426000.000000,-32749000.000000,-7000.000000,-59111000.000000,-59111000.000000,-59111000.000000,0.000000,0.000000,-1.441000,81062000.000000,-58782000.000000,,0.000000,,,,,0.000000,,,,,,41010000.000000,41010000.000000,18370000.000000,,,,-1.438000,6580000.000000,62692000.000000,1.000000,,16097000.000000,16097000.000000,2.548000,,,130000.000000,,
MRT,2015-12-31,2016-01-31,2016-01-31,2016-Q4,38528000.000000,,2025-03-06,-57000.000000,149763000.000000,,125668000.000000,24095000.000000,,-10.162000,-6701000.000000,58081000.000000,58081000.000000,36024000.000000,-76302000.000000,1.442000,-0.568000,0.000000,0.000000,0.000000,0.000000,79525000.000000,2889000.000000,0.000000,,0.000000,-76007000.000000,-73118000.000000,-0.851000,-73118000.000000,-76007000.000000,-76007000.000000,-4.280000,-4.280000,-4.280000,-181062000.000000,,-181062000.000000,,,,-48237000.000000,-2.707000,1.000000,49883000.000000,0.581000,7223000.000000,0.000000,-2681000.000000,,0.000000,33537000.000000,33537000.000000,0.000000,102871000.000000,87140000.000000,15731000.000000,36423000.000000,0.000000,0.000000,73424000.000000,0.000000,76841000.000000,1160000.000000,7861000.000000,-41536000.000000,-42000.000000,-76302000.000000,-76302000.000000,-76302000.000000,0.000000,0.000000,-0.888000,125871000.000000,-75988000.000000,5874000.000000,0.000000,,,,4709000.000000,0.000000,,,,23009000.000000,-204400000.000000,85907000.000000,85907000.000000,28761000.000000,,,,-0.885000,9832000.000000,97110000.000000,1.000000,,17817000.000000,17817000.000000,4.822000,142540000.000000,0.000000,295000.000000,0.000000,8.000000
MRT,2016-03-31,2016-04-30,2016-04-30,2017-Q1,,,2025-03-06,,,,,,,,,,,,,,,,,,,,,,,0.000000,,,,,,,,,,,,,,,,,,1.000000,,,,,,,,,,,,,,,,,,,,,,,,,,,,,,,,,,,,,,,,,,,,,,,,,,,,,1.000000,,18574000.000000,,,,,,,
MRT,2016-06-30,2016-07-31,2016-07-31,2017-Q2,,,2025-03-06,,,,,,,,,,,,,,,,,,,,,,,0.000000,,,,,,,,,,,,,,,,,,1.000000,,,,,,,,,,,,,,,,,,,,,,,,,,,,,,,,,,,,,,,,,,,,,,,,,,,,,1.000000,,18802000.000000,,,,,,,
MRT,2016-09-30,2016-10-31,2016-10-31,2017-Q3,,,2025-03-06,,,,,,,,,,,,,,,,,,,,,,,0.000000,,,,,,,,,,,,,,,,,,1.000000,,,,,,,,,,,,,,,,,,,,,,,,,,,,,,,,,,,,,,,,,,,,,,,,,,,,,1.000000,,19174000.000000,,,,,,,
MRT,2016-12-31,2017-01-31,2017-01-31,2017-Q4,-41706000.000000,,2025-03-06,-167000.000000,130635000.000000,140199000.000000,92790000.000000,37845000.000000,1.147000,-12.796000,-11742000.000000,23282000.000000,23282000.000000,55949000.000000,-75056000.000000,0.690000,-0.601000,0.000000,0.000000,0.000000,0.000000,113723000.000000,4568000.000000,0.000000,,0.000000,-74631000.000000,-70063000.000000,-0.436000,-70063000.000000,-74631000.000000,-74631000.000000,-3.940000,-3.940000,-3.940000,-243605000.000000,-212333500.000000,-243605000.000000,,,,-53843000.000000,-2.828000,1.000000,104857000.000000,0.652000,11785000.000000,0.000000,-38928000.000000,-20804500.000000,0.000000,14390000.000000,14390000.000000,0.000000,146286000.000000,134496000.000000,11790000.000000,-34799000.000000,0.000000,0.000000,0.000000,0.000000,457000.000000,6965000.000000,18707000.000000,-42101000.000000,-120000.000000,-75056000.000000,-75056000.000000,-75056000.000000,0.000000,0.000000,-0.467000,179527000.000000,-74670000.000000,9387000.000000,0.000000,,,,11026000.000000,0.000000,,,,34544000.000000,-287909000.000000,160806000.000000,160806000.000000,38659000.000000,-0.535000,0.353000,3.587000,-0.464000,17127000.000000,140868000.000000,1.000000,90758777.000000,19038000.000000,19038000.000000,8.447000,118850000.000000,0.000000,425000.000000,0.000000,6.243000
MRT,2017-03-31,2017-04-30,2017-04-30,2018-Q1,136738000.000000,2364266141.000000,2025-03-06,-99000.000000,320230000.000000,,279799000.000000,40431000.000000,,4.171000,-13239000.000000,221726000.000000,221726000.000000,61033000.000000,-80009000.000000,1.956000,0.930000,0.000000,0.000000,0.000000,0.000000,120644000.000000,5256000.000000,0.000000,0.000000,0.000000,-79417000.000000,-74161000.000000,-0.409000,-74161000.000000,-79417000.000000,-79417000.000000,-3.420000,-3.420000,-3.420000,165919000.000000,,165919000.000000,2340984141.000000,-29.000000,-31.566000,-49991000.000000,-1.257000,1.000000,120311000.000000,0.663000,16117000.000000,0.000000,-60674000.000000,,0.000000,2500000.000000,2500000.000000,0.000000,154311000.000000,143061000.000000,11250000.000000,178392000.000000,0.000000,199997000.000000,71000.000000,0.000000,200902000.000000,14341000.000000,27580000.000000,-36752000.000000,-99000.000000,-80009000.000000,-80009000.000000,-80009000.000000,0.000000,0.000000,-0.441000,199716000.000000,-79405000.000000,15909000.000000,0.000000,14.250000,-29.550000,-7.617000,13180000.000000,0.000000,26.050000,13.037000,5.715000,32171000.000000,-317010000.000000,181344000.000000,181344000.000000,45252000.000000,,,,-0.438000,22664000.000000,154464000.000000,1.000000,90758777.000000,39783000.000000,39783000.000000,4.558000,304113000.000000,0.000000,592000.000000,0.000000,7.644000
MRT,2017-06-30,2017-07-31,2017-07-31,2018-Q2,121887000.000000,2091524539.000000,2025-03-06,70000.000000,316227000.000000,,274686000.000000,41541000.000000,,1.634000,-14287000.000000,126464000.000000,126464000.000000,66935000.000000,-85440000.000000,1.798000,1.069000,0.000000,0.000000,0.000000,0.000000,131326000.000000,5884000.000000,0.000000,0.000000,0.000000,-84714000.000000,-78830000.000000,-0.386000,-78830000.000000,-84714000.000000,-84714000.000000,-2.600000,-2.600000,-2.600000,152869000.000000,,152869000.000000,1869798539.000000,-22.000000,-23.719000,-45439000.000000,-0.486000,1.000000,137232000.000000,0.672000,17333000.000000,0.000000,19631000.000000,,0.000000,86755000.000000,86755000.000000,0.000000,163358000.000000,152799000.000000,10559000.000000,94025000.000000,0.000000,199948000.000000,143000.000000,0.000000,200299000.000000,-75190000.000000,-60903000.000000,-31152000.000000,68000.000000,-85440000.000000,-85440000.000000,-85440000.000000,0.000000,0.000000,-0.418000,222260000.000000,-85028000.000000,9848000.000000,0.000000,13.682000,-24.479000,-8.442000,13302000.000000,0.000000,21.950000,10.244000,10.060000,35304000.000000,-344012000.000000,204167000.000000,204167000.000000,52520000.000000,,,,-0.415000,30978000.000000,169740000.000000,1.000000,95285856.000000,93576000.000000,93576000.000000,2.182000,298894000.000000,0.000000,726000.000000,0.000000,3.194000
MRT,2017-09-30,2017-10-31,2017-10-31,2018-Q3,123711000.000000,2764252031.000000,2025-03-06,-69000.000000,337157000.000000,276062250.000000,294672000.000000,42485000.000000,0.829000,1.639000,-12745000.000000,137575000.000000,137575000.000000,73955000.000000,-96575000.000000,1.724000,1.155000,0.000000,0.000000,0.000000,0.000000,141648000.000000,6502000.000000,0.000000,0.000000,0.000000,-96880000.000000,-90378000.000000,-0.395000,-90378000.000000,-96880000.000000,-96880000.000000,-1.810000,-1.810000,-1.810000,156455000.000000,57909500.000000,156455000.000000,2637788031.000000,-27.000000,-29.186000,-44842000.000000,-0.470000,1.000000,154840000.000000,0.677000,17737000.000000,0.000000,10884000.000000,-17271750.000000,0.000000,86043000.000000,86043000.000000,0.000000,180702000.000000,170961000.000000,9741000.000000,112276000.000000,0.000000,199948000.000000,213000.000000,0.000000,221362000.000000,-77066000.000000,-64321000.000000,-32097000.000000,77000.000000,-96575000.000000,-96575000.000000,-96575000.000000,0.000000,0.000000,-0.422000,252493000.000000,-97653000.000000,12875000.000000,0.000000,17.668000,-28.623000,-15.978000,13122000.000000,0.000000,28.920000,12.082000,12.068000,46882000.000000,-377790000.000000,228795000.000000,228795000.000000,62004000.000000,-0.350000,-1.668000,5.609000,-0.423000,40550000.000000,190489000.000000,1.000000,95582712.000000,95474000.000000,95474000.000000,2.396000,319420000.000000,0.000000,-305000.000000,0.000000,3.346000
MRT,2017-12-31,2018-01-31,2018-01-31,2018-Q4,129555000.000000,3001667337.000000,2025-03-06,391000.000000,399263000.000000,343219250.000000,317498000.000000,81765000.000000,0.747000,2.402000,-11981000.000000,127949000.000000,127949000.000000,80755000.000000,-109849000.000000,1.689000,1.003000,0.000000,0.000000,0.000000,0.000000,164779000.000000,7001000.000000,0.000000,0.000000,0.000000,-111852000.000000,-104851000.000000,-0.409000,-104851000.000000,-111852000.000000,-110170000.000000,-1.320000,-1.320000,-1.320000,199340000.000000,168645750.000000,199340000.000000,2864092337.000000,-26.000000,-27.316000,-37221000.000000,-0.448000,1.000000,175792000.000000,0.685000,18043000.000000,-1682000.000000,65328000.000000,8792250.000000,0.000000,101765000.000000,101765000.000000,0.000000,199923000.000000,187943000.000000,11980000.000000,112951000.000000,0.000000,208317000.000000,0.000000,0.000000,237408000.000000,-99704000.000000,-87723000.000000,-25240000.000000,487000.000000,-109849000.000000,-109849000.000000,-109849000.000000,0.000000,0.000000,-0.428000,287644000.000000,-111852000.000000,9566000.000000,0.000000,15.058000,-27.325000,-22.311000,12540000.000000,0.000000,29.450000,11.700000,9.528000,52248000.000000,-366714000.000000,256547000.000000,256547000.000000,70821000.000000,-0.320000,-0.651000,-12.722000,-0.436000,49860000.000000,216823000.000000,1.000000,101924188.000000,83004000.000000,83004000.000000,3.091000,381220000.000000,0.000000,-321000.000000,0.000000,4.593000
MRT,2018-03-31,2018-04-30,2018-04-30,2019-Q1,433237000.000000,4480366983.000000,2025-03-06,-178000.000000,726904000.000000,444887750.000000,636163000.000000,90741000.000000,0.647000,2.395000,-13853000.000000,211756000.000000,211756000.000000,87399000.000000,-108105000.000000,3.135000,1.912000,259920000.000000,0.000000,259920000.000000,259920000.000000,177894000.000000,7495000.000000,0.000000,0.000000,0.000000,-107870000.000000,-100375000.000000,-0.349000,-100375000.000000,-107870000.000000,-108905000.000000,-1.070000,-1.070000,-1.070000,249617000.000000,189570250.000000,249617000.000000,4352417983.000000,-40.000000,-43.362000,-25435000.000000,-0.244000,1.000000,200444000.000000,0.696000,18145000.000000,1035000.000000,553997000.000000,162460000.000000,0.000000,335285000.000000,335285000.000000,0.000000,477287000.000000,202926000.000000,274361000.000000,-1668000.000000,0.000000,8320000.000000,307455000.000000,0.000000,356745000.000000,-346863000.000000,-333010000.000000,-11582000.000000,32000.000000,-108105000.000000,-108105000.000000,-108105000.000000,0.000000,0.000000,-0.376000,309835000.000000,-109391000.000000,11830000.000000,0.000000,17.949000,-41.445000,-40.009000,19176000.000000,0.000000,42.810000,15.565000,15.498000,50368000.000000,-392676000.000000,287843000.000000,287843000.000000,75391000.000000,-0.243000,-0.570000,-0.664000,-0.375000,55089000.000000,234444000.000000,1.000000,104657019.000000,104203000.000000,104203000.000000,2.762000,708759000.000000,0.000000,-800000.000000,0.000000,6.802000
MRT,2018-06-30,2018-07-31,2018-07-31,2019-Q2,415236000.000000,5292968388.000000,2025-03-06,-480000.000000,763917000.000000,556810250.000000,633376000.000000,130541000.000000,0.579000,2.297000,-15597000.000000,192882000.000000,192882000.000000,95945000.000000,-121280000.000000,2.904000,2.116000,263762000.000000,0.000000,263762000.000000,263762000.000000,191898000.000000,7412000.000000,0.000000,0.000000,0.000000,-118201000.000000,-110789000.000000,-0.344000,-110789000.000000,-118201000.000000,-123294000.000000,-1.160000,-1.160000,-1.160000,245145000.000000,212639250.000000,245145000.000000,5341132388.000000,-45.000000,-48.210000,-26284000.000000,-0.246000,1.000000,226225000.000000,0.702000,34101000.000000,5093000.000000,582556000.000000,303191250.000000,0.000000,343374000.000000,343374000.000000,0.000000,518772000.000000,218140000.000000,300632000.000000,74699000.000000,-15638000.000000,15023000.000000,307380000.000000,0.000000,372738000.000000,-287073000.000000,-255838000.000000,-10687000.000000,-279000.000000,-121280000.000000,-121280000.000000,-121280000.000000,0.000000,0.000000,-0.376000,347861000.000000,-121636000.000000,12577000.000000,0.000000,21.591000,-43.643000,-42.802000,40670000.000000,0.000000,49.650000,16.429000,16.444000,59839000.000000,-431883000.000000,322170000.000000,322170000.000000,83297000.000000,-0.218000,-0.570000,-0.390000,-0.367000,61333000.000000,264564000.000000,1.000000,106605607.000000,106702000.000000,106702000.000000,3.019000,729816000.000000,0.000000,-2014000.000000,0.000000,6.840000
MRT,2018-09-30,2018-10-31,2018-10-31,2019-Q3,413328000.000000,6371918129.000000,2025-03-06,-918000.000000,796709000.000000,671698250.000000,658114000.000000,138595000.000000,0.537000,2.248000,-18921000.000000,195898000.000000,195898000.000000,104522000.000000,-117731000.000000,2.689000,2.258000,267665000.000000,0.000000,267665000.000000,267665000.000000,211123000.000000,7714000.000000,0.000000,0.000000,0.000000,-112674000.000000,-104960000.000000,-0.291000,-104960000.000000,-112674000.000000,-119472000.000000,-1.080000,-1.080000,-1.080000,244503000.000000,234651250.000000,244503000.000000,6442798129.000000,-57.000000,-61.383000,-13698000.000000,-0.126000,1.000000,256313000.000000,0.710000,33063000.000000,6798000.000000,590627000.000000,448127000.000000,0.000000,350105000.000000,350105000.000000,0.000000,552206000.000000,244786000.000000,307420000.000000,66603000.000000,-15616000.000000,15023000.000000,254940000.000000,0.000000,358393000.000000,-296457000.000000,-261920000.000000,5223000.000000,-556000.000000,-117731000.000000,-117731000.000000,-117731000.000000,0.000000,0.000000,-0.326000,371913000.000000,-115600000.000000,12085000.000000,0.000000,26.061000,-54.123000,-54.037000,44251000.000000,0.000000,58.360000,17.659000,17.593000,70136000.000000,-461400000.000000,360835000.000000,360835000.000000,91703000.000000,-0.175000,-0.502000,-0.251000,-0.312000,68467000.000000,280210000.000000,1.000000,109182970.000000,108776000.000000,108776000.000000,3.317000,763646000.000000,0.000000,-1741000.000000,0.000000,7.020000
MRT,2018-12-31,2019-01-31,2019-01-31,2019-Q4,135012000.000000,9103455776.000000,2025-03-06,-319000.000000,984313000.000000,817960750.000000,708116000.000000,276197000.000000,0.488000,2.348000,-21922000.000000,298394000.000000,298394000.000000,113421000.000000,-125497000.000000,1.236000,2.900000,418674000.000000,271628000.000000,147046000.000000,418674000.000000,254390000.000000,8001000.000000,0.000000,0.000000,0.000000,-110442000.000000,-102441000.000000,-0.257000,-102441000.000000,-110442000.000000,-125514000.000000,-1.170000,-1.170000,-1.170000,252377000.000000,247910500.000000,252377000.000000,9175222776.000000,-83.000000,-89.566000,-6750000.000000,-0.063000,1.000000,285833000.000000,0.716000,31986000.000000,15072000.000000,499503000.000000,556670750.000000,0.000000,265374000.000000,265374000.000000,0.000000,731936000.000000,573104000.000000,158832000.000000,174982000.000000,-15632000.000000,13727000.000000,254940000.000000,0.000000,357762000.000000,-197320000.000000,-159766000.000000,15172000.000000,-632000.000000,-125497000.000000,-125497000.000000,-125497000.000000,0.000000,0.000000,-0.314000,405455000.000000,-119622000.000000,2431000.000000,0.000000,36.071000,-72.539000,-70.453000,174310000.000000,0.000000,82.430000,22.801000,22.195000,91926000.000000,-492211000.000000,399254000.000000,399254000.000000,102385000.000000,-0.153000,-0.506000,-0.198000,-0.277000,76320000.000000,303070000.000000,1.000000,110438624.000000,107504000.000000,107504000.000000,3.714000,952327000.000000,0.000000,-17000.000000,0.000000,8.859000
MRT,2019-03-31,2019-04-30,2019-04-30,2020-Q1,75016000.000000,11674799519.000000,2025-03-06,-457000.000000,998542000.000000,885870250.000000,676929000.000000,321613000.000000,0.498000,2.125000,-24473000.000000,208106000.000000,208106000.000000,124409000.000000,-151501000.000000,1.125000,3.170000,421697000.000000,275653000.000000,146044000.000000,421697000.000000,275704000.000000,9331000.000000,0.000000,0.000000,0.000000,-132050000.000000,-122719000.000000,-0.278000,-122719000.000000,-132050000.000000,-152444000.000000,-1.380000,-1.380000,-1.380000,239444000.000000,245367250.000000,239444000.000000,11648033519.000000,-88.000000,-94.916000,7989000.000000,0.071000,1.000000,316447000.000000,0.718000,75986000.000000,20394000.000000,534234000.000000,551730000.000000,0.000000,339377000.000000,339377000.000000,0.000000,759098000.000000,601913000.000000,157185000.000000,-471000.000000,-59855000.000000,27115000.000000,-52515000.000000,0.000000,51579000.000000,-83985000.000000,343000.000000,32462000.000000,-527000.000000,-151501000.000000,-151501000.000000,-151501000.000000,0.000000,0.000000,-0.344000,462873000.000000,-146426000.000000,4352000.000000,0.000000,48.758000,-77.061000,-75.384000,172105000.000000,0.000000,104.030000,26.482000,26.590000,83328000.000000,-544177000.000000,440856000.000000,440856000.000000,116488000.000000,-0.171000,-0.617000,-0.239000,-0.300000,84870000.000000,346385000.000000,1.000000,112225315.000000,112682000.000000,112682000.000000,3.912000,922556000.000000,0.000000,-943000.000000,0.000000,8.187000
MRT,2019-06-30,2019-07-31,2019-07-31,2020-Q2,76351000.000000,14932814790.000000,2025-03-06,-1653000.000000,1026810000.000000,951593500.000000,697020000.000000,329790000.000000,0.512000,2.180000,-21654000.000000,206753000.000000,206753000.000000,134961000.000000,-155274000.000000,1.123000,3.095000,423447000.000000,279741000.000000,143706000.000000,423447000.000000,291193000.000000,12218000.000000,0.000000,0.000000,0.000000,-136069000.000000,-123851000.000000,-0.254000,-123851000.000000,-136069000.000000,-156709000.000000,-1.380000,-1.380000,-1.380000,250725000.000000,246762250.000000,250725000.000000,15146405790.000000,-111.000000,-122.295000,15017000.000000,0.131000,1.000000,351789000.000000,0.723000,82676000.000000,20640000.000000,540159000.000000,541130750.000000,0.000000,350712000.000000,350712000.000000,0.000000,776085000.000000,620669000.000000,155416000.000000,17056000.000000,-44217000.000000,43531000.000000,-52440000.000000,0.000000,59211000.000000,-77639000.000000,-3268000.000000,36671000.000000,-1187000.000000,-155274000.000000,-155274000.000000,-155274000.000000,0.000000,0.000000,-0.319000,503402000.000000,-151613000.000000,3492000.000000,0.000000,59.559000,-96.171000,-94.804000,168564000.000000,0.000000,130.830000,30.679000,30.919000,87851000.000000,-587157000.000000,486750000.000000,486750000.000000,131704000.000000,-0.163000,-0.629000,-0.251000,-0.280000,97922000.000000,371698000.000000,1.000000,114139072.000000,115033000.000000,115033000.000000,4.231000,944134000.000000,0.000000,-1435000.000000,0.000000,8.208000
MRT,2019-09-30,2019-10-31,2019-10-31,2020-Q3,1048206000.000000,12733718975.000000,2025-03-06,135000.000000,1870777000.000000,1220110500.000000,1526600000.000000,344177000.000000,0.438000,3.349000,-17979000.000000,1039626000.000000,1039626000.000000,146085000.000000,-189252000.000000,3.191000,3.696000,1081424000.000000,99227000.000000,982197000.000000,1081424000.000000,313756000.000000,14513000.000000,0.000000,0.000000,0.000000,-162910000.000000,-148397000.000000,-0.278000,-148397000.000000,-162910000.000000,-189671000.000000,-1.640000,-1.640000,-1.640000,398394000.000000,285235000.000000,398394000.000000,12950412975.000000,-79.000000,-87.269000,22893000.000000,0.192000,1.000000,388126000.000000,0.727000,81790000.000000,26761000.000000,1352391000.000000,731571750.000000,0.000000,326629000.000000,326629000.000000,0.000000,1472383000.000000,478394000.000000,993989000.000000,846924000.000000,-44239000.000000,52449000.000000,789481000.000000,0.000000,850141000.000000,-44206000.000000,26512000.000000,40872000.000000,117000.000000,-189252000.000000,-189252000.000000,-189252000.000000,0.000000,0.000000,-0.354000,556990000.000000,-168864000.000000,4924000.000000,0.000000,31.963000,-67.284000,-66.506000,178476000.000000,0.000000,109.070000,23.836000,24.291000,101778000.000000,-650652000.000000,534211000.000000,534211000.000000,145940000.000000,-0.155000,-0.663000,-0.223000,-0.305000,112112000.000000,411050000.000000,1.000000,116748134.000000,118976000.000000,118976000.000000,4.490000,1788987000.000000,0.000000,-419000.000000,0.000000,15.037000
MRT,2019-12-31,2020-01-31,2020-01-31,2020-Q4,1052762000.000000,15520209335.000000,2025-03-06,892000.000000,1955395000.000000,1462881000.000000,1599725000.000000,355670000.000000,0.401000,3.458000,-19330000.000000,520048000.000000,520048000.000000,159382000.000000,-208913000.000000,2.925000,3.824000,1092216000.000000,100703000.000000,991513000.000000,1092216000.000000,371450000.000000,17815000.000000,0.000000,0.000000,0.000000,-183315000.000000,-165500000.000000,-0.282000,-165500000.000000,-183315000.000000,-210332000.000000,-1.780000,-1.780000,-1.780000,405344000.000000,323476750.000000,405344000.000000,15562007335.000000,-85.000000,-94.030000,36273000.000000,0.309000,1.000000,426685000.000000,0.728000,80552000.000000,27017000.000000,1900048000.000000,1081708000.000000,0.000000,882976000.000000,882976000.000000,0.000000,1550051000.000000,546963000.000000,1003088000.000000,220738000.000000,-44283000.000000,18767000.000000,789381000.000000,0.000000,853385000.000000,-688041000.000000,-615839000.000000,55603000.000000,-209000.000000,-208913000.000000,-208913000.000000,-208913000.000000,0.000000,0.000000,-0.356000,612517000.000000,-185832000.000000,3837000.000000,0.000000,38.289000,-74.290000,-71.938000,178739000.000000,0.000000,128.050000,26.482000,25.612000,130115000.000000,-701124000.000000,586067000.000000,586067000.000000,159269000.000000,-0.143000,-0.646000,-0.169000,-0.313000,126624000.000000,453248000.000000,1.000000,121204290.000000,117221000.000000,117221000.000000,5.000000,1874843000.000000,0.000000,-1419000.000000,0.000000,15.994000
MRT,2020-03-31,2020-04-30,2020-04-30,2021-Q1,1063135000.000000,18575762484.000000,2025-03-06,3742000.000000,2037007000.000000,1722497250.000000,1633523000.000000,403484000.000000,0.374000,3.345000,-20181000.000000,619221000.000000,619221000.000000,172773000.000000,-214609000.000000,2.864000,3.931000,1142949000.000000,102198000.000000,1040751000.000000,1142949000.000000,398191000.000000,19882000.000000,0.000000,0.000000,0.000000,-181733000.000000,-161851000.000000,-0.251000,-161851000.000000,-181733000.000000,-215273000.000000,-1.780000,-1.780000,-1.780000,413096000.000000,366889750.000000,413096000.000000,19147930484.000000,-105.000000,-118.306000,52857000.000000,0.428000,1.000000,470930000.000000,0.732000,79055000.000000,33540000.000000,1911292000.000000,1425972500.000000,0.000000,827556000.000000,827556000.000000,0.000000,1623911000.000000,570388000.000000,1053523000.000000,414443000.000000,-60000.000000,19551000.000000,789381000.000000,0.000000,854290000.000000,-511830000.000000,-483000000.000000,73038000.000000,-1055000.000000,-214609000.000000,-214609000.000000,-214609000.000000,0.000000,0.000000,-0.333000,657179000.000000,-186249000.000000,8021000.000000,0.000000,44.967000,-86.556000,-85.000000,224677000.000000,0.000000,151.300000,28.858000,29.027000,111039000.000000,-758786000.000000,643703000.000000,643703000.000000,173731000.000000,-0.125000,-0.585000,-0.127000,-0.282000,141667000.000000,483448000.000000,1.000000,122774372.000000,123494000.000000,123494000.000000,5.212000,1957952000.000000,0.000000,-664000.000000,0.000000,15.855000
MRT,2020-06-30,2020-07-31,2020-07-31,2021-Q2,2173355000.000000,27536146099.000000,2025-03-06,5521000.000000,3115015000.000000,2244548500.000000,2706935000.000000,408080000.000000,0.314000,5.424000,-21078000.000000,957234000.000000,957234000.000000,185140000.000000,-231729000.000000,5.073000,3.546000,1922224000.000000,43578000.000000,1878646000.000000,1922224000.000000,396820000.000000,22590000.000000,0.000000,0.000000,0.000000,-185182000.000000,-162592000.000000,-0.231000,-162592000.000000,-185182000.000000,-231349000.000000,-1.890000,-1.890000,-1.890000,685197000.000000,475507750.000000,685197000.000000,28059874099.000000,-152.000000,-172.578000,64024000.000000,0.507000,1.000000,518529000.000000,0.737000,78054000.000000,46167000.000000,3468371000.000000,2158025500.000000,0.000000,1557279000.000000,1557279000.000000,0.000000,2429818000.000000,533580000.000000,1896238000.000000,752646000.000000,-60000.000000,22647000.000000,1810290000.000000,0.000000,1878300000.000000,-1212312000.000000,-1191085000.000000,85102000.000000,1556000.000000,-231729000.000000,-231729000.000000,-231729000.000000,0.000000,0.000000,-0.329000,706549000.000000,-188020000.000000,4726000.000000,0.000000,40.187000,-118.829000,-116.921000,221187000.000000,0.000000,220.980000,39.132000,39.669000,110540000.000000,-818886000.000000,703669000.000000,703669000.000000,187552000.000000,-0.103000,-0.487000,-0.086000,-0.263000,158771000.000000,518997000.000000,1.000000,124609223.000000,126319000.000000,126319000.000000,5.571000,3036961000.000000,0.000000,380000.000000,0.000000,24.042000
MRT,2020-09-30,2020-10-31,2020-10-31,2021-Q3,2183599000.000000,26876768618.000000,2025-03-06,2571000.000000,3170279000.000000,2569424000.000000,2757539000.000000,412740000.000000,0.299000,5.284000,-21518000.000000,409769000.000000,409769000.000000,201224000.000000,-240998000.000000,4.805000,3.658000,1930768000.000000,35131000.000000,1895637000.000000,1930768000.000000,432114000.000000,29173000.000000,0.000000,0.000000,0.000000,-180049000.000000,-150876000.000000,-0.196000,-150876000.000000,-180049000.000000,-240758000.000000,-1.920000,-1.920000,-1.920000,680648000.000000,546071250.000000,680648000.000000,27841758618.000000,-155.000000,-184.534000,96370000.000000,0.748000,1.000000,566787000.000000,0.738000,76976000.000000,60709000.000000,4040362000.000000,2830018250.000000,0.000000,2085373000.000000,2085373000.000000,0.000000,2489631000.000000,573940000.000000,1915691000.000000,-627669000.000000,-60000.000000,19782000.000000,1019966000.000000,0.000000,1085111000.000000,-1830821000.000000,-1809154000.000000,117888000.000000,153000.000000,-240998000.000000,-240998000.000000,-240998000.000000,0.000000,0.000000,-0.314000,761053000.000000,-194266000.000000,5114000.000000,0.000000,39.487000,-111.523000,-109.286000,217104000.000000,0.000000,209.830000,34.995000,35.193000,139473000.000000,-891650000.000000,768011000.000000,768011000.000000,203870000.000000,-0.094000,-0.441000,-0.064000,-0.234000,176707000.000000,557183000.000000,1.000000,128088303.000000,128813000.000000,128813000.000000,5.962000,3093303000.000000,0.000000,240000.000000,0.000000,24.014000
MRT,2020-12-31,2021-01-31,2021-01-31,2021-Q4,1332953000.000000,33533009899.000000,2025-03-06,5390000.000000,3298797000.000000,2905274500.000000,2878567000.000000,420230000.000000,0.287000,5.456000,-17000000.000000,434607000.000000,434607000.000000,218000000.000000,-266000000.000000,1.862000,3.753000,1945589000.000000,908684000.000000,1036905000.000000,1945589000.000000,513598000.000000,37000000.000000,0.000000,0.000000,0.000000,-193000000.000000,-156000000.000000,-0.187000,-156000000.000000,-193000000.000000,-266000000.000000,-2.090000,-2.090000,-2.090000,694043000.000000,618246000.000000,694043000.000000,35054008899.000000,-182.000000,-224.705000,111000000.000000,0.873000,1.000000,617000000.000000,0.739000,75032000.000000,73000000.000000,3189133000.000000,3152289500.000000,0.000000,2121584000.000000,2121584000.000000,0.000000,2604754000.000000,1545614000.000000,1059140000.000000,-83000000.000000,0.000000,26000000.000000,1021000000.000000,0.000000,1092000000.000000,-1305000000.000000,-1288000000.000000,128000000.000000,2000000.000000,-266000000.000000,-266000000.000000,-266000000.000000,0.000000,0.000000,-0.319000,821000000.000000,-204000000.000000,8557000.000000,0.000000,48.315000,-126.064000,-123.928000,212387000.000000,0.000000,259.010000,40.159000,39.460000,194818000.000000,-967456000.000000,835000000.000000,835000000.000000,223000000.000000,-0.092000,-0.430000,-0.061000,-0.231000,195000000.000000,598000000.000000,1.000000,129466082.000000,127212000.000000,127212000.000000,6.564000,3223765000.000000,0.000000,0.000000,0.000000,25.342000
MRT,2021-03-31,2021-04-30,2021-04-30,2022-Q1,2211678000.000000,35388003429.000000,2025-03-06,5610000.000000,3430447000.000000,3253634500.000000,3012139000.000000,418308000.000000,0.278000,5.181000,-11339000.000000,659886000.000000,659886000.000000,235637000.000000,-317570000.000000,3.763000,4.024000,1945574000.000000,20781000.000000,1924793000.000000,1945574000.000000,624912000.000000,44668000.000000,0.000000,0.000000,0.000000,-232162000.000000,-187494000.000000,-0.208000,-187494000.000000,-232162000.000000,-317158000.000000,-2.450000,-2.450000,-2.450000,682778000.000000,685666500.000000,682778000.000000,36898985429.000000,-159.000000,-196.801000,134039000.000000,1.017000,1.000000,667510000.000000,0.739000,72213000.000000,84996000.000000,3843461000.000000,3635331750.000000,0.000000,2030180000.000000,2030180000.000000,0.000000,2747669000.000000,800461000.000000,1947208000.000000,39466000.000000,0.000000,28018000.000000,1020989000.000000,0.000000,1094012000.000000,-1203699000.000000,-1192247000.000000,145378000.000000,3775000.000000,-317570000.000000,-317570000.000000,-317570000.000000,0.000000,0.000000,-0.352000,909992000.000000,-242482000.000000,9542000.000000,0.000000,51.829000,-111.434000,-110.082000,207977000.000000,0.000000,269.700000,39.183000,39.352000,218474000.000000,-1076688000.000000,903147000.000000,903147000.000000,243369000.000000,-0.098000,-0.463000,-0.064000,-0.257000,221384000.000000,666623000.000000,1.000000,131212471.000000,131777000.000000,131777000.000000,6.854000,3358234000.000000,0.000000,412000.000000,0.000000,25.484000
MRT,2021-06-30,2021-07-31,2021-07-31,2022-Q2,1964624000.000000,32852039333.000000,2025-03-06,4375000.000000,8932095000.000000,4707904500.000000,2877158000.000000,6054937000.000000,0.216000,39.920000,-8417000.000000,225265000.000000,225265000.000000,285596000.000000,-534152000.000000,3.153000,0.478000,1959375000.000000,15723000.000000,1943652000.000000,1959375000.000000,737297000.000000,69212000.000000,0.000000,0.000000,0.000000,-449832000.000000,-380620000.000000,-0.374000,-380620000.000000,-449832000.000000,-540769000.000000,-3.800000,-3.800000,-3.800000,6042190000.000000,2024914750.000000,6042190000.000000,34137727333.000000,-76.000000,-89.690000,123423000.000000,0.815000,1.000000,732605000.000000,0.720000,5675902000.000000,90937000.000000,4077769000.000000,3787681250.000000,0.000000,2243638000.000000,2243638000.000000,0.000000,2889905000.000000,912534000.000000,1977371000.000000,-730859000.000000,-148042000.000000,34908000.000000,78000.000000,0.000000,79986000.000000,-944300000.000000,-787728000.000000,131840000.000000,1615000.000000,-534152000.000000,-534152000.000000,-534152000.000000,0.000000,0.000000,-0.525000,1193139000.000000,-460534000.000000,9414000.000000,0.000000,5.437000,-61.503000,-65.208000,208350000.000000,0.000000,247.790000,32.265000,36.834000,238478000.000000,-1353370000.000000,1018201000.000000,1018201000.000000,311910000.000000,-0.113000,-0.264000,-0.119000,-0.442000,360720000.000000,881229000.000000,1.000000,132580166.000000,151357000.000000,151357000.000000,6.727000,3256193000.000000,0.000000,-6617000.000000,0.000000,21.513000
MRT,2021-09-30,2021-10-31,2021-10-31,2022-Q3,1864702000.000000,38229547443.000000,2025-03-06,404000.000000,8996973000.000000,6164578000.000000,2852868000.000000,6144105000.000000,0.187000,38.922000,-10321000.000000,372372000.000000,372372000.000000,338362000.000000,-682699000.000000,2.887000,0.503000,1989131000.000000,15956000.000000,1973175000.000000,1989131000.000000,777872000.000000,89937000.000000,0.000000,0.000000,0.000000,-597145000.000000,-507208000.000000,-0.440000,-507208000.000000,-597145000.000000,-688858000.000000,-4.680000,-4.680000,-4.680000,5984555000.000000,3350891500.000000,5984555000.000000,39963657443.000000,-67.000000,-78.791000,115213000.000000,0.749000,1.000000,813140000.000000,0.706000,5737697000.000000,91713000.000000,3887869000.000000,3749558000.000000,0.000000,2109687000.000000,2109687000.000000,0.000000,3012418000.000000,988166000.000000,2024252000.000000,-36311000.000000,-215129000.000000,38080000.000000,910000.000000,0.000000,83990000.000000,-247220000.000000,-21657000.000000,125534000.000000,1385000.000000,-682699000.000000,-682699000.000000,-682699000.000000,0.000000,0.000000,-0.593000,1420254000.000000,-607114000.000000,11547000.000000,0.000000,6.388000,-55.998000,-52.816000,215273000.000000,0.000000,247.180000,33.200000,33.005000,253568000.000000,-1574681000.000000,1151502000.000000,1151502000.000000,384295000.000000,-0.111000,-0.204000,-0.159000,-0.519000,462837000.000000,1035959000.000000,1.000000,154662786.000000,153756000.000000,153756000.000000,7.489000,3259276000.000000,0.000000,-6159000.000000,0.000000,21.198000
MRT,2021-12-31,2022-01-31,2022-01-31,2022-Q4,1798000000.000000,30780563967.000000,2025-03-06,-12000000.000000,9206000000.000000,7641378750.000000,3041000000.000000,6165000000.000000,0.170000,40.004000,-17000000.000000,260000000.000000,260000000.000000,396000000.000000,-848000000.000000,2.447000,0.555000,2003000000.000000,16000000.000000,1987000000.000000,2003000000.000000,996000000.000000,108000000.000000,0.000000,0.000000,0.000000,-759000000.000000,-651000000.000000,-0.501000,-651000000.000000,-759000000.000000,-850000000.000000,-5.730000,-5.730000,-5.730000,5922000000.000000,4657880750.000000,5922000000.000000,32397322967.000000,-43.000000,-49.765000,87000000.000000,0.588000,1.000000,904000000.000000,0.695000,5718000000.000000,91000000.000000,3988000000.000000,3949274750.000000,0.000000,2242000000.000000,2242000000.000000,0.000000,3284000000.000000,1243000000.000000,2041000000.000000,-176000000.000000,-215000000.000000,89000000.000000,0.000000,0.000000,89000000.000000,-367000000.000000,-135000000.000000,104000000.000000,-2000000.000000,-848000000.000000,-848000000.000000,-848000000.000000,0.000000,0.000000,-0.652000,1672000000.000000,-768000000.000000,20000000.000000,0.000000,5.198000,-36.298000,-34.536000,213000000.000000,0.000000,197.890000,23.677000,22.534000,398000000.000000,-1816000000.000000,1300000000.000000,1300000000.000000,469000000.000000,-0.111000,-0.182000,-0.192000,-0.584000,566000000.000000,1203000000.000000,1.000000,155543807.000000,148036000.000000,148036000.000000,8.782000,3488000000.000000,0.000000,-2000000.000000,0.000000,23.562000
MRT,2022-03-31,2022-04-30,2022-04-30,2023-Q1,1713368000.000000,18695416344.000000,2025-03-06,-36148000.000000,9045681000.000000,9045187250.000000,2898643000.000000,6147038000.000000,0.162000,35.110000,-21731000.000000,194227000.000000,194227000.000000,460877000.000000,-981768000.000000,2.446000,0.653000,2357741000.000000,5198000.000000,2352543000.000000,2357741000.000000,971264000.000000,124866000.000000,0.000000,0.000000,0.000000,-910538000.000000,-785672000.000000,-0.537000,-785672000.000000,-910538000.000000,-981778000.000000,-6.390000,-6.390000,-6.390000,5472694000.000000,5855359750.000000,5472694000.000000,20437801344.000000,-22.000000,-26.013000,45194000.000000,0.290000,1.000000,1003117000.000000,0.685000,5700166000.000000,71240000.000000,4323754000.000000,4069348000.000000,0.000000,2292902000.000000,2292902000.000000,0.000000,3572987000.000000,1185275000.000000,2387712000.000000,-469806000.000000,-219000000.000000,72810000.000000,11000.000000,0.000000,77821000.000000,-606905000.000000,-365287000.000000,66925000.000000,-7647000.000000,-981768000.000000,-981768000.000000,-981768000.000000,0.000000,0.000000,-0.671000,1920436000.000000,-917319000.000000,33752000.000000,0.000000,3.416000,-19.043000,-18.671000,211149000.000000,0.000000,119.310000,12.770000,12.703000,258911000.000000,-1902724000.000000,1463994000.000000,1463994000.000000,562137000.000000,-0.109000,-0.168000,-0.224000,-0.622000,672888000.000000,1358299000.000000,1.000000,156696139.000000,155875000.000000,155875000.000000,9.392000,3345515000.000000,0.000000,-10000.000000,0.000000,21.463000
MRT,2022-06-30,2022-07-31,2022-07-31,2023-Q2,1708917000.000000,15533367064.000000,2025-03-06,-41186000.000000,9074007000.000000,9080665250.000000,2945502000.000000,6128505000.000000,0.176000,34.644000,-25588000.000000,216022000.000000,216022000.000000,497771000.000000,-915086000.000000,2.382000,0.664000,2353896000.000000,5209000.000000,2348687000.000000,2353896000.000000,1011284000.000000,124097000.000000,0.000000,0.000000,0.000000,-852266000.000000,-728169000.000000,-0.455000,-728169000.000000,-852266000.000000,-903634000.000000,-5.900000,-5.900000,-5.900000,5453016000.000000,5708066250.000000,5453016000.000000,17696881064.000000,-21.000000,-24.303000,24945000.000000,0.158000,1.000000,1102723000.000000,0.689000,5681745000.000000,51368000.000000,4293551000.000000,4123293500.000000,0.000000,2260956000.000000,2260956000.000000,0.000000,3620991000.000000,1236585000.000000,2384406000.000000,-14332000.000000,-70958000.000000,58754000.000000,13000.000000,0.000000,67767000.000000,-124439000.000000,-26006000.000000,50533000.000000,-8193000.000000,-915086000.000000,-915086000.000000,-915086000.000000,0.000000,0.000000,-0.572000,1964602000.000000,-861879000.000000,43708000.000000,0.000000,2.849000,-16.975000,-16.686000,208898000.000000,0.000000,98.450000,9.705000,9.682000,323377000.000000,-2113196000.000000,1600494000.000000,1600494000.000000,595730000.000000,-0.101000,-0.160000,-0.207000,-0.533000,655174000.000000,1368872000.000000,1.000000,157779249.000000,157400000.000000,157400000.000000,10.168000,3392262000.000000,0.000000,11452000.000000,0.000000,21.552000
MRT,2022-09-30,2022-10-31,2022-10-31,2023-Q3,1697491000.000000,8915942883.000000,2025-03-06,-56064000.000000,9093736000.000000,9104856000.000000,3006937000.000000,6086799000.000000,0.190000,34.073000,-25852000.000000,249624000.000000,249624000.000000,526097000.000000,-902775000.000000,2.296000,0.682000,2345670000.000000,5217000.000000,2340453000.000000,2345670000.000000,1062455000.000000,120369000.000000,0.000000,0.000000,0.000000,-856766000.000000,-736397000.000000,-0.425000,-736397000.000000,-856766000.000000,-887990000.000000,-5.780000,-5.780000,-5.780000,5407612000.000000,5563830500.000000,5407612000.000000,11053816883.000000,-13.000000,-15.011000,-2439000.000000,-0.015000,1.000000,1204717000.000000,0.696000,5662100000.000000,31224000.000000,4218236000.000000,4205885250.000000,0.000000,2223538000.000000,2223538000.000000,0.000000,3686124000.000000,1309446000.000000,2376678000.000000,-128438000.000000,-3871000.000000,49529000.000000,24000.000000,0.000000,64553000.000000,-203898000.000000,-172288000.000000,23413000.000000,-12506000.000000,-902775000.000000,-902775000.000000,-902775000.000000,0.000000,0.000000,-0.522000,2075040000.000000,-870323000.000000,49122000.000000,0.000000,1.649000,-9.876000,-9.709000,186091000.000000,0.000000,56.120000,5.151000,5.146000,380754000.000000,-2322093000.000000,1730814000.000000,1730814000.000000,613195000.000000,-0.099000,-0.162000,-0.204000,-0.495000,671389000.000000,1447845000.000000,1.000000,158872824.000000,158708000.000000,158708000.000000,10.906000,3431636000.000000,0.000000,14785000.000000,0.000000,21.622000
MRT,2022-12-31,2023-01-31,2023-01-31,2023-Q4,1764000000.000000,11791082849.000000,2025-03-06,-33000000.000000,9307000000.000000,9130106000.000000,3229000000.000000,6078000000.000000,0.204000,34.590000,-21000000.000000,264000000.000000,264000000.000000,546000000.000000,-815000000.000000,2.204000,0.703000,2335000000.000000,0.000000,2335000000.000000,2335000000.000000,1260000000.000000,114000000.000000,0.000000,0.000000,0.000000,-790000000.000000,-676000000.000000,-0.364000,-676000000.000000,-790000000.000000,-801000000.000000,-5.160000,-5.160000,-5.160000,5466000000.000000,5449830500.000000,5466000000.000000,13887128849.000000,-18.000000,-20.543000,65000000.000000,0.411000,1.000000,1312000000.000000,0.706000,5641000000.000000,11000000.000000,4272000000.000000,4276885250.000000,0.000000,2316000000.000000,2316000000.000000,0.000000,3841000000.000000,1465000000.000000,2376000000.000000,-2000000.000000,-4000000.000000,48000000.000000,0.000000,0.000000,48000000.000000,-130000000.000000,-103000000.000000,86000000.000000,-6000000.000000,-815000000.000000,-815000000.000000,-815000000.000000,0.000000,0.000000,-0.439000,2124000000.000000,-812000000.000000,12000000.000000,0.000000,2.157000,-14.468000,-14.266000,181000000.000000,0.000000,73.610000,6.346000,6.261000,481000000.000000,-2475000000.000000,1858000000.000000,1858000000.000000,620000000.000000,-0.089000,-0.150000,-0.185000,-0.425000,677000000.000000,1475000000.000000,1.000000,160183166.000000,158023000.000000,158023000.000000,11.758000,3666000000.000000,0.000000,14000000.000000,0.000000,23.199000
MRT,2023-03-31,2023-04-30,2023-04-30,2024-Q1,1481000000.000000,11053053825.000000,2025-03-06,-20000000.000000,8900000000.000000,9093685750.000000,2843000000.000000,6057000000.000000,0.216000,34.304000,-18000000.000000,125000000.000000,125000000.000000,557000000.000000,-691000000.000000,2.087000,0.608000,1965000000.000000,0.000000,1965000000.000000,1965000000.000000,1187000000.000000,109000000.000000,0.000000,0.000000,0.000000,-664000000.000000,-555000000.000000,-0.283000,-555000000.000000,-664000000.000000,-675000000.000000,-4.350000,-4.350000,-4.350000,5534000000.000000,5465157000.000000,5534000000.000000,13124053825.000000,-20.000000,-23.647000,178000000.000000,1.103000,1.000000,1404000000.000000,0.716000,5633000000.000000,11000000.000000,3745000000.000000,4132196750.000000,0.000000,2245000000.000000,2245000000.000000,0.000000,3366000000.000000,1362000000.000000,2004000000.000000,-70000000.000000,-22000000.000000,54000000.000000,-332000000.000000,0.000000,-283000000.000000,17000000.000000,58000000.000000,196000000.000000,0.000000,-691000000.000000,-691000000.000000,-691000000.000000,0.000000,0.000000,-0.352000,2136000000.000000,-732000000.000000,10000000.000000,0.000000,1.997000,-15.996000,-15.754000,168000000.000000,0.000000,68.530000,5.636000,5.638000,290000000.000000,-2594000000.000000,1961000000.000000,1961000000.000000,621000000.000000,-0.076000,-0.126000,-0.161000,-0.339000,672000000.000000,1479000000.000000,1.000000,161287813.000000,161323000.000000,161323000.000000,12.156000,3267000000.000000,0.000000,16000000.000000,0.000000,20.251000
MRT,2023-06-30,2023-07-31,2023-07-31,2024-Q2,1230000000.000000,12478994673.000000,2025-03-06,-14000000.000000,8713000000.000000,9003434000.000000,2686000000.000000,6027000000.000000,0.229000,34.653000,-17000000.000000,356000000.000000,356000000.000000,568000000.000000,-592000000.000000,1.845000,0.545000,1573000000.000000,0.000000,1573000000.000000,1573000000.000000,1242000000.000000,96000000.000000,0.000000,0.000000,0.000000,-563000000.000000,-467000000.000000,-0.226000,-467000000.000000,-563000000.000000,-573000000.000000,-3.690000,-3.690000,-3.690000,5640000000.000000,5511903000.000000,5640000000.000000,14318994673.000000,-25.000000,-30.662000,251000000.000000,1.542000,1.000000,1497000000.000000,0.725000,5617000000.000000,10000000.000000,2857000000.000000,3773059000.000000,0.000000,1750000000.000000,1750000000.000000,0.000000,3073000000.000000,1456000000.000000,1617000000.000000,142000000.000000,-22000000.000000,63000000.000000,-675000000.000000,0.000000,-621000000.000000,493000000.000000,532000000.000000,268000000.000000,2000000.000000,-592000000.000000,-592000000.000000,-592000000.000000,0.000000,0.000000,-0.287000,2183000000.000000,-686000000.000000,13000000.000000,0.000000,2.213000,-21.079000,-20.829000,141000000.000000,0.000000,76.860000,6.043000,6.058000,388000000.000000,-2705000000.000000,2065000000.000000,2065000000.000000,637000000.000000,-0.066000,-0.107000,-0.149000,-0.273000,687000000.000000,1493000000.000000,1.000000,162360066.000000,162755000.000000,162755000.000000,12.688000,3096000000.000000,0.000000,19000000.000000,0.000000,19.022000
MRT,2023-09-30,2023-10-31,2023-10-31,2024-Q3,1184000000.000000,11058740399.000000,2025-03-06,-18000000.000000,8740000000.000000,8915000000.000000,2727000000.000000,6013000000.000000,0.243000,34.858000,-19000000.000000,400000000.000000,400000000.000000,575000000.000000,-464000000.000000,1.767000,0.525000,1421000000.000000,0.000000,1421000000.000000,1421000000.000000,1274000000.000000,89000000.000000,0.000000,0.000000,0.000000,-433000000.000000,-344000000.000000,-0.159000,-344000000.000000,-433000000.000000,-442000000.000000,-2.860000,-2.860000,-2.860000,5730000000.000000,5592500000.000000,5730000000.000000,12275740399.000000,-28.000000,-35.685000,395000000.000000,2.403000,1.000000,1593000000.000000,0.735000,5603000000.000000,9000000.000000,2615000000.000000,3372250000.000000,0.000000,1730000000.000000,1730000000.000000,0.000000,3010000000.000000,1543000000.000000,1467000000.000000,149000000.000000,-22000000.000000,65000000.000000,-810000000.000000,0.000000,-760000000.000000,491000000.000000,533000000.000000,414000000.000000,4000000.000000,-464000000.000000,-464000000.000000,-464000000.000000,0.000000,0.000000,-0.214000,2183000000.000000,-590000000.000000,11000000.000000,0.000000,1.930000,-23.833000,-23.570000,141000000.000000,0.000000,67.410000,5.101000,5.111000,418000000.000000,-2786000000.000000,2168000000.000000,2168000000.000000,654000000.000000,-0.052000,-0.083000,-0.128000,-0.200000,687000000.000000,1486000000.000000,1.000000,164051927.000000,164381000.000000,164381000.000000,13.189000,3137000000.000000,0.000000,22000000.000000,0.000000,19.084000
MRT,2023-12-31,2024-01-31,2024-01-31,2024-Q4,1198000000.000000,13665787475.000000,2025-03-06,-6000000.000000,8989000000.000000,8835500000.000000,2980000000.000000,6009000000.000000,0.256000,35.983000,-23000000.000000,334000000.000000,334000000.000000,581000000.000000,-355000000.000000,1.672000,0.527000,1266000000.000000,0.000000,1266000000.000000,1266000000.000000,1511000000.000000,84000000.000000,0.000000,0.000000,0.000000,-329000000.000000,-245000000.000000,-0.108000,-245000000.000000,-329000000.000000,-337000000.000000,-2.170000,-2.170000,-2.170000,5888000000.000000,5698000000.000000,5888000000.000000,14686787475.000000,-45.000000,-59.946000,489000000.000000,2.988000,1.000000,1682000000.000000,0.743000,5588000000.000000,8000000.000000,2551000000.000000,2942000000.000000,0.000000,1868000000.000000,1868000000.000000,0.000000,3101000000.000000,1782000000.000000,1319000000.000000,71000000.000000,-22000000.000000,61000000.000000,-944000000.000000,0.000000,-883000000.000000,441000000.000000,487000000.000000,512000000.000000,1000000.000000,-355000000.000000,-355000000.000000,-355000000.000000,0.000000,0.000000,-0.157000,2198000000.000000,-516000000.000000,12000000.000000,0.000000,2.321000,-38.495000,-38.088000,131000000.000000,0.000000,82.650000,6.039000,5.976000,559000000.000000,-2830000000.000000,2263000000.000000,2263000000.000000,656000000.000000,-0.040000,-0.062000,-0.112000,-0.145000,684000000.000000,1486000000.000000,1.000000,165345281.000000,163634000.000000,163634000.000000,13.830000,3401000000.000000,0.000000,18000000.000000,0.000000,20.784000
MRT,2024-03-31,2024-04-30,2024-04-30,2025-Q1,1231000000.000000,15564588216.000000,2025-03-06,-17000000.000000,8955000000.000000,8849250000.000000,2917000000.000000,6038000000.000000,0.267000,35.548000,-23000000.000000,322000000.000000,322000000.000000,587000000.000000,-276000000.000000,1.730000,0.504000,1263000000.000000,0.000000,1263000000.000000,1263000000.000000,1410000000.000000,80000000.000000,0.000000,0.000000,0.000000,-237000000.000000,-157000000.000000,-0.066000,-157000000.000000,-237000000.000000,-244000000.000000,-1.670000,-1.670000,-1.670000,5953000000.000000,5802750000.000000,5953000000.000000,16496588216.000000,-70.000000,-105.074000,579000000.000000,3.457000,1.000000,1775000000.000000,0.751000,5632000000.000000,7000000.000000,2578000000.000000,2650250000.000000,0.000000,1998000000.000000,1998000000.000000,0.000000,3002000000.000000,1686000000.000000,1316000000.000000,195000000.000000,-56000000.000000,59000000.000000,-612000000.000000,0.000000,-594000000.000000,188000000.000000,268000000.000000,602000000.000000,-1000000.000000,-276000000.000000,-276000000.000000,-276000000.000000,0.000000,0.000000,-0.117000,2178000000.000000,-403000000.000000,12000000.000000,0.000000,2.615000,-56.393000,-55.677000,128000000.000000,0.000000,92.980000,6.590000,6.592000,307000000.000000,-2870000000.000000,2362000000.000000,2362000000.000000,656000000.000000,-0.031000,-0.048000,-0.089000,-0.100000,669000000.000000,1473000000.000000,1.000000,167397163.000000,167465000.000000,167465000.000000,14.104000,3323000000.000000,0.000000,32000000.000000,0.000000,19.843000
MRT,2024-06-30,2024-07-31,2024-07-31,2025-Q2,1378000000.000000,15803183507.000000,2025-03-06,-7000000.000000,9067000000.000000,8937750000.000000,3038000000.000000,6029000000.000000,0.274000,36.373000,-27000000.000000,515000000.000000,515000000.000000,593000000.000000,-136000000.000000,1.830000,0.478000,1220000000.000000,0.000000,1220000000.000000,1220000000.000000,1415000000.000000,83000000.000000,0.000000,0.000000,0.000000,-122000000.000000,-39000000.000000,-0.016000,-39000000.000000,-122000000.000000,-128000000.000000,-0.810000,-0.840000,-0.810000,6133000000.000000,5926000000.000000,6133000000.000000,16744183507.000000,-137.000000,-429.338000,608000000.000000,3.606000,1.000000,1859000000.000000,0.758000,5616000000.000000,6000000.000000,2496000000.000000,2560000000.000000,0.000000,1843000000.000000,1843000000.000000,0.000000,2934000000.000000,1660000000.000000,1274000000.000000,154000000.000000,-56000000.000000,60000000.000000,-309000000.000000,0.000000,-329000000.000000,-151000000.000000,-67000000.000000,635000000.000000,-1000000.000000,-136000000.000000,-136000000.000000,-136000000.000000,0.000000,0.000000,-0.055000,2119000000.000000,-260000000.000000,11000000.000000,0.000000,2.577000,-116.200000,-115.975000,129000000.000000,0.000000,93.940000,6.445000,6.460000,377000000.000000,-2841000000.000000,2452000000.000000,2452000000.000000,648000000.000000,-0.015000,-0.023000,-0.048000,-0.050000,632000000.000000,1439000000.000000,1.000000,168226352.000000,168612000.000000,174443000.000000,14.542000,3451000000.000000,0.000000,8000000.000000,0.000000,20.467000
MRT,2024-09-30,2024-10-31,2024-10-31,2025-Q3,769000000.000000,12211383206.000000,2025-03-06,-3000000.000000,9010000000.000000,9005250000.000000,3003000000.000000,6007000000.000000,0.281000,36.806000,-26000000.000000,310000000.000000,310000000.000000,605000000.000000,-39000000.000000,1.344000,0.438000,960000000.000000,509000000.000000,451000000.000000,960000000.000000,1440000000.000000,84000000.000000,0.000000,0.000000,0.000000,-24000000.000000,60000000.000000,0.024000,60000000.000000,-24000000.000000,-29000000.000000,-0.230000,-0.350000,-0.230000,6265000000.000000,6059750000.000000,6265000000.000000,12916383206.000000,-538.000000,215.273000,612000000.000000,3.595000,1.000000,1928000000.000000,0.761000,5599000000.000000,5000000.000000,1827000000.000000,2363000000.000000,0.000000,1938000000.000000,1938000000.000000,0.000000,2745000000.000000,2234000000.000000,511000000.000000,-90000000.000000,-56000000.000000,66000000.000000,-414000000.000000,0.000000,-461000000.000000,-270000000.000000,-188000000.000000,638000000.000000,3000000.000000,-39000000.000000,-39000000.000000,-39000000.000000,0.000000,0.000000,-0.015000,2093000000.000000,-165000000.000000,12000000.000000,0.000000,1.949000,-313.112000,-312.565000,125000000.000000,0.000000,71.890000,4.821000,4.831000,463000000.000000,-2825000000.000000,2533000000.000000,2533000000.000000,641000000.000000,-0.004000,-0.006000,-0.010000,-0.009000,595000000.000000,1424000000.000000,1.000000,169862056.000000,170217000.000000,170673000.000000,14.881000,3411000000.000000,0.000000,10000000.000000,0.000000,20.039000
MRT,2024-12-31,2025-01-31,2025-01-31,2025-Q4,893000000.000000,16145055192.000000,2025-03-06,-12000000.000000,9437000000.000000,9117250000.000000,3416000000.000000,6021000000.000000,0.286000,37.772000,-20000000.000000,409000000.000000,409000000.000000,618000000.000000,28000000.000000,1.354000,0.473000,952000000.000000,509000000.000000,443000000.000000,952000000.000000,1718000000.000000,88000000.000000,0.000000,0.000000,0.000000,51000000.000000,139000000.000000,0.053000,139000000.000000,51000000.000000,46000000.000000,0.160000,0.060000,0.160000,6405000000.000000,6189000000.000000,6405000000.000000,16795055192.000000,329.000000,120.828000,730000000.000000,4.305000,1.000000,1992000000.000000,0.763000,5586000000.000000,5000000.000000,1871000000.000000,2193000000.000000,0.000000,2114000000.000000,2114000000.000000,0.000000,3032000000.000000,2523000000.000000,509000000.000000,73000000.000000,-56000000.000000,69000000.000000,-280000000.000000,0.000000,-359000000.000000,-314000000.000000,-238000000.000000,750000000.000000,-4000000.000000,28000000.000000,28000000.000000,28000000.000000,0.000000,0.000000,0.011000,2066000000.000000,-74000000.000000,13000000.000000,0.000000,2.521000,576.609000,588.875000,117000000.000000,0.000000,94.220000,6.186000,6.121000,621000000.000000,-2802000000.000000,2610000000.000000,2610000000.000000,642000000.000000,0.003000,0.005000,0.023000,0.020000,565000000.000000,1413000000.000000,1.000000,171354863.000000,169569000.000000,175086000.000000,15.392000,3851000000.000000,0.000000,18000000.000000,0.000000,22.711000
MRY,2014-12-31,2015-01-31,2015-01-31,2015-FY,,,2025-03-06,,,,,,,,-2945000.000000,,,18730000.000000,-59111000.000000,,,,,,,,1923000.000000,,,0.000000,-58981000.000000,-57058000.000000,-1.391000,-57058000.000000,-58981000.000000,-58981000.000000,-3.670000,-3.670000,-3.670000,,,,,,,-35694000.000000,-2.217000,1.000000,22280000.000000,0.543000,,0.000000,,,,,,,,,,-4014000.000000,-3200000.000000,0.000000,74500000.000000,0.000000,77313000.000000,-48571000.000000,-42426000.000000,-32749000.000000,-7000.000000,-59111000.000000,-59111000.000000,-59111000.000000,0.000000,0.000000,-1.441000,81062000.000000,-58782000.000000,,0.000000,,,,,0.000000,,,,,,41010000.000000,41010000.000000,18370000.000000,,,,-1.438000,6580000.000000,62692000.000000,1.000000,,16097000.000000,16097000.000000,2.548000,,,130000.000000,,
MRY,2015-12-31,2016-01-31,2016-01-31,2016-FY,38528000.000000,,2025-03-06,-57000.000000,149763000.000000,,125668000.000000,24095000.000000,,-10.162000,-6701000.000000,58081000.000000,58081000.000000,36024000.000000,-76302000.000000,1.442000,-0.568000,0.000000,0.000000,0.000000,0.000000,79525000.000000,2889000.000000,0.000000,,0.000000,-76007000.000000,-73118000.000000,-0.851000,-73118000.000000,-76007000.000000,-76007000.000000,-4.280000,-4.280000,-4.280000,-181062000.000000,,-181062000.000000,,,,-48237000.000000,-2.707000,1.000000,49883000.000000,0.581000,7223000.000000,0.000000,-2681000.000000,,0.000000,33537000.000000,33537000.000000,0.000000,102871000.000000,87140000.000000,15731000.000000,36423000.000000,0.000000,0.000000,73424000.000000,0.000000,76841000.000000,1160000.000000,7861000.000000,-41536000.000000,-42000.000000,-76302000.000000,-76302000.000000,-76302000.000000,0.000000,0.000000,-0.888000,125871000.000000,-75988000.000000,5874000.000000,0.000000,,,,4709000.000000,0.000000,,,,23009000.000000,-204400000.000000,85907000.000000,85907000.000000,28761000.000000,,,,-0.885000,9832000.000000,97110000.000000,1.000000,,17817000.000000,17817000.000000,4.822000,142540000.000000,0.000000,295000.000000,0.000000,8.000000
MRY,2016-12-31,2017-01-31,2017-01-31,2017-FY,-41706000.000000,,2025-03-06,-167000.000000,130635000.000000,140199000.000000,92790000.000000,37845000.000000,1.147000,-12.796000,-11742000.000000,23282000.000000,23282000.000000,55949000.000000,-75056000.000000,0.690000,-0.601000,0.000000,0.000000,0.000000,0.000000,113723000.000000,4568000.000000,0.000000,,0.000000,-74631000.000000,-70063000.000000,-0.436000,-70063000.000000,-74631000.000000,-74631000.000000,-3.940000,-3.940000,-3.940000,-243605000.000000,-212333500.000000,-243605000.000000,,,,-53843000.000000,-2.828000,1.000000,104857000.000000,0.652000,11785000.000000,0.000000,-38928000.000000,-20804500.000000,0.000000,14390000.000000,14390000.000000,0.000000,146286000.000000,134496000.000000,11790000.000000,-34799000.000000,0.000000,0.000000,0.000000,0.000000,457000.000000,6965000.000000,18707000.000000,-42101000.000000,-120000.000000,-75056000.000000,-75056000.000000,-75056000.000000,0.000000,0.000000,-0.467000,179527000.000000,-74670000.000000,9387000.000000,0.000000,,,,11026000.000000,0.000000,,,,34544000.000000,-287909000.000000,160806000.000000,160806000.000000,38659000.000000,-0.535000,0.353000,3.587000,-0.464000,17127000.000000,140868000.000000,1.000000,90758777.000000,19038000.000000,19038000.000000,8.447000,118850000.000000,0.000000,425000.000000,0.000000,6.243000
MRY,2017-12-31,2018-01-31,2018-01-31,2018-FY,129555000.000000,3001667337.000000,2025-03-06,391000.000000,399263000.000000,343219250.000000,317498000.000000,81765000.000000,0.747000,2.402000,-11981000.000000,127949000.000000,127949000.000000,80755000.000000,-109849000.000000,1.689000,1.003000,0.000000,0.000000,0.000000,0.000000,164779000.000000,7001000.000000,0.000000,0.000000,0.000000,-111852000.000000,-104851000.000000,-0.409000,-104851000.000000,-111852000.000000,-110170000.000000,-1.320000,-1.320000,-1.320000,199340000.000000,168645750.000000,199340000.000000,2864092337.000000,-26.000000,-27.316000,-37221000.000000,-0.448000,1.000000,175792000.000000,0.685000,18043000.000000,-1682000.000000,65328000.000000,8792250.000000,0.000000,101765000.000000,101765000.000000,0.000000,199923000.000000,187943000.000000,11980000.000000,112951000.000000,0.000000,208317000.000000,0.000000,0.000000,237408000.000000,-99704000.000000,-87723000.000000,-25240000.000000,487000.000000,-109849000.000000,-109849000.000000,-109849000.000000,0.000000,0.000000,-0.428000,287644000.000000,-111852000.000000,9566000.000000,0.000000,15.058000,-27.325000,-22.311000,12540000.000000,0.000000,29.450000,11.700000,9.528000,52248000.000000,-366714000.000000,256547000.000000,256547000.000000,70821000.000000,-0.320000,-0.651000,-12.722000,-0.436000,49860000.000000,216823000.000000,1.000000,101924188.000000,83004000.000000,83004000.000000,3.091000,381220000.000000,0.000000,-321000.000000,0.000000,4.593000
MRY,2018-12-31,2019-01-31,2019-01-31,2019-FY,135012000.000000,9103455776.000000,2025-03-06,-319000.000000,984313000.000000,817960750.000000,708116000.000000,276197000.000000,0.488000,2.348000,-21922000.000000,298394000.000000,298394000.000000,113421000.000000,-125497000.000000,1.236000,2.900000,418674000.000000,271628000.000000,147046000.000000,418674000.000000,254390000.000000,8001000.000000,0.000000,0.000000,0.000000,-110442000.000000,-102441000.000000,-0.257000,-102441000.000000,-110442000.000000,-125514000.000000,-1.170000,-1.170000,-1.170000,252377000.000000,247910500.000000,252377000.000000,9175222776.000000,-83.000000,-89.566000,-6750000.000000,-0.063000,1.000000,285833000.000000,0.716000,31986000.000000,15072000.000000,499503000.000000,556670750.000000,0.000000,265374000.000000,265374000.000000,0.000000,731936000.000000,573104000.000000,158832000.000000,174982000.000000,-15632000.000000,13727000.000000,254940000.000000,0.000000,357762000.000000,-197320000.000000,-159766000.000000,15172000.000000,-632000.000000,-125497000.000000,-125497000.000000,-125497000.000000,0.000000,0.000000,-0.314000,405455000.000000,-119622000.000000,2431000.000000,0.000000,36.071000,-72.539000,-70.453000,174310000.000000,0.000000,82.430000,22.801000,22.195000,91926000.000000,-492211000.000000,399254000.000000,399254000.000000,102385000.000000,-0.153000,-0.506000,-0.198000,-0.277000,76320000.000000,303070000.000000,1.000000,110438624.000000,107504000.000000,107504000.000000,3.714000,952327000.000000,0.000000,-17000.000000,0.000000,8.859000
MRY,2019-12-31,2020-01-31,2020-01-31,2020-FY,1052762000.000000,15520209335.000000,2025-03-06,892000.000000,1955395000.000000,1462881000.000000,1599725000.000000,355670000.000000,0.401000,3.458000,-19330000.000000,520048000.000000,520048000.000000,159382000.000000,-208913000.000000,2.925000,3.824000,1092216000.000000,100703000.000000,991513000.000000,1092216000.000000,371450000.000000,17815000.000000,0.000000,0.000000,0.000000,-183315000.000000,-165500000.000000,-0.282000,-165500000.000000,-183315000.000000,-210332000.000000,-1.780000,-1.780000,-1.780000,405344000.000000,323476750.000000,405344000.000000,15562007335.000000,-85.000000,-94.030000,36273000.000000,0.309000,1.000000,426685000.000000,0.728000,80552000.000000,27017000.000000,1900048000.000000,1081708000.000000,0.000000,882976000.000000,882976000.000000,0.000000,1550051000.000000,546963000.000000,1003088000.000000,220738000.000000,-44283000.000000,18767000.000000,789381000.000000,0.000000,853385000.000000,-688041000.000000,-615839000.000000,55603000.000000,-209000.000000,-208913000.000000,-208913000.000000,-208913000.000000,0.000000,0.000000,-0.356000,612517000.000000,-185832000.000000,3837000.000000,0.000000,38.289000,-74.290000,-71.938000,178739000.000000,0.000000,128.050000,26.482000,25.612000,130115000.000000,-701124000.000000,586067000.000000,586067000.000000,159269000.000000,-0.143000,-0.646000,-0.169000,-0.313000,126624000.000000,453248000.000000,1.000000,121204290.000000,117221000.000000,117221000.000000,5.000000,1874843000.000000,0.000000,-1419000.000000,0.000000,15.994000
MRY,2020-12-31,2021-01-31,2021-01-31,2021-FY,1332953000.000000,33533009899.000000,2025-03-06,5390000.000000,3298797000.000000,2905274500.000000,2878567000.000000,420230000.000000,0.287000,5.456000,-17000000.000000,434607000.000000,434607000.000000,218000000.000000,-266000000.000000,1.862000,3.753000,1945589000.000000,908684000.000000,1036905000.000000,1945589000.000000,513598000.000000,37000000.000000,0.000000,0.000000,0.000000,-193000000.000000,-156000000.000000,-0.187000,-156000000.000000,-193000000.000000,-266000000.000000,-2.090000,-2.090000,-2.090000,694043000.000000,618246000.000000,694043000.000000,35054008899.000000,-182.000000,-224.705000,111000000.000000,0.873000,1.000000,617000000.000000,0.739000,75032000.000000,73000000.000000,3189133000.000000,3152289500.000000,0.000000,2121584000.000000,2121584000.000000,0.000000,2604754000.000000,1545614000.000000,1059140000.000000,-83000000.000000,0.000000,26000000.000000,1021000000.000000,0.000000,1092000000.000000,-1305000000.000000,-1288000000.000000,128000000.000000,2000000.000000,-266000000.000000,-266000000.000000,-266000000.000000,0.000000,0.000000,-0.319000,821000000.000000,-204000000.000000,8557000.000000,0.000000,48.315000,-126.064000,-123.928000,212387000.000000,0.000000,259.010000,40.159000,39.460000,194818000.000000,-967456000.000000,835000000.000000,835000000.000000,223000000.000000,-0.092000,-0.430000,-0.061000,-0.231000,195000000.000000,598000000.000000,1.000000,129466082.000000,127212000.000000,127212000.000000,6.564000,3223765000.000000,0.000000,0.000000,0.000000,25.342000
MRY,2021-12-31,2022-01-31,2022-01-31,2022-FY,1798000000.000000,30780563967.000000,2025-03-06,-12000000.000000,9206000000.000000,7641378750.000000,3041000000.000000,6165000000.000000,0.170000,40.004000,-17000000.000000,260000000.000000,260000000.000000,396000000.000000,-848000000.000000,2.447000,0.555000,2003000000.000000,16000000.000000,1987000000.000000,2003000000.000000,996000000.000000,108000000.000000,0.000000,0.000000,0.000000,-759000000.000000,-651000000.000000,-0.501000,-651000000.000000,-759000000.000000,-850000000.000000,-5.730000,-5.730000,-5.730000,5922000000.000000,4657880750.000000,5922000000.000000,32397322967.000000,-43.000000,-49.765000,87000000.000000,0.588000,1.000000,904000000.000000,0.695000,5718000000.000000,91000000.000000,3988000000.000000,3949274750.000000,0.000000,2242000000.000000,2242000000.000000,0.000000,3284000000.000000,1243000000.000000,2041000000.000000,-176000000.000000,-215000000.000000,89000000.000000,0.000000,0.000000,89000000.000000,-367000000.000000,-135000000.000000,104000000.000000,-2000000.000000,-848000000.000000,-848000000.000000,-848000000.000000,0.000000,0.000000,-0.652000,1672000000.000000,-768000000.000000,20000000.000000,0.000000,5.198000,-36.298000,-34.536000,213000000.000000,0.000000,197.890000,23.677000,22.534000,398000000.000000,-1816000000.000000,1300000000.000000,1300000000.000000,469000000.000000,-0.111000,-0.182000,-0.192000,-0.584000,566000000.000000,1203000000.000000,1.000000,155543807.000000,148036000.000000,148036000.000000,8.782000,3488000000.000000,0.000000,-2000000.000000,0.000000,23.562000
MRY,2022-12-31,2023-01-31,2023-01-31,2023-FY,1764000000.000000,11791082849.000000,2025-03-06,-33000000.000000,9307000000.000000,9130106000.000000,3229000000.000000,6078000000.000000,0.204000,34.590000,-21000000.000000,264000000.000000,264000000.000000,546000000.000000,-815000000.000000,2.204000,0.703000,2335000000.000000,0.000000,2335000000.000000,2335000000.000000,1260000000.000000,114000000.000000,0.000000,0.000000,0.000000,-790000000.000000,-676000000.000000,-0.364000,-676000000.000000,-790000000.000000,-801000000.000000,-5.160000,-5.160000,-5.160000,5466000000.000000,5449830500.000000,5466000000.000000,13887128849.000000,-18.000000,-20.543000,65000000.000000,0.411000,1.000000,1312000000.000000,0.706000,5641000000.000000,11000000.000000,4272000000.000000,4276885250.000000,0.000000,2316000000.000000,2316000000.000000,0.000000,3841000000.000000,1465000000.000000,2376000000.000000,-2000000.000000,-4000000.000000,48000000.000000,0.000000,0.000000,48000000.000000,-130000000.000000,-103000000.000000,86000000.000000,-6000000.000000,-815000000.000000,-815000000.000000,-815000000.000000,0.000000,0.000000,-0.439000,2124000000.000000,-812000000.000000,12000000.000000,0.000000,2.157000,-14.468000,-14.266000,181000000.000000,0.000000,73.610000,6.346000,6.261000,481000000.000000,-2475000000.000000,1858000000.000000,1858000000.000000,620000000.000000,-0.089000,-0.150000,-0.185000,-0.425000,677000000.000000,1475000000.000000,1.000000,160183166.000000,158023000.000000,158023000.000000,11.758000,3666000000.000000,0.000000,14000000.000000,0.000000,23.199000
MRY,2023-12-31,2024-01-31,2024-01-31,2024-FY,1198000000.000000,13665787475.000000,2025-03-06,-6000000.000000,8989000000.000000,8835500000.000000,2980000000.000000,6009000000.000000,0.256000,35.983000,-23000000.000000,334000000.000000,334000000.000000,581000000.000000,-355000000.000000,1.672000,0.527000,1266000000.000000,0.000000,1266000000.000000,1266000000.000000,1511000000.000000,84000000.000000,0.000000,0.000000,0.000000,-329000000.000000,-245000000.000000,-0.108000,-245000000.000000,-329000000.000000,-337000000.000000,-2.170000,-2.170000,-2.170000,5888000000.000000,5698000000.000000,5888000000.000000,14686787475.000000,-45.000000,-59.946000,489000000.000000,2.988000,1.000000,1682000000.000000,0.743000,5588000000.000000,8000000.000000,2551000000.000000,2942000000.000000,0.000000,1868000000.000000,1868000000.000000,0.000000,3101000000.000000,1782000000.000000,1319000000.000000,71000000.000000,-22000000.000000,61000000.000000,-944000000.000000,0.000000,-883000000.000000,441000000.000000,487000000.000000,512000000.000000,1000000.000000,-355000000.000000,-355000000.000000,-355000000.000000,0.000000,0.000000,-0.157000,2198000000.000000,-516000000.000000,12000000.000000,0.000000,2.321000,-38.495000,-38.088000,131000000.000000,0.000000,82.650000,6.039000,5.976000,559000000.000000,-2830000000.000000,2263000000.000000,2263000000.000000,656000000.000000,-0.040000,-0.062000,-0.112000,-0.145000,684000000.000000,1486000000.000000,1.000000,165345281.000000,163634000.000000,163634000.000000,13.830000,3401000000.000000,0.000000,18000000.000000,0.000000,20.784000
MRY,2024-12-31,2025-01-31,2025-01-31,2025-FY,893000000.000000,16145055192.000000,2025-03-06,-12000000.000000,9437000000.000000,9117250000.000000,3416000000.000000,6021000000.000000,0.286000,37.772000,-20000000.000000,409000000.000000,409000000.000000,618000000.000000,28000000.000000,1.354000,0.473000,952000000.000000,509000000.000000,443000000.000000,952000000.000000,1718000000.000000,88000000.000000,0.000000,0.000000,0.000000,51000000.000000,139000000.000000,0.053000,139000000.000000,51000000.000000,46000000.000000,0.160000,0.060000,0.160000,6405000000.000000,6189000000.000000,6405000000.000000,16795055192.000000,329.000000,120.828000,730000000.000000,4.305000,1.000000,1992000000.000000,0.763000,5586000000.000000,5000000.000000,1871000000.000000,2193000000.000000,0.000000,2114000000.000000,2114000000.000000,0.000000,3032000000.000000,2523000000.000000,509000000.000000,73000000.000000,-56000000.000000,69000000.000000,-280000000.000000,0.000000,-359000000.000000,-314000000.000000,-238000000.000000,750000000.000000,-4000000.000000,28000000.000000,28000000.000000,28000000.000000,0.000000,0.000000,0.011000,2066000000.000000,-74000000.000000,13000000.000000,0.000000,2.521000,576.609000,588.875000,117000000.000000,0.000000,94.220000,6.186000,6.121000,621000000.000000,-2802000000.000000,2610000000.000000,2610000000.000000,642000000.000000,0.003000,0.005000,0.023000,0.020000,565000000.000000,1413000000.000000,1.000000,171354863.000000,169569000.000000,175086000.000000,15.392000,3851000000.000000,0.000000,18000000.000000,0.000000,22.711000
