dimension,calendardate,datekey,reportperiod,fiscalperiod,workingcapital,marketcap,lastupdated,accoci,assets,assetsavg,assetsc,assetsnc,assetturnover,bvps,capex,cashneq,cashnequsd,cor,consolinc,currentratio,de,debt,debtc,debtnc,debtusd,deferredrev,depamor,deposits,divyield,dps,ebit,ebitda,ebitdamargin,ebitdausd,ebitusd,ebt,eps,epsdil,epsusd,equity,equityavg,equityusd,ev,evebit,evebitda,fcf,fcfps,fxusd,gp,grossmargin,intangibles,intexp,invcap,invcapavg,inventory,investments,investmentsc,investmentsnc,liabilities,liabilitiesc,liabilitiesnc,ncf,ncfbus,ncfcommon,ncfdebt,ncfdiv,ncff,ncfi,ncfinv,ncfo,ncfx,netinc,netinccmn,netinccmnusd,netincdis,netincnci,netmargin,opex,opinc,payables,payoutratio,pb,pe,pe1,ppnenet,prefdivis,price,ps,ps1,receivables,retearn,revenue,revenueusd,rnd,roa,roe,roic,ros,sbcomp,sgna,sharefactor,sharesbas,shareswa,shareswadil,sps,tangibles,taxassets,taxexp,taxliabilities,tbvps
ARQ,2017-12-31,2018-07-24,2017-12-31,2017-Q4,1028321000.000000,,2025-04-28,0.000000,13314470000.000000,,13137828000.000000,176642000.000000,,2.731000,,12429001000.000000,1827794265.000000,,,1.085000,10.050000,0.000000,0.000000,0.000000,0.000000,0.000000,,1834538000.000000,,0.000000,,,,,,,,,,1204963000.000000,,177200441.000000,,,,,,6.800000,,,0.000000,,-11224038000.000000,,0.000000,217363000.000000,50000000.000000,167363000.000000,12109507000.000000,12109507000.000000,0.000000,,,,,,,,,,,,,,,,,,,9914576000.000000,,,,,9279000.000000,,,,,531085000.000000,,,,,,,,,,,0.250000,4431145380.000000,1764799000.000000,,,13314470000.000000,0.000000,,0.000000,30.178000
ARQ,2018-06-30,2018-08-31,2018-06-30,2018-Q2,6588792000.000000,21435665776.000000,2025-04-28,396540000.000000,23273504000.000000,,20471938000.000000,2801566000.000000,,-3.216000,0.000000,17816012000.000000,2612318475.000000,387830000.000000,-6493888000.000000,1.475000,-8.899000,0.000000,0.000000,0.000000,0.000000,0.000000,,3299622000.000000,0.000000,0.000000,-6493888000.000000,,,,-952182991.000000,-6493888000.000000,-13.400000,-13.400000,-1.965000,-1560147000.000000,,-228760557.000000,18823347301.000000,,,360904000.000000,0.744000,6.820000,2321216000.000000,0.857000,2786690000.000000,0.000000,-11212344000.000000,,0.000000,1300000000.000000,1300000000.000000,0.000000,13883146000.000000,13883146000.000000,0.000000,396585000.000000,,,,,-3789000.000000,-291150000.000000,,360904000.000000,330620000.000000,-6493888000.000000,-6493888000.000000,-952182991.000000,0.000000,0.000000,-2.397000,8957436000.000000,-6636220000.000000,9318220000.000000,0.000000,-93.704000,,,14876000.000000,0.000000,19.350000,,,682521000.000000,-7805642000.000000,2709046000.000000,397220821.000000,186029000.000000,,,,,,8771407000.000000,0.250000,4431145380.000000,1940536606.000000,1940536606.000000,0.819000,20486814000.000000,0.000000,0.000000,0.000000,42.229000
ARQ,2018-09-30,2018-11-20,2018-09-30,2018-Q3,18000173000.000000,25634176023.000000,2025-04-28,986807000.000000,37003857000.000000,,34243427000.000000,2760430000.000000,,22.578000,0.000000,25126827000.000000,3625804762.000000,774684000.000000,-1098323000.000000,2.108000,0.782000,0.000000,0.000000,0.000000,0.000000,0.000000,,3794931000.000000,0.000000,0.000000,-1098323000.000000,,,,-158488167.000000,-1098323000.000000,-1.200000,-1.200000,-0.173000,20760603000.000000,,2995758009.000000,22008371261.000000,,,249742000.000000,0.272000,6.930000,2597734000.000000,0.770000,2741320000.000000,0.000000,-7107544000.000000,,0.000000,7511280000.000000,7511280000.000000,0.000000,16243254000.000000,16243254000.000000,0.000000,5929144000.000000,,,,,11537514000.000000,-6217168000.000000,,249742000.000000,359056000.000000,-1098323000.000000,-1098323000.000000,-158488167.000000,0.000000,0.000000,-0.326000,3867213000.000000,-1269479000.000000,10793733000.000000,0.000000,8.557000,,,19110000.000000,0.000000,23.140000,,,820375000.000000,-8903965000.000000,3372418000.000000,486640404.000000,331997000.000000,,,,,,3535216000.000000,0.250000,4431145380.000000,3678050953.000000,3678050953.000000,0.529000,34262537000.000000,0.000000,0.000000,0.000000,37.262000
ARQ,2018-12-31,2019-03-15,2018-12-31,2018-Q4,16031514000.000000,27162921179.000000,2025-04-28,1035783000.000000,43182063000.000000,,40390983000.000000,2791080000.000000,,16.898000,0.000000,30539686000.000000,4558162090.000000,1424035000.000000,-2423893000.000000,1.658000,1.294000,0.000000,0.000000,0.000000,0.000000,0.000000,,4379755000.000000,0.000000,0.000000,-2423893000.000000,,,,-361775075.000000,-2423893000.000000,-2.160000,-2.160000,-0.322000,18822594000.000000,,2809342388.000000,22604759090.000000,-15.000000,,5732397000.000000,5.146000,6.700000,4229887000.000000,0.748000,2579338000.000000,0.000000,-14296430000.000000,,0.000000,7630689000.000000,7630689000.000000,0.000000,24359469000.000000,24359469000.000000,0.000000,5412859000.000000,,,,,-13936000.000000,-238635000.000000,,5732397000.000000,-66967000.000000,-2423893000.000000,-2423893000.000000,-361775075.000000,0.000000,0.000000,-0.429000,6870796000.000000,-2640909000.000000,17275934000.000000,0.000000,9.669000,-17.673000,-11.836000,29075000.000000,0.000000,24.520000,13.871000,9.292000,1266619000.000000,-11327858000.000000,5653922000.000000,843868955.000000,525213000.000000,,,,,,6345583000.000000,0.250000,4431145380.000000,4455688688.000000,4455688688.000000,0.758000,40602725000.000000,0.000000,0.000000,0.000000,36.450000
ARQ,2018-12-31,2019-04-24,2018-12-31,2018-Q4,16031514000.000000,26667296798.000000,2025-04-28,0.000000,43182063000.000000,,40390983000.000000,2791080000.000000,,25.365000,-27292000.000000,30539686000.000000,4558162090.000000,1424035000.000000,-2423893000.000000,1.658000,1.294000,0.000000,0.000000,0.000000,0.000000,0.000000,,4379755000.000000,0.000000,0.000000,-2423893000.000000,,,,-361775075.000000,-2423893000.000000,-1.120000,-1.120000,-0.167000,18822594000.000000,,2809342388.000000,22109134708.000000,-14.000000,-15.240000,6501065000.000000,8.761000,6.700000,4229887000.000000,0.748000,2579338000.000000,0.000000,-14296430000.000000,,0.000000,7630689000.000000,7630689000.000000,0.000000,24359469000.000000,24359469000.000000,0.000000,6208819000.000000,,,,,-13936000.000000,-238635000.000000,,6528357000.000000,-66967000.000000,-2423893000.000000,-2423893000.000000,-361775075.000000,0.000000,0.000000,-0.429000,6870796000.000000,-2640909000.000000,17275934000.000000,0.000000,9.492000,-17.351000,-11.556000,29075000.000000,0.000000,23.940000,13.618000,9.072000,1266619000.000000,,5653922000.000000,843868955.000000,525213000.000000,,,,,,6345583000.000000,0.250000,4455688688.000000,2968319549.000000,2968319549.000000,1.137000,40602725000.000000,0.000000,0.000000,0.000000,54.715000
ARQ,2019-03-31,2019-05-21,2019-03-31,2019-Q1,22224358000.000000,23971605141.000000,2025-04-28,627566000.000000,49783765000.000000,,46806774000.000000,2976991000.000000,,21.960000,0.000000,37219239000.000000,5555110299.000000,873314000.000000,-1877708000.000000,1.904000,0.989000,236822000.000000,73037000.000000,163785000.000000,35346567.000000,0.000000,,5151626000.000000,0.000000,0.000000,-1877708000.000000,,,,-280254925.000000,-1877708000.000000,-1.640000,-1.640000,-0.245000,25029129000.000000,,3735690896.000000,18451841410.000000,-10.000000,,-1543251000.000000,-1.354000,6.700000,3671890000.000000,0.808000,2381247000.000000,0.000000,-14162315000.000000,,0.000000,6919548000.000000,6919548000.000000,0.000000,24754636000.000000,24582416000.000000,172220000.000000,6679553000.000000,,,,,7993828000.000000,457473000.000000,,-1543251000.000000,-228497000.000000,-1877708000.000000,-1877708000.000000,-280254925.000000,0.000000,0.000000,-0.413000,5792411000.000000,-2120521000.000000,15657163000.000000,0.000000,6.417000,-13.504000,-8.306000,254925000.000000,0.000000,21.520000,9.865000,10.094000,1399145000.000000,-13205566000.000000,4545204000.000000,678388657.000000,667081000.000000,,,,,,5125330000.000000,0.250000,4455688688.000000,4559017000.000000,4559017000.000000,0.595000,47402518000.000000,0.000000,0.000000,0.000000,41.590000
ARQ,2019-06-30,2019-08-22,2019-06-30,2019-Q2,22307391000.000000,34074879241.000000,2025-04-28,1116597000.000000,54360850000.000000,,51305759000.000000,3055091000.000000,,21.600000,0.000000,40664166000.000000,5792616239.000000,1594709000.000000,-1003250000.000000,1.769000,1.165000,327452000.000000,80026000.000000,247426000.000000,46645584.000000,0.000000,,6101200000.000000,0.000000,0.000000,-1003250000.000000,,,,-142913105.000000,-1003250000.000000,-0.880000,-0.880000,-0.125000,25106885000.000000,,3576479345.000000,28328908586.000000,-31.000000,,4147982000.000000,3.569000,7.020000,5695299000.000000,0.781000,2277009000.000000,0.000000,-17251241000.000000,,0.000000,7935421000.000000,7935421000.000000,0.000000,29253965000.000000,28998368000.000000,255597000.000000,3444927000.000000,,,,,0.000000,-1139423000.000000,,4147982000.000000,436368000.000000,-1003250000.000000,-1003250000.000000,-142913105.000000,0.000000,0.000000,-0.138000,7185712000.000000,-1490413000.000000,17830719000.000000,0.000000,9.527000,-37.357000,-44.368000,341144000.000000,0.000000,30.590000,11.466000,11.965000,1495524000.000000,-14208816000.000000,7290008000.000000,1038462678.000000,803664000.000000,,,,,,6382048000.000000,0.250000,4455688688.000000,4649429000.000000,4649429000.000000,0.893000,52083841000.000000,0.000000,0.000000,0.000000,44.809000
ARQ,2019-09-30,2019-11-21,2019-09-30,2019-Q3,28372360000.000000,36707241955.000000,2025-04-28,1804675000.000000,64576062000.000000,,61589384000.000000,2986678000.000000,,22.331000,0.000000,34366077000.000000,4909439571.000000,1833318000.000000,-2335008000.000000,1.854000,1.488000,5475695000.000000,80882000.000000,5394813000.000000,782242143.000000,0.000000,,7033131000.000000,0.000000,0.000000,-2328858000.000000,,,,-332694000.000000,-2335008000.000000,-2.000000,-2.000000,-0.286000,25956276000.000000,,3708039429.000000,32580044526.000000,-30.000000,,2618232000.000000,2.253000,7.000000,5680630000.000000,0.756000,2182296000.000000,6150000.000000,286360000.000000,,0.000000,24560779000.000000,24560779000.000000,0.000000,38619786000.000000,33217024000.000000,5402762000.000000,-6298089000.000000,,,,,6967004000.000000,-16175856000.000000,,2618232000.000000,292531000.000000,-2335008000.000000,-2335008000.000000,-333572571.000000,0.000000,0.000000,-0.311000,8472603000.000000,-2791973000.000000,19819656000.000000,0.000000,9.899000,-33.633000,-39.195000,354392000.000000,0.000000,31.580000,10.277000,10.277000,1777926000.000000,-16543824000.000000,7513948000.000000,1073421143.000000,1127238000.000000,,,,,,7345365000.000000,0.250000,4649429000.000000,4649429000.000000,4649429000.000000,0.923000,62393766000.000000,0.000000,0.000000,0.000000,53.679000
ARQ,2019-12-31,2020-03-12,2019-12-31,2019-Q4,27233657000.000000,38136941372.000000,2025-04-28,1448230000.000000,76057336000.000000,,73001463000.000000,3055873000.000000,,21.202000,0.000000,33345857000.000000,4763693857.000000,2037437000.000000,-1751637000.000000,1.595000,2.086000,6649757000.000000,1014482000.000000,5635275000.000000,949965286.000000,605970000.000000,,7840912000.000000,0.000000,0.000000,-1611929000.000000,,,,-230275571.000000,-1751637000.000000,-1.520000,-1.520000,-0.217000,24646866000.000000,,3520980857.000000,34323212801.000000,-35.000000,,9598013000.000000,8.256000,7.000000,8755289000.000000,0.811000,1994292000.000000,139708000.000000,1599138000.000000,,0.000000,35288827000.000000,35288827000.000000,0.000000,51410470000.000000,45767806000.000000,5642664000.000000,-1020220000.000000,,,,,893899000.000000,-11461872000.000000,,9598013000.000000,-50260000.000000,-1751637000.000000,-1751637000.000000,-250233857.000000,0.000000,0.000000,-0.162000,10890593000.000000,-2135304000.000000,29926488000.000000,0.000000,10.831000,-38.314000,-38.025000,558461000.000000,0.000000,32.810000,8.857000,8.815000,3416502000.000000,-18295461000.000000,10792726000.000000,1541818000.000000,1272375000.000000,,,,,,9618218000.000000,0.250000,4649429000.000000,4649996000.000000,4649996000.000000,1.326000,74063044000.000000,0.000000,0.000000,0.000000,63.710000
ARQ,2019-12-31,2020-04-24,2019-12-31,2019-Q4,27233657000.000000,57625480516.000000,2025-04-28,1448230000.000000,76057336000.000000,,73001463000.000000,3055873000.000000,,21.200000,-26961000.000000,33345857000.000000,4696599577.000000,2037437000.000000,-1751637000.000000,1.595000,2.086000,6649757000.000000,1014482000.000000,5635275000.000000,936585493.000000,0.000000,,8446882000.000000,0.000000,0.000000,-1611929000.000000,,,,-227032254.000000,-1751637000.000000,-1.520000,-1.520000,-0.214000,24646866000.000000,,3471389577.000000,53865466432.000000,-56.000000,-62.586000,9571052000.000000,8.233000,7.100000,8755289000.000000,0.811000,1994292000.000000,139708000.000000,1599138000.000000,,0.000000,35288827000.000000,35288827000.000000,0.000000,51410470000.000000,45767806000.000000,5642664000.000000,-1020220000.000000,,,,,893899000.000000,-11461872000.000000,,9598013000.000000,-50260000.000000,-1751637000.000000,-1751637000.000000,-246709437.000000,0.000000,0.000000,-0.162000,10890593000.000000,-2135304000.000000,29926488000.000000,0.000000,16.600000,-58.720000,-58.269000,558461000.000000,0.000000,49.570000,13.574000,13.507000,3416502000.000000,-18295461000.000000,10792726000.000000,1520102254.000000,1272375000.000000,,,,,,9618218000.000000,0.250000,4650028688.000000,4650244576.000000,4650244576.000000,1.308000,74063044000.000000,0.000000,0.000000,0.000000,63.707000
ARQ,2020-03-31,2020-05-26,2020-03-31,2020-Q1,24457332000.000000,75436441920.000000,2025-04-28,1820761000.000000,76176887000.000000,,73090114000.000000,3086773000.000000,,18.674000,0.000000,32499125000.000000,4577341549.000000,1830247000.000000,-4119329000.000000,1.503000,2.509000,8060436000.000000,2232822000.000000,5827614000.000000,1135272676.000000,619769000.000000,,8639172000.000000,0.000000,0.000000,-3968695000.000000,,,,-558971127.000000,-4119329000.000000,-3.560000,-3.560000,-0.501000,21709441000.000000,,3057667746.000000,71994373047.000000,-57.000000,,-567070000.000000,-0.488000,7.100000,4710812000.000000,0.720000,1866532000.000000,150634000.000000,1238884000.000000,,0.000000,37048472000.000000,37048472000.000000,0.000000,54467446000.000000,48632782000.000000,5834664000.000000,-846732000.000000,,,,,1205472000.000000,-1584192000.000000,,-567070000.000000,99058000.000000,-4119329000.000000,-4119329000.000000,-580187183.000000,0.000000,0.000000,-0.630000,9108045000.000000,-4397233000.000000,28713943000.000000,0.000000,24.671000,-58.159000,-57.879000,528247000.000000,0.000000,64.890000,16.666000,16.666000,2627914000.000000,-22414790000.000000,6541059000.000000,921275915.000000,1473150000.000000,,,,,,7634895000.000000,0.250000,4650112000.000000,4650112000.000000,4650112000.000000,0.792000,74310355000.000000,0.000000,0.000000,0.000000,63.921000
ARQ,2020-06-30,2020-08-24,2020-06-30,2020-Q2,30196211000.000000,99402041970.000000,2025-04-28,1794728000.000000,90900666000.000000,,85581966000.000000,5318700000.000000,,24.675000,0.000000,36677890000.000000,5292624820.000000,2662115000.000000,-899349000.000000,1.545000,2.082000,8881739000.000000,2898759000.000000,5982980000.000000,1281636219.000000,750548000.000000,,9923180000.000000,0.000000,0.000000,-736431000.000000,,,,-106267100.000000,-899349000.000000,-0.760000,-0.760000,-0.110000,29493860000.000000,,4255968254.000000,95391053370.000000,-76.000000,,5495336000.000000,4.597000,6.930000,9531200000.000000,0.782000,1706291000.000000,162918000.000000,6012469000.000000,,0.000000,44801078000.000000,44801078000.000000,0.000000,61406806000.000000,55385755000.000000,6021051000.000000,4178765000.000000,,,,,8418741000.000000,-9695818000.000000,,5495336000.000000,-39494000.000000,-899349000.000000,-899349000.000000,-129776190.000000,0.000000,0.000000,-0.074000,11170782000.000000,-1639582000.000000,33978503000.000000,0.000000,23.356000,-75.654000,-73.508000,562451000.000000,0.000000,83.160000,18.597000,18.597000,2857547000.000000,-23314139000.000000,12193315000.000000,1759497114.000000,1662356000.000000,,,,,,9508426000.000000,0.250000,4781243000.000000,4781243000.000000,4781243000.000000,1.472000,89194375000.000000,0.000000,0.000000,0.000000,74.620000
ARQ,2020-09-30,2020-11-13,2020-09-30,2020-Q3,25095021000.000000,179255275695.000000,2025-04-28,533303000.000000,99410926000.000000,,90170569000.000000,9240357000.000000,,23.738000,0.000000,44528760000.000000,6736574887.000000,3260155000.000000,-784708000.000000,1.386000,2.500000,8851017000.000000,2955341000.000000,5895676000.000000,1339034342.000000,1042093000.000000,,10574559000.000000,0.000000,0.000000,-619070000.000000,,,,-93656581.000000,-784708000.000000,-0.640000,-0.640000,-0.097000,28403662000.000000,,4297074433.000000,173857735150.000000,-166.000000,,8321792000.000000,6.955000,6.610000,10949627000.000000,0.771000,1486959000.000000,165638000.000000,-2829324000.000000,,0.000000,39859089000.000000,39859089000.000000,0.000000,71007264000.000000,65075548000.000000,5931716000.000000,7850870000.000000,,,,,0.000000,-455054000.000000,,8321792000.000000,-15868000.000000,-784708000.000000,-784708000.000000,-118715280.000000,0.000000,0.000000,-0.055000,12245365000.000000,-1295738000.000000,40299835000.000000,0.000000,41.716000,-156.833000,-154.325000,580585000.000000,0.000000,151.290000,27.091000,27.359000,3980135000.000000,-24098847000.000000,14209782000.000000,2149740091.000000,1804886000.000000,,,,,,10440479000.000000,0.250000,4739382000.000000,4786276000.000000,4786276000.000000,1.797000,97923967000.000000,0.000000,0.000000,0.000000,81.837000
ARQ,2020-09-30,2020-11-16,2020-09-30,2020-Q3,25095021000.000000,168283606365.000000,2025-04-28,533303000.000000,99410926000.000000,,90170569000.000000,9240357000.000000,,23.735000,-18008000.000000,44528760000.000000,6736574887.000000,3260155000.000000,-784708000.000000,1.386000,2.500000,8851017000.000000,2955341000.000000,5895676000.000000,1339034342.000000,1042093000.000000,,10574559000.000000,0.000000,0.000000,-619070000.000000,,,,-93656581.000000,-784708000.000000,-0.640000,-0.640000,-0.097000,28403662000.000000,,4297074433.000000,162886065820.000000,-155.000000,,8303784000.000000,6.939000,6.610000,10949627000.000000,0.771000,1486959000.000000,165638000.000000,-2829324000.000000,,0.000000,39859089000.000000,39859089000.000000,0.000000,71007264000.000000,65075548000.000000,5931716000.000000,7850870000.000000,,,,,0.000000,-455054000.000000,,8321792000.000000,-15868000.000000,-784708000.000000,-784708000.000000,-118715280.000000,0.000000,0.000000,-0.055000,12245365000.000000,-1295738000.000000,40299835000.000000,0.000000,39.162000,-147.234000,-144.879000,580585000.000000,0.000000,142.030000,25.433000,25.687000,3980135000.000000,-24098847000.000000,14209782000.000000,2149740091.000000,1804886000.000000,,,,,,10440479000.000000,0.250000,4739382000.000000,4786792000.000000,4786792000.000000,1.796000,97923967000.000000,0.000000,0.000000,0.000000,81.828000
ARQ,2020-12-31,2021-03-18,2020-12-31,2020-Q4,65641801000.000000,172119736635.000000,2025-04-28,-1047728000.000000,158908614000.000000,,149523878000.000000,9384736000.000000,,49.583000,0.000000,74843636000.000000,11461506279.000000,11526124000.000000,-1376356000.000000,1.783000,1.641000,16967083000.000000,2119352000.000000,14847731000.000000,2598328178.000000,2423190000.000000,,10926319000.000000,0.000000,0.000000,-1098210000.000000,,,,-168179173.000000,-1376356000.000000,-1.120000,-1.120000,-0.172000,60175888000.000000,,9215296784.000000,163256558534.000000,-166.000000,,14946569000.000000,12.315000,6.530000,15021585000.000000,0.566000,1276751000.000000,278146000.000000,15873233000.000000,,0.000000,64551094000.000000,64551094000.000000,0.000000,98732726000.000000,83882077000.000000,14850649000.000000,30314876000.000000,,,,,42174783000.000000,-26622837000.000000,,14946569000.000000,-183639000.000000,-1376356000.000000,-1376356000.000000,-210774273.000000,0.000000,0.000000,-0.052000,17069357000.000000,-2047772000.000000,53833981000.000000,0.000000,18.678000,-156.543000,-153.325000,832680000.000000,0.000000,141.820000,18.892000,18.557000,4969617000.000000,-25475203000.000000,26547709000.000000,4065499081.000000,1951261000.000000,,,,,,15118096000.000000,0.250000,4854597000.000000,4854597000.000000,4854597000.000000,3.350000,157631863000.000000,0.000000,0.000000,0.000000,129.883000
ARQ,2020-12-31,2021-04-30,2020-12-31,2020-Q4,65641801000.000000,165899424754.000000,2025-04-28,-1047728000.000000,158908614000.000000,,149523878000.000000,9384736000.000000,,49.576000,-24987000.000000,74843636000.000000,11514405538.000000,11526124000.000000,-1376356000.000000,1.783000,1.641000,16967083000.000000,2119352000.000000,14847731000.000000,2610320462.000000,0.000000,222462000.000000,13349509000.000000,0.000000,0.000000,-1098210000.000000,-875748000.000000,-0.033000,-134730462.000000,-168955385.000000,-1376356000.000000,-1.160000,-1.160000,-0.178000,60175888000.000000,,9257828923.000000,156995339677.000000,-159.000000,-181.516000,14921582000.000000,12.293000,6.500000,15021585000.000000,0.566000,1276751000.000000,278146000.000000,15873233000.000000,,0.000000,64551094000.000000,64551094000.000000,0.000000,98732726000.000000,83882077000.000000,14850649000.000000,30314876000.000000,,30073487000.000000,12101302000.000000,,42174783000.000000,-26622837000.000000,-26359850000.000000,14946569000.000000,-183639000.000000,-1376356000.000000,-1376356000.000000,-211747077.000000,0.000000,0.000000,-0.052000,17069357000.000000,-2047772000.000000,53833981000.000000,0.000000,17.920000,-150.193000,-144.130000,832680000.000000,0.000000,133.930000,18.126000,17.444000,4969617000.000000,-25475203000.000000,26547709000.000000,4084262923.000000,1951261000.000000,,,,,933230000.000000,15118096000.000000,0.250000,4954809968.000000,4855227200.000000,4855227200.000000,3.365000,157631863000.000000,0.000000,0.000000,0.000000,129.866000
ARQ,2021-03-31,2021-06-01,2021-03-31,2021-Q1,60498469000.000000,173601267550.000000,2025-04-28,-531699000.000000,153419852000.000000,,139636736000.000000,13783116000.000000,,50.052000,0.000000,64310718000.000000,10048549688.000000,10746050000.000000,-2905416000.000000,1.764000,1.460000,12827737000.000000,906935000.000000,11920802000.000000,2004333906.000000,1786246000.000000,,11589459000.000000,0.000000,0.000000,-2569960000.000000,,,,-401556250.000000,-2905416000.000000,-2.320000,-2.320000,-0.362000,62358316000.000000,,9743486875.000000,165557051769.000000,-211.000000,,-3724547000.000000,-2.989000,6.400000,11421049000.000000,0.515000,1169499000.000000,335456000.000000,21629105000.000000,,0.000000,66342813000.000000,66342813000.000000,0.000000,91061536000.000000,79138267000.000000,11923269000.000000,-10532918000.000000,,,,,-1238874000.000000,-5621047000.000000,,-3724547000.000000,51550000.000000,-2905416000.000000,-2905416000.000000,-453971250.000000,0.000000,0.000000,-0.131000,15568005000.000000,-4146956000.000000,49360986000.000000,0.000000,17.817000,-186.235000,-182.741000,879618000.000000,0.000000,139.340000,14.791000,14.791000,4830382000.000000,-28380619000.000000,22167099000.000000,3463609219.000000,2218743000.000000,,,,,,13349262000.000000,0.250000,4983530000.000000,4983530000.000000,4983530000.000000,2.780000,152250353000.000000,0.000000,0.000000,0.000000,122.203000
ARQ,2021-06-30,2021-08-25,2021-06-30,2021-Q2,67499956000.000000,122636251620.000000,2025-04-28,-1666114000.000000,156739756000.000000,,147573939000.000000,9165817000.000000,,51.776000,0.000000,67368845000.000000,10396426698.000000,7897886000.000000,2414580000.000000,1.843000,1.415000,12068548000.000000,302639000.000000,11765909000.000000,1862430247.000000,973989000.000000,,12636683000.000000,0.000000,0.000000,2708579000.000000,,,,417990586.000000,2414580000.000000,1.920000,1.680000,0.296000,64897907000.000000,,10015109105.000000,114102255169.000000,-468.000000,,7371215000.000000,5.881000,6.480000,15148334000.000000,0.657000,1004580000.000000,293999000.000000,20360896000.000000,,0.000000,73026502000.000000,73026502000.000000,0.000000,91841849000.000000,80073983000.000000,11767866000.000000,3058127000.000000,,,,,-636619000.000000,-3484056000.000000,,7371215000.000000,-192413000.000000,2414580000.000000,2414580000.000000,372620370.000000,0.000000,0.000000,0.105000,13150855000.000000,1997479000.000000,50754254000.000000,0.000000,12.245000,-299.665000,-288.183000,937084000.000000,0.000000,97.840000,9.244000,9.244000,4331194000.000000,-25966039000.000000,23046220000.000000,3556515432.000000,2328831000.000000,,,,,,10822024000.000000,0.250000,5013747000.000000,5013747000.000000,5719402000.000000,2.837000,155735176000.000000,0.000000,0.000000,0.000000,124.247000
ARQ,2021-09-30,2021-12-03,2021-09-30,2021-Q3,70796411000.000000,68338042040.000000,2025-04-28,-1414093000.000000,166528759000.000000,,157093286000.000000,9435473000.000000,,54.257000,0.000000,62362962000.000000,9744212812.000000,6558648000.000000,1639960000.000000,1.820000,1.445000,12461134000.000000,338709000.000000,12122425000.000000,1947052188.000000,1144073000.000000,,12966330000.000000,0.000000,0.000000,2793157000.000000,,,,436430781.000000,2494726000.000000,1.320000,1.160000,0.206000,68107970000.000000,,10641870312.000000,60540881415.000000,211.000000,,8736568000.000000,6.960000,6.400000,14947110000.000000,0.695000,860610000.000000,298431000.000000,29469446000.000000,,0.000000,86785027000.000000,86785027000.000000,0.000000,98420789000.000000,86296875000.000000,12123914000.000000,-5005883000.000000,,,,,146000.000000,-13764757000.000000,,8736568000.000000,22160000.000000,1639960000.000000,1639960000.000000,256243750.000000,0.000000,0.000000,0.076000,12807838000.000000,2139272000.000000,53201246000.000000,0.000000,6.422000,-1924.744000,-1451.733000,2967168000.000000,0.000000,54.440000,4.689000,4.689000,4564376000.000000,-24326079000.000000,21505758000.000000,3360274688.000000,2422421000.000000,,,,,,10385417000.000000,0.250000,5021164000.000000,5021164000.000000,5703986000.000000,2.677000,165668149000.000000,14224000.000000,854766000.000000,0.000000,131.976000
ARQ,2021-12-31,2022-03-22,2021-12-31,2021-Q4,67179454000.000000,59787309698.000000,2025-04-28,-2519900000.000000,181209718000.000000,,160909168000.000000,20300550000.000000,,59.715000,0.000000,66043971000.000000,10483170000.000000,6515509000.000000,6619546000.000000,1.717000,1.412000,12760334000.000000,427164000.000000,12333170000.000000,2025449841.000000,1166764000.000000,,13577552000.000000,0.000000,0.000000,8001481000.000000,,,,1270076349.000000,7698365000.000000,5.280000,4.640000,0.838000,75114547000.000000,,11922943968.000000,51329589539.000000,30.000000,,16399775000.000000,13.038000,6.300000,20715353000.000000,0.761000,701220000.000000,303116000.000000,33495147000.000000,,0.000000,86516618000.000000,86516618000.000000,0.000000,106095171000.000000,93729714000.000000,12365457000.000000,3681009000.000000,,,,,193000.000000,-12692505000.000000,,16399775000.000000,-26454000.000000,6619546000.000000,6619546000.000000,1050721587.000000,0.000000,0.000000,0.243000,13808386000.000000,6906967000.000000,62509714000.000000,0.000000,5.014000,48.484000,48.297000,3141860000.000000,0.000000,47.530000,4.009000,3.994000,4923892000.000000,-17706533000.000000,27230862000.000000,4322359048.000000,2022595000.000000,,,,,,11785791000.000000,0.250000,5031543000.000000,5031543000.000000,5684577000.000000,3.436000,180508498000.000000,31504000.000000,1078819000.000000,31291000.000000,143.502000
ARQ,2021-12-31,2022-04-25,2021-12-31,2021-Q4,67179454000.000000,45012129816.000000,2025-04-28,-2519900000.000000,181209718000.000000,,160909168000.000000,20300550000.000000,,59.712000,-3286838000.000000,66043971000.000000,10319370469.000000,6515509000.000000,6619546000.000000,1.717000,1.412000,12760334000.000000,427164000.000000,12333170000.000000,1993802188.000000,0.000000,,14744316000.000000,0.000000,0.000000,8001481000.000000,,,,1250231406.000000,7698365000.000000,5.280000,4.640000,0.825000,75114547000.000000,,11736647969.000000,36686561535.000000,21.000000,18.376000,13112937000.000000,10.424000,6.400000,20715353000.000000,0.761000,701220000.000000,303116000.000000,33495147000.000000,,0.000000,86516618000.000000,86516618000.000000,0.000000,106095171000.000000,93729714000.000000,12365457000.000000,3681009000.000000,,,,,193000.000000,-12692505000.000000,,16399775000.000000,-26454000.000000,6619546000.000000,6619546000.000000,1034304062.000000,0.000000,0.000000,0.243000,13808386000.000000,6906967000.000000,62509714000.000000,0.000000,3.835000,37.082000,36.748000,3141860000.000000,0.000000,35.600000,3.066000,3.039000,4923892000.000000,-17706533000.000000,27230862000.000000,4254822188.000000,2022595000.000000,,,,,,11785791000.000000,0.250000,5057542676.000000,5031750336.000000,5707261188.000000,3.382000,180508498000.000000,31504000.000000,1078819000.000000,31291000.000000,143.496000
ARQ,2022-03-31,2022-05-31,2022-03-31,2022-Q1,68642564000.000000,63399876638.000000,2025-04-28,-2651317000.000000,168718621000.000000,,146164961000.000000,22553660000.000000,,60.875000,0.000000,52133992000.000000,7792823916.000000,7159595000.000000,2599451000.000000,1.885000,1.201000,14928998000.000000,418356000.000000,14510642000.000000,2231539312.000000,1060656000.000000,,13955037000.000000,0.000000,0.000000,3176905000.000000,,,,474873692.000000,3164265000.000000,2.080000,1.840000,0.311000,76652977000.000000,,11457844096.000000,57838592034.000000,23.000000,,-9068096000.000000,-7.202000,6.690000,16634094000.000000,0.699000,556760000.000000,12640000.000000,53434470000.000000,,0.000000,87815868000.000000,87815868000.000000,0.000000,92065644000.000000,77522397000.000000,14543247000.000000,-13909979000.000000,,,,,43000.000000,-4852089000.000000,,-9068096000.000000,10163000.000000,2599451000.000000,2599451000.000000,388557698.000000,0.000000,0.000000,0.109000,14479688000.000000,2154406000.000000,47166443000.000000,0.000000,5.533000,31.954000,31.777000,2578572000.000000,0.000000,50.350000,4.438000,4.438000,4187876000.000000,-13740576000.000000,23793689000.000000,3556605232.000000,2668507000.000000,,,,,,11811181000.000000,0.250000,5036733000.000000,5036733000.000000,5688094000.000000,2.825000,168161861000.000000,23143000.000000,564814000.000000,32069000.000000,133.548000
ARQ,2022-06-30,2022-08-30,2022-06-30,2022-Q2,89731887000.000000,83830182625.000000,2025-04-28,864028000.000000,191999405000.000000,,175446301000.000000,16553104000.000000,,72.116000,0.000000,62864021000.000000,9285675185.000000,7961866000.000000,8896340000.000000,2.047000,1.112000,15814672000.000000,477639000.000000,15337033000.000000,2335992910.000000,1242716000.000000,,14772915000.000000,0.000000,0.000000,10467551000.000000,,,,1546167061.000000,10454403000.000000,7.040000,6.240000,1.040000,90909209000.000000,,13428243575.000000,76880500350.000000,21.000000,,19373871000.000000,15.369000,6.770000,23477702000.000000,0.747000,435841000.000000,13148000.000000,58799801000.000000,,0.000000,106322578000.000000,106322578000.000000,0.000000,101090196000.000000,85714414000.000000,15375782000.000000,10730029000.000000,,,,,268000.000000,-8593271000.000000,,19373871000.000000,-50839000.000000,8896340000.000000,8896340000.000000,1314082718.000000,0.000000,0.000000,0.283000,14780535000.000000,8697167000.000000,52897387000.000000,0.000000,6.243000,28.728000,28.639000,2333166000.000000,0.000000,66.500000,5.459000,5.459000,4727886000.000000,-4844236000.000000,31439568000.000000,4643953914.000000,2611366000.000000,,,,,,12169169000.000000,0.250000,5042417000.000000,5042417000.000000,5716947000.000000,3.684000,191563564000.000000,24148000.000000,1558063000.000000,38669000.000000,151.962000
ARQ,2022-09-30,2022-11-28,2022-09-30,2022-Q3,108138090000.000000,93511376700.000000,2025-04-28,4630973000.000000,209107984000.000000,,193570296000.000000,15537688000.000000,,84.834000,0.000000,74409935000.000000,10349086926.000000,7414132000.000000,10588574000.000000,2.266000,0.952000,17012698000.000000,512838000.000000,16499860000.000000,2366161057.000000,1391560000.000000,,15122695000.000000,0.000000,0.000000,12139397000.000000,,,,1688372323.000000,12125751000.000000,8.400000,7.360000,1.168000,107129871000.000000,,14899842976.000000,85528450831.000000,18.000000,,11651823000.000000,9.227000,7.190000,28090172000.000000,0.791000,297856000.000000,13646000.000000,65980685000.000000,,0.000000,112207949000.000000,112207949000.000000,0.000000,101978113000.000000,85432206000.000000,16545907000.000000,11545914000.000000,,,,,258000.000000,-356394000.000000,,11651823000.000000,250227000.000000,10588574000.000000,10588574000.000000,1472680668.000000,0.000000,0.000000,0.298000,17653559000.000000,10436613000.000000,51562514000.000000,0.000000,6.276000,23.424000,23.352000,2383445000.000000,0.000000,74.050000,5.699000,5.699000,5156610000.000000,5744338000.000000,35504304000.000000,4938011683.000000,2698166000.000000,,,,,,14955393000.000000,0.250000,5051256000.000000,5051256000.000000,5776165000.000000,3.910000,208810128000.000000,27707000.000000,1537177000.000000,46047000.000000,165.353000
ARQ,2022-12-31,2023-03-22,2022-12-31,2022-Q4,99728396000.000000,96348212510.000000,2025-04-28,3322238000.000000,237119953000.000000,,216617876000.000000,20502077000.000000,,92.385000,0.000000,92300417000.000000,13435286317.000000,8926705000.000000,9453697000.000000,1.853000,1.013000,16934324000.000000,14487787000.000000,2446537000.000000,2464967103.000000,1389655000.000000,,15058229000.000000,0.000000,0.000000,10531531000.000000,,,,1532973945.000000,10519310000.000000,7.400000,6.520000,1.077000,117770911000.000000,,17142781805.000000,85377893296.000000,16.000000,,26550262000.000000,20.827000,6.870000,30893323000.000000,0.776000,134002000.000000,12221000.000000,44730378000.000000,,0.000000,115112554000.000000,115112554000.000000,0.000000,119349042000.000000,116889480000.000000,2459562000.000000,17890482000.000000,,,,,9510000.000000,-8559916000.000000,,26550262000.000000,-109374000.000000,9453697000.000000,9453697000.000000,1376083988.000000,0.000000,0.000000,0.237000,21779588000.000000,9113735000.000000,63316695000.000000,0.000000,5.620000,20.988000,20.803000,2460928000.000000,0.000000,75.580000,5.070000,5.029000,6906526000.000000,15193035000.000000,39820028000.000000,5796219505.000000,2406677000.000000,,,,,,19372911000.000000,0.250000,5099138000.000000,5099138000.000000,5809212000.000000,4.547000,236985951000.000000,1045030000.000000,1065613000.000000,13025000.000000,185.903000
ARQ,2022-12-31,2023-04-26,2022-12-31,2022-Q4,99728396000.000000,85971099500.000000,2025-04-28,3322238000.000000,237119953000.000000,,216617876000.000000,20502077000.000000,,92.377000,-635676000.000000,92300417000.000000,13376872029.000000,8926705000.000000,9453697000.000000,1.853000,1.013000,16934324000.000000,14487787000.000000,2446537000.000000,2454249855.000000,0.000000,,16447884000.000000,0.000000,0.000000,10531531000.000000,,,,1526308841.000000,10519310000.000000,7.440000,6.480000,1.078000,117770911000.000000,,17068247971.000000,75048477326.000000,14.000000,13.261000,25914586000.000000,20.327000,6.900000,30893323000.000000,0.776000,134002000.000000,12221000.000000,44730378000.000000,,0.000000,115112554000.000000,115112554000.000000,0.000000,119349042000.000000,116889480000.000000,2459562000.000000,17890482000.000000,,,,,9510000.000000,-8559916000.000000,,26550262000.000000,-109374000.000000,9453697000.000000,9453697000.000000,1370101014.000000,0.000000,0.000000,0.237000,21779588000.000000,9113735000.000000,63316695000.000000,0.000000,5.037000,18.809000,18.010000,2460928000.000000,0.000000,65.150000,4.544000,4.354000,6906526000.000000,15193035000.000000,39820028000.000000,5771018551.000000,2406677000.000000,,,,,,19372911000.000000,0.250000,5278348396.000000,5099594496.000000,5844806756.000000,4.527000,236985951000.000000,1045030000.000000,1065613000.000000,13025000.000000,185.886000
ARQ,2023-03-31,2023-05-30,2023-03-31,2023-Q1,104788307000.000000,89317588400.000000,2025-04-28,2426753000.000000,240066250000.000000,,215810923000.000000,24255327000.000000,,95.792000,0.000000,70670000000.000000,10168345324.000000,11125285000.000000,8101027000.000000,1.944000,0.898000,16974790000.000000,14441655000.000000,2533135000.000000,2442415827.000000,1543135000.000000,,15683470000.000000,0.000000,0.000000,9710489000.000000,,,,1397192662.000000,9698802000.000000,6.120000,5.560000,0.881000,126510117000.000000,,18202894532.000000,81591658904.000000,13.000000,,1338022000.000000,1.013000,6.950000,26511765000.000000,0.704000,23403000.000000,11687000.000000,75325021000.000000,,0.000000,137263553000.000000,137263553000.000000,0.000000,113556133000.000000,111022616000.000000,2533517000.000000,-21630417000.000000,,,,,53000.000000,-22620247000.000000,,1338022000.000000,-348245000.000000,8101027000.000000,8101027000.000000,1165615396.000000,0.000000,0.000000,0.215000,19582747000.000000,6929018000.000000,55878527000.000000,0.000000,4.907000,16.759000,16.208000,2588456000.000000,0.000000,67.630000,4.299000,4.299000,5589628000.000000,23294062000.000000,37637050000.000000,5415402878.000000,2506657000.000000,,,,,,17076090000.000000,0.250000,5282720000.000000,5282720000.000000,5850378000.000000,4.100000,240042847000.000000,1298602000.000000,1597775000.000000,382000.000000,181.757000
ARQ,2023-06-30,2023-08-29,2023-06-30,2023-Q2,115212076000.000000,126741772170.000000,2025-04-28,6254971000.000000,274285357000.000000,,241206173000.000000,33079184000.000000,,106.902000,0.000000,83434459000.000000,11572047018.000000,18689787000.000000,13108086000.000000,1.914000,0.887000,18269446000.000000,15386487000.000000,2882959000.000000,2533903745.000000,1639290000.000000,,16131012000.000000,0.000000,0.000000,16278465000.000000,,,,2257762136.000000,16266528000.000000,9.640000,9.000000,1.337000,145344079000.000000,,20158679473.000000,117703628897.000000,17.000000,,23395981000.000000,17.208000,7.210000,33590961000.000000,0.643000,22651000.000000,11937000.000000,83103596000.000000,,0.000000,148129260000.000000,148129260000.000000,0.000000,128941278000.000000,125994097000.000000,2947181000.000000,12764459000.000000,,,,,7233000.000000,-11519860000.000000,,23395981000.000000,881105000.000000,13108086000.000000,13108086000.000000,1818042441.000000,0.000000,0.000000,0.251000,20872206000.000000,12718755000.000000,60115463000.000000,0.000000,6.287000,22.152000,21.270000,3186338000.000000,0.000000,93.220000,5.530000,5.530000,6657191000.000000,36402148000.000000,52280748000.000000,7251143967.000000,2733964000.000000,,,,,,18138242000.000000,0.250000,5438394000.000000,5438394000.000000,5833348000.000000,5.333000,274262706000.000000,1544634000.000000,3158442000.000000,64222000.000000,201.723000
ARQ,2023-09-30,2023-11-28,2023-09-30,2023-Q3,123451550000.000000,189823334500.000000,2025-04-28,5952839000.000000,314251132000.000000,,271575816000.000000,42675316000.000000,,118.663000,0.000000,111353259000.000000,15639502669.000000,26830233000.000000,15537122000.000000,1.833000,0.939000,19753460000.000000,15732512000.000000,4020948000.000000,2774362360.000000,2043857000.000000,,16282948000.000000,0.000000,0.000000,19062810000.000000,,,,2677360955.000000,19050602000.000000,11.360000,10.600000,1.596000,162050015000.000000,,22759833567.000000,176958194191.000000,23.000000,,32537857000.000000,23.826000,7.120000,42010138000.000000,0.610000,21900000.000000,12208000.000000,74505167000.000000,,0.000000,147906904000.000000,147906904000.000000,0.000000,152201117000.000000,148124266000.000000,4076851000.000000,27918800000.000000,,,,,385000.000000,-4820500000.000000,,32537857000.000000,201058000.000000,15537122000.000000,15537122000.000000,2182180056.000000,0.000000,0.000000,0.226000,25354117000.000000,16656021000.000000,68099716000.000000,0.000000,8.340000,29.254000,28.637000,4727936000.000000,0.000000,139.000000,6.806000,6.806000,8685759000.000000,51939270000.000000,68840371000.000000,9668591433.000000,2847323000.000000,,,,,,22506794000.000000,0.250000,5462542000.000000,5462542000.000000,5865102000.000000,7.080000,314229232000.000000,1631825000.000000,3513480000.000000,55903000.000000,230.097000
ARQ,2023-12-31,2024-03-21,2023-12-31,2023-Q4,141849571000.000000,167493243825.000000,2025-04-28,4723760000.000000,348078120000.000000,,294750472000.000000,53327648000.000000,,136.720000,0.000000,121779905000.000000,16913875694.000000,35078272000.000000,23280309000.000000,1.928000,0.859000,10165901000.000000,2290118000.000000,7875783000.000000,1411930694.000000,2144610000.000000,,16878746000.000000,0.000000,0.000000,26868671000.000000,,,,3731759861.000000,26860516000.000000,17.000000,15.840000,2.361000,187241607000.000000,,26005778750.000000,151991298825.000000,15.000000,,36890671000.000000,26.937000,7.200000,53802764000.000000,0.605000,21148000.000000,8155000.000000,83542067000.000000,,0.000000,157415365000.000000,157415365000.000000,0.000000,160836513000.000000,152900901000.000000,7935612000.000000,10426646000.000000,,,,,-8968297000.000000,-16470671000.000000,,36890671000.000000,-1025057000.000000,23280309000.000000,23280309000.000000,3233376250.000000,0.000000,0.000000,0.262000,31407796000.000000,22394968000.000000,74997252000.000000,0.000000,6.441000,20.090000,19.868000,5084486000.000000,0.000000,122.300000,4.870000,4.815000,11342187000.000000,75118597000.000000,88881036000.000000,12344588333.000000,2864430000.000000,,,,,,28543366000.000000,0.250000,5478111000.000000,5478111000.000000,5882980000.000000,9.014000,348056972000.000000,270738000.000000,3580207000.000000,59829000.000000,254.144000
ARQ,2023-12-31,2024-04-25,2023-12-31,2023-Q4,141849571000.000000,173071037877.000000,2025-04-28,4723760000.000000,348078120000.000000,,294750472000.000000,53327648000.000000,,136.703000,-583429000.000000,121779905000.000000,16843693638.000000,35078272000.000000,23280309000.000000,1.928000,0.859000,10165901000.000000,2290118000.000000,7875783000.000000,1406072061.000000,2144610000.000000,,16878746000.000000,0.000000,0.000000,26868671000.000000,,,,3716275380.000000,26860516000.000000,17.080000,16.040000,2.362000,187241607000.000000,,25897870954.000000,157633416300.000000,16.000000,15.441000,36307242000.000000,26.507000,7.230000,53802764000.000000,0.605000,21148000.000000,8155000.000000,83542067000.000000,,0.000000,157415365000.000000,157415365000.000000,0.000000,160836513000.000000,152900901000.000000,7935612000.000000,10426646000.000000,,,,,-8968297000.000000,-16470671000.000000,,36890671000.000000,-1025057000.000000,23280309000.000000,23280309000.000000,3219959751.000000,0.000000,0.000000,0.262000,31407796000.000000,22394968000.000000,74997252000.000000,0.000000,6.683000,20.846000,20.520000,5084486000.000000,0.000000,125.790000,5.053000,4.973000,11342187000.000000,75118597000.000000,88881036000.000000,12293365975.000000,2864430000.000000,,,,,,28543366000.000000,0.250000,5503491148.000000,5478791088.000000,5797274248.000000,8.975000,348056972000.000000,270738000.000000,3580207000.000000,59829000.000000,254.112000
ARQ,2024-03-31,2024-05-22,2024-03-31,2024-Q1,165071954000.000000,202604781345.000000,2025-04-28,5034235000.000000,377826127000.000000,,316469963000.000000,61356164000.000000,,158.779000,0.000000,114704917000.000000,15865133748.000000,32694686000.000000,27997826000.000000,2.090000,0.728000,9479671000.000000,1801443000.000000,7678228000.000000,1311157815.000000,2281087000.000000,,17248091000.000000,0.000000,0.000000,33065578000.000000,,,,4573385615.000000,33065578000.000000,20.320000,18.960000,2.811000,218705969000.000000,,30249788243.000000,188050805411.000000,14.000000,,21067179000.000000,15.295000,7.230000,54117373000.000000,0.623000,21994000.000000,0.000000,121180878000.000000,,0.000000,186539732000.000000,186539732000.000000,0.000000,159120158000.000000,151398009000.000000,7722149000.000000,-7074988000.000000,,,,,30000.000000,-28290121000.000000,,21067179000.000000,147924000.000000,27997826000.000000,27997826000.000000,3872451729.000000,0.000000,0.000000,0.323000,28143720000.000000,25973653000.000000,74493746000.000000,0.000000,6.698000,18.328000,18.210000,4834944000.000000,0.000000,147.090000,4.935000,4.935000,11742882000.000000,103116423000.000000,86812059000.000000,12007200415.000000,2909620000.000000,,,,,,25234100000.000000,0.250000,5509682000.000000,5509682000.000000,5907021000.000000,8.717000,377804133000.000000,44116000.000000,5067752000.000000,43921000.000000,274.284000
ARQ,2024-06-30,2024-08-26,2024-06-30,2024-Q2,188893148000.000000,138344900000.000000,2025-04-28,5799882000.000000,432744342000.000000,,359726252000.000000,73018090000.000000,,183.583000,0.000000,116116929000.000000,16285684292.000000,33698098000.000000,32009355000.000000,2.106000,0.704000,9765086000.000000,1866127000.000000,7898959000.000000,1369577279.000000,2413577000.000000,,17958628000.000000,0.000000,0.000000,37923968000.000000,,,,5318929593.000000,37923968000.000000,23.120000,21.600000,3.243000,253978218000.000000,,35621068443.000000,123428792987.000000,8.000000,,43792640000.000000,31.655000,7.130000,63361433000.000000,0.653000,21056000.000000,0.000000,155538339000.000000,,0.000000,228170850000.000000,228170850000.000000,0.000000,178766124000.000000,170833104000.000000,7933020000.000000,1412012000.000000,,,,,728000.000000,-42622100000.000000,,43792640000.000000,240744000.000000,32009355000.000000,32009355000.000000,4489390603.000000,0.000000,0.000000,0.330000,30796897000.000000,32564536000.000000,78707764000.000000,0.000000,3.884000,9.981000,9.919000,5101164000.000000,0.000000,100.000000,2.888000,2.888000,11480542000.000000,135125778000.000000,97059531000.000000,13612837447.000000,2909210000.000000,,,,,,27887687000.000000,0.250000,5533796000.000000,5533796000.000000,5925659000.000000,9.840000,432723286000.000000,76625000.000000,5914613000.000000,34061000.000000,312.786000
ARQ,2024-09-30,2024-11-21,2024-09-30,2024-Q3,206834365000.000000,144259189742.000000,2025-04-28,2867422000.000000,466793869000.000000,,386831287000.000000,79962582000.000000,,200.955000,0.000000,125688495000.000000,17529776151.000000,39709214000.000000,24980694000.000000,2.149000,0.676000,10236831000.000000,2015098000.000000,8221733000.000000,1427730962.000000,2951591000.000000,,16769864000.000000,0.000000,0.000000,29182314000.000000,,,,4070057741.000000,29182314000.000000,18.040000,16.920000,2.516000,278504920000.000000,,38843085077.000000,128157144554.000000,7.000000,,27522313000.000000,19.859000,7.170000,59645187000.000000,0.600000,20088000.000000,0.000000,171325195000.000000,,0.000000,243166321000.000000,243166321000.000000,0.000000,188288949000.000000,179996922000.000000,8292027000.000000,9571566000.000000,,,,,132000.000000,-16898558000.000000,,27522313000.000000,-1052321000.000000,24980694000.000000,24980694000.000000,3484057741.000000,0.000000,0.000000,0.251000,35352729000.000000,24292458000.000000,82780215000.000000,0.000000,3.714000,9.553000,9.500000,5695694000.000000,0.000000,104.090000,2.780000,2.780000,13922664000.000000,160106472000.000000,99354401000.000000,13856959693.000000,3063353000.000000,,,,,,32289376000.000000,0.250000,5543633000.000000,5543633000.000000,5909793000.000000,9.998000,466773781000.000000,272699000.000000,4201620000.000000,70294000.000000,336.800000
ARQ,2024-12-31,2025-03-20,2024-12-31,2024-Q4,227225379000.000000,181873278480.000000,2025-04-28,7824545000.000000,505034316000.000000,,415648232000.000000,89386084000.000000,,225.536000,0.000000,126194421000.000000,17382151653.000000,47798376000.000000,27446637000.000000,2.206000,0.612000,10607140000.000000,7415575000.000000,3191565000.000000,1461038567.000000,2947041000.000000,,16460600000.000000,0.000000,0.000000,32529433000.000000,,,,4480638154.000000,32529433000.000000,19.760000,18.520000,2.722000,313313124000.000000,,43156077686.000000,165952165395.000000,9.000000,,29547160000.000000,21.269000,7.260000,62811730000.000000,0.568000,19170000.000000,0.000000,201005012000.000000,,0.000000,273791856000.000000,273791856000.000000,0.000000,191721192000.000000,188422853000.000000,3298339000.000000,505926000.000000,,,,,274000.000000,-30545257000.000000,,29547160000.000000,1503749000.000000,27446637000.000000,27446637000.000000,3780528512.000000,0.000000,0.000000,0.248000,37219515000.000000,25592215000.000000,91655947000.000000,0.000000,4.214000,11.744000,11.700000,5943678000.000000,0.000000,130.920000,3.353000,3.340000,11248489000.000000,187421411000.000000,110610106000.000000,15235551791.000000,3777178000.000000,,,,,,33442337000.000000,0.250000,5556776000.000000,5556776000.000000,5925278000.000000,10.967000,505015146000.000000,15998000.000000,5082796000.000000,106774000.000000,363.531000
ARQ,2024-12-31,2025-04-28,2024-12-31,2024-Q4,227225379000.000000,143516378768.000000,2025-04-28,7824545000.000000,505034316000.000000,,415648232000.000000,89386084000.000000,,225.530000,-966597000.000000,126194421000.000000,17263258687.000000,47798376000.000000,27446637000.000000,2.206000,0.612000,10607140000.000000,7415575000.000000,3191565000.000000,1451045144.000000,2947041000.000000,,16460600000.000000,0.000000,0.000000,32529433000.000000,,,,4449990834.000000,32529433000.000000,19.760000,18.520000,2.703000,313313124000.000000,,42860892476.000000,127704165224.000000,7.000000,6.897000,28580563000.000000,20.573000,7.310000,62811730000.000000,0.568000,19170000.000000,0.000000,201005012000.000000,,0.000000,273791856000.000000,273791856000.000000,0.000000,191721192000.000000,188422853000.000000,3298339000.000000,505926000.000000,,,,,274000.000000,-30545257000.000000,,29547160000.000000,1503749000.000000,27446637000.000000,27446637000.000000,3754669904.000000,0.000000,0.000000,0.248000,37219515000.000000,25592215000.000000,91655947000.000000,0.000000,3.348000,9.331000,9.276000,5943678000.000000,0.000000,103.090000,2.664000,2.648000,11248489000.000000,187421411000.000000,110610106000.000000,15131341450.000000,3777178000.000000,,,,,,33442337000.000000,0.250000,5568585848.000000,5556926000.000000,5925370000.000000,10.892000,505015146000.000000,15998000.000000,5082796000.000000,106774000.000000,363.521000
ART,2017-12-31,2018-07-24,2017-12-31,2017-Q4,1028321000.000000,,2025-04-28,0.000000,13314470000.000000,,13137828000.000000,176642000.000000,,2.731000,-8559000.000000,12429001000.000000,1827794265.000000,722830000.000000,-525115000.000000,1.085000,10.050000,0.000000,0.000000,0.000000,0.000000,0.000000,2265000.000000,1834538000.000000,,0.000000,-525115000.000000,-522850000.000000,-0.300000,-76889706.000000,-77222794.000000,-525115000.000000,-1.120000,-1.120000,-0.165000,1204963000.000000,,177200441.000000,,,,306920000.000000,0.696000,6.800000,1021246000.000000,0.586000,0.000000,0.000000,-11224038000.000000,,0.000000,217363000.000000,50000000.000000,167363000.000000,12109507000.000000,12109507000.000000,0.000000,1738309000.000000,-159790000.000000,-32677000.000000,0.000000,0.000000,1398860000.000000,71651000.000000,240000000.000000,315479000.000000,-47681000.000000,-525115000.000000,-498702000.000000,-73338529.000000,0.000000,0.000000,-0.286000,1606970000.000000,-585724000.000000,9914576000.000000,0.000000,,,,9279000.000000,-26413000.000000,,,,531085000.000000,,1744076000.000000,256481765.000000,129181000.000000,,,,-0.301000,13380000.000000,1477789000.000000,0.250000,4431145380.000000,1764799000.000000,1764799000.000000,0.581000,13314470000.000000,0.000000,0.000000,0.000000,30.178000
ART,2018-06-30,2018-08-31,2018-06-30,2018-Q2,6588792000.000000,21435665776.000000,2025-04-28,396540000.000000,23273504000.000000,,20471938000.000000,2801566000.000000,,-3.216000,,17816012000.000000,2612318475.000000,,,1.475000,-8.899000,0.000000,0.000000,0.000000,0.000000,0.000000,,3299622000.000000,0.000000,0.000000,,,,,,,,,,-1560147000.000000,,-228760557.000000,18823347301.000000,,,,,6.820000,,,2786690000.000000,,-11212344000.000000,,0.000000,1300000000.000000,1300000000.000000,0.000000,13883146000.000000,13883146000.000000,0.000000,,,,,,,,,,,,,,,,,,,9318220000.000000,,-93.704000,,,14876000.000000,,19.350000,,,682521000.000000,-7805642000.000000,,,,,,,,,,0.250000,4431145380.000000,1940536606.000000,,,20486814000.000000,0.000000,,0.000000,42.229000
ART,2018-09-30,2018-11-20,2018-09-30,2018-Q3,18000173000.000000,25634176023.000000,2025-04-28,986807000.000000,37003857000.000000,,34243427000.000000,2760430000.000000,,22.578000,,25126827000.000000,3625804762.000000,,,2.108000,0.782000,0.000000,0.000000,0.000000,0.000000,0.000000,,3794931000.000000,0.000000,0.000000,,,,,,,,,,20760603000.000000,,2995758009.000000,22008371261.000000,,,,,6.930000,,,2741320000.000000,,-7107544000.000000,,0.000000,7511280000.000000,7511280000.000000,0.000000,16243254000.000000,16243254000.000000,0.000000,,,,,,,,,,,,,,,,,,,10793733000.000000,,8.557000,,,19110000.000000,,23.140000,,,820375000.000000,-8903965000.000000,,,,,,,,,,0.250000,4431145380.000000,3678050953.000000,,,34262537000.000000,0.000000,,0.000000,37.262000
ART,2018-12-31,2019-03-15,2018-12-31,2018-Q4,16031514000.000000,27162921179.000000,2025-04-28,1035783000.000000,43182063000.000000,28248266500.000000,40390983000.000000,2791080000.000000,0.464000,25.365000,0.000000,30539686000.000000,4558162090.000000,2905249000.000000,-10217125000.000000,1.658000,1.294000,0.000000,0.000000,0.000000,0.000000,0.000000,,4379755000.000000,0.000000,0.000000,-10217125000.000000,,,,-1524944030.000000,-10217125000.000000,-13.880000,-13.880000,-2.072000,18822594000.000000,10013778500.000000,2809342388.000000,22604759090.000000,-15.000000,,7767927000.000000,10.468000,6.700000,10214741000.000000,0.779000,2579338000.000000,0.000000,-14296430000.000000,-12760234000.000000,0.000000,7630689000.000000,7630689000.000000,0.000000,24359469000.000000,24359469000.000000,0.000000,18110685000.000000,,,,,17344357000.000000,-7548509000.000000,,7767927000.000000,546910000.000000,-10217125000.000000,-10297621000.000000,-1536958358.000000,0.000000,0.000000,-0.785000,21014482000.000000,-10799741000.000000,17275934000.000000,0.000000,9.669000,-17.673000,-11.836000,29075000.000000,80496000.000000,24.520000,13.871000,9.292000,1266619000.000000,-11327858000.000000,13119990000.000000,1958207463.000000,1116057000.000000,-0.365000,-1.028000,0.801000,-0.779000,,19898425000.000000,0.250000,4431145380.000000,2968319549.000000,2968319549.000000,2.639000,40602725000.000000,0.000000,0.000000,0.000000,54.715000
ART,2018-12-31,2019-04-24,2018-12-31,2018-Q4,16031514000.000000,26667296798.000000,2025-04-28,0.000000,43182063000.000000,28248266500.000000,40390983000.000000,2791080000.000000,0.464000,25.365000,-27292000.000000,30539686000.000000,4558162090.000000,2905249000.000000,-10217125000.000000,1.658000,1.294000,0.000000,0.000000,0.000000,0.000000,0.000000,497003000.000000,4379755000.000000,0.000000,0.000000,-10217125000.000000,-9720122000.000000,-0.741000,-1450764478.000000,-1524944030.000000,-10217125000.000000,-13.880000,-13.880000,-2.072000,18822594000.000000,10013778500.000000,2809342388.000000,22109134708.000000,-14.000000,-15.240000,7740635000.000000,10.431000,6.700000,10214741000.000000,0.779000,2579338000.000000,0.000000,-14296430000.000000,-12760234000.000000,0.000000,7630689000.000000,7630689000.000000,0.000000,24359469000.000000,24359469000.000000,0.000000,18110685000.000000,124790000.000000,11523631000.000000,0.000000,0.000000,17344357000.000000,-7548509000.000000,-7646007000.000000,7767927000.000000,546910000.000000,-10217125000.000000,-10297621000.000000,-1536958358.000000,0.000000,0.000000,-0.785000,21014482000.000000,-10799741000.000000,17275934000.000000,0.000000,9.492000,-17.351000,-11.556000,29075000.000000,80496000.000000,23.940000,13.618000,9.072000,1266619000.000000,,13119990000.000000,1958207463.000000,1116057000.000000,-0.365000,-1.028000,0.801000,-0.779000,6841573000.000000,19898425000.000000,0.250000,4455688688.000000,2968319549.000000,2968319549.000000,2.639000,40602725000.000000,0.000000,0.000000,0.000000,54.715000
ART,2019-03-31,2019-05-21,2019-03-31,2019-Q1,22224358000.000000,23971605141.000000,2025-04-28,627566000.000000,49783765000.000000,38310797250.000000,46806774000.000000,2976991000.000000,0.425000,21.960000,-27292000.000000,37219239000.000000,5555110299.000000,3459863000.000000,-11893812000.000000,1.904000,0.989000,236822000.000000,73037000.000000,163785000.000000,35346567.000000,0.000000,,5151626000.000000,0.000000,0.000000,-11893812000.000000,,,,-1775195821.000000,-11893812000.000000,-17.360000,-17.360000,-2.591000,25029129000.000000,15763044750.000000,3735690896.000000,18451841410.000000,-10.000000,,5568460000.000000,4.886000,6.700000,12820727000.000000,0.787000,2381247000.000000,0.000000,-14162315000.000000,-11694658250.000000,0.000000,6919548000.000000,6919548000.000000,0.000000,24754636000.000000,24582416000.000000,172220000.000000,19214101000.000000,,,,,19513617000.000000,-6289480000.000000,,5595752000.000000,394212000.000000,-11893812000.000000,-11893812000.000000,-1775195821.000000,0.000000,0.000000,-0.731000,25487856000.000000,-12667129000.000000,15657163000.000000,0.000000,6.417000,-13.504000,-8.306000,254925000.000000,0.000000,21.520000,9.865000,10.094000,1399145000.000000,-13205566000.000000,16280590000.000000,2429938806.000000,1710320000.000000,-0.310000,-0.755000,1.017000,-0.731000,,23777536000.000000,0.250000,4455688688.000000,4559017000.000000,4559017000.000000,2.132000,47402518000.000000,0.000000,0.000000,0.000000,41.590000
ART,2019-06-30,2019-08-22,2019-06-30,2019-Q2,22307391000.000000,34074879241.000000,2025-04-28,1116597000.000000,54360850000.000000,46082633750.000000,51305759000.000000,3055091000.000000,0.453000,21.600000,-27292000.000000,40664166000.000000,5792616239.000000,4666742000.000000,-6403174000.000000,1.769000,1.165000,327452000.000000,80026000.000000,247426000.000000,46645584.000000,0.000000,,6101200000.000000,0.000000,0.000000,-6403174000.000000,,,,-912133048.000000,-6403174000.000000,-4.840000,-4.840000,-0.689000,25106885000.000000,22429802750.000000,3576479345.000000,28328908586.000000,-31.000000,,9355538000.000000,8.049000,7.020000,16194810000.000000,0.776000,2277009000.000000,0.000000,-17251241000.000000,-13204382500.000000,0.000000,7935421000.000000,7935421000.000000,0.000000,29253965000.000000,28998368000.000000,255597000.000000,22262443000.000000,,,,,19517406000.000000,-7137753000.000000,,9382830000.000000,499960000.000000,-6403174000.000000,-6403174000.000000,-912133048.000000,0.000000,0.000000,-0.307000,23716132000.000000,-7521322000.000000,17830719000.000000,0.000000,9.527000,-37.357000,-44.368000,341144000.000000,0.000000,30.590000,11.466000,11.965000,1495524000.000000,-14208816000.000000,20861552000.000000,2971731054.000000,2327955000.000000,-0.139000,-0.285000,0.485000,-0.307000,,21388177000.000000,0.250000,4455688688.000000,4649429000.000000,4649429000.000000,2.557000,52083841000.000000,0.000000,0.000000,0.000000,44.809000
ART,2019-09-30,2019-11-21,2019-09-30,2019-Q3,28372360000.000000,36707241955.000000,2025-04-28,1804675000.000000,64576062000.000000,52975685000.000000,61589384000.000000,2986678000.000000,0.472000,22.331000,-27292000.000000,34366077000.000000,4909439571.000000,5725376000.000000,-7639859000.000000,1.854000,1.488000,5475695000.000000,80882000.000000,5394813000.000000,782242143.000000,0.000000,,7033131000.000000,0.000000,0.000000,-7633709000.000000,,,,-1090529857.000000,-7639859000.000000,-5.640000,-5.640000,-0.806000,25956276000.000000,23728721000.000000,3708039429.000000,32580044526.000000,-30.000000,,11724028000.000000,10.086000,7.000000,19277706000.000000,0.771000,2182296000.000000,6150000.000000,286360000.000000,-11355906500.000000,0.000000,24560779000.000000,24560779000.000000,0.000000,38619786000.000000,33217024000.000000,5402762000.000000,10035210000.000000,,,,,14946896000.000000,-17096441000.000000,,11751320000.000000,433435000.000000,-7639859000.000000,-7639859000.000000,-1091408429.000000,0.000000,0.000000,-0.306000,28321522000.000000,-9043816000.000000,19819656000.000000,0.000000,9.899000,-33.633000,-39.195000,354392000.000000,0.000000,31.580000,10.277000,10.277000,1777926000.000000,-16543824000.000000,25003082000.000000,3571868857.000000,3123196000.000000,-0.144000,-0.322000,0.672000,-0.305000,,25198326000.000000,0.250000,4649429000.000000,4649429000.000000,4649429000.000000,3.073000,62393766000.000000,0.000000,0.000000,0.000000,53.679000
ART,2019-12-31,2020-03-12,2019-12-31,2019-Q4,27233657000.000000,38136941372.000000,2025-04-28,1448230000.000000,76057336000.000000,61194503250.000000,73001463000.000000,3055873000.000000,0.493000,21.306000,0.000000,33345857000.000000,4763693857.000000,6338778000.000000,-6967603000.000000,1.595000,2.086000,6649757000.000000,1014482000.000000,5635275000.000000,949965286.000000,605970000.000000,,7840912000.000000,0.000000,0.000000,-6821745000.000000,,,,-974535000.000000,-6967603000.000000,-6.040000,-6.040000,-0.863000,24646866000.000000,25184789000.000000,3520980857.000000,34323212801.000000,-35.000000,,14820976000.000000,12.812000,7.000000,23803108000.000000,0.790000,1994292000.000000,145858000.000000,1599138000.000000,-7382014500.000000,0.000000,35288827000.000000,35288827000.000000,0.000000,51410470000.000000,45767806000.000000,5642664000.000000,2806171000.000000,,,,,15854731000.000000,-28319678000.000000,,14820976000.000000,450142000.000000,-6967603000.000000,-6967603000.000000,-995371857.000000,0.000000,0.000000,-0.231000,32341319000.000000,-8538211000.000000,29926488000.000000,0.000000,10.831000,-38.314000,-38.025000,558461000.000000,0.000000,32.810000,8.857000,8.815000,3416502000.000000,-18295461000.000000,30141886000.000000,4305983714.000000,3870358000.000000,-0.114000,-0.277000,0.924000,-0.226000,,28470961000.000000,0.250000,4649429000.000000,4627278000.000000,4627278000.000000,3.722000,74063044000.000000,0.000000,0.000000,0.000000,64.023000
ART,2019-12-31,2020-04-24,2019-12-31,2019-Q4,27233657000.000000,57625480516.000000,2025-04-28,1448230000.000000,76057336000.000000,61194503250.000000,73001463000.000000,3055873000.000000,0.493000,21.306000,-26961000.000000,33345857000.000000,4696599577.000000,6338778000.000000,-6967603000.000000,1.595000,2.086000,6649757000.000000,1014482000.000000,5635275000.000000,936585493.000000,0.000000,711037000.000000,8446882000.000000,0.000000,0.000000,-6821745000.000000,-6110708000.000000,-0.203000,-860663099.000000,-960809155.000000,-6967603000.000000,-6.040000,-6.040000,-0.851000,24646866000.000000,25184789000.000000,3471389577.000000,53865466432.000000,-56.000000,-62.586000,14794015000.000000,12.789000,7.100000,23803108000.000000,0.790000,1994292000.000000,145858000.000000,1599138000.000000,-7382014500.000000,0.000000,35288827000.000000,35288827000.000000,0.000000,51410470000.000000,45767806000.000000,5642664000.000000,2806171000.000000,0.000000,8194597000.000000,7860903000.000000,0.000000,15854731000.000000,-28319678000.000000,-28292717000.000000,14820976000.000000,450142000.000000,-6967603000.000000,-6967603000.000000,-981352535.000000,0.000000,0.000000,-0.231000,32341319000.000000,-8538211000.000000,29926488000.000000,0.000000,16.600000,-58.720000,-58.269000,558461000.000000,0.000000,49.570000,13.574000,13.507000,3416502000.000000,-18295461000.000000,30141886000.000000,4245336056.000000,3870358000.000000,-0.114000,-0.277000,0.924000,-0.226000,2557706000.000000,28470961000.000000,0.250000,4650028688.000000,4627278394.000000,4627278394.000000,3.670000,74063044000.000000,0.000000,0.000000,0.000000,64.023000
ART,2020-03-31,2020-05-26,2020-03-31,2020-Q1,24457332000.000000,75436441920.000000,2025-04-28,1820761000.000000,76176887000.000000,67792783750.000000,73090114000.000000,3086773000.000000,0.474000,18.674000,-26961000.000000,32499125000.000000,4577341549.000000,7295711000.000000,-9209224000.000000,1.503000,2.509000,8060436000.000000,2232822000.000000,5827614000.000000,1135272676.000000,619769000.000000,,8639172000.000000,0.000000,0.000000,-8912732000.000000,,,,-1255314366.000000,-9209224000.000000,-7.960000,-7.960000,-1.121000,21709441000.000000,24354867000.000000,3057667746.000000,71994373047.000000,-57.000000,,15770196000.000000,13.565000,7.100000,24842030000.000000,0.773000,1866532000.000000,296492000.000000,1238884000.000000,-3531714750.000000,0.000000,37048472000.000000,37048472000.000000,0.000000,54467446000.000000,48632782000.000000,5834664000.000000,-4720114000.000000,,,,,9066375000.000000,-30361343000.000000,,15797157000.000000,777697000.000000,-9209224000.000000,-9209224000.000000,-1297073803.000000,0.000000,0.000000,-0.287000,35656953000.000000,-10814923000.000000,28713943000.000000,0.000000,24.671000,-58.159000,-57.879000,528247000.000000,0.000000,64.890000,16.666000,16.666000,2627914000.000000,-22414790000.000000,32137741000.000000,4526442394.000000,4676427000.000000,-0.136000,-0.378000,2.524000,-0.277000,,30980526000.000000,0.250000,4650112000.000000,4650112000.000000,4650112000.000000,3.894000,74310355000.000000,0.000000,0.000000,0.000000,63.921000
ART,2020-06-30,2020-08-24,2020-06-30,2020-Q2,30196211000.000000,99402041970.000000,2025-04-28,1794728000.000000,90900666000.000000,76927737750.000000,85581966000.000000,5318700000.000000,0.482000,24.675000,-26961000.000000,36677890000.000000,5292624820.000000,8363117000.000000,-9105323000.000000,1.545000,2.082000,8881739000.000000,2898759000.000000,5982980000.000000,1281636219.000000,750548000.000000,,9923180000.000000,0.000000,0.000000,-8645913000.000000,,,,-1247606494.000000,-9105323000.000000,-7.840000,-7.840000,-1.131000,29493860000.000000,25451610750.000000,4255968254.000000,95391053370.000000,-76.000000,,17117550000.000000,14.321000,6.930000,28677931000.000000,0.774000,1706291000.000000,459410000.000000,6012469000.000000,2284212750.000000,0.000000,44801078000.000000,44801078000.000000,0.000000,61406806000.000000,55385755000.000000,6021051000.000000,-3986276000.000000,,,,,17485116000.000000,-38917738000.000000,,17144511000.000000,301835000.000000,-9105323000.000000,-9105323000.000000,-1313899423.000000,0.000000,0.000000,-0.246000,39642023000.000000,-10964092000.000000,33978503000.000000,0.000000,23.356000,-75.654000,-73.508000,562451000.000000,0.000000,83.160000,18.597000,18.597000,2857547000.000000,-23314139000.000000,37041048000.000000,5345028571.000000,5535119000.000000,-0.118000,-0.358000,-3.785000,-0.233000,,34106904000.000000,0.250000,4781243000.000000,4781243000.000000,4781243000.000000,4.472000,89194375000.000000,0.000000,0.000000,0.000000,74.620000
ART,2020-09-30,2020-11-13,2020-09-30,2020-Q3,25095021000.000000,179255275695.000000,2025-04-28,533303000.000000,99410926000.000000,85636453750.000000,90170569000.000000,9240357000.000000,0.511000,23.738000,-26961000.000000,44528760000.000000,6736574887.000000,9789954000.000000,-7555023000.000000,1.386000,2.500000,8851017000.000000,2955341000.000000,5895676000.000000,1339034342.000000,1042093000.000000,,10574559000.000000,0.000000,0.000000,-6936125000.000000,,,,-1049338124.000000,-7555023000.000000,-6.480000,-6.480000,-0.980000,28403662000.000000,26063457250.000000,4297074433.000000,173857735150.000000,-166.000000,,22821110000.000000,19.072000,6.610000,33946928000.000000,0.776000,1486959000.000000,618898000.000000,-2829324000.000000,1505291750.000000,0.000000,39859089000.000000,39859089000.000000,0.000000,71007264000.000000,65075548000.000000,5931716000.000000,10162683000.000000,,,,,10518112000.000000,-23196936000.000000,,22848071000.000000,-6564000.000000,-7555023000.000000,-7555023000.000000,-1142968684.000000,0.000000,0.000000,-0.173000,43414785000.000000,-9467857000.000000,40299835000.000000,0.000000,41.716000,-156.833000,-154.325000,580585000.000000,0.000000,151.290000,27.091000,27.359000,3980135000.000000,-24098847000.000000,43736882000.000000,6616774887.000000,6212767000.000000,-0.088000,-0.290000,-4.608000,-0.159000,,37202018000.000000,0.250000,4739382000.000000,4786276000.000000,4786276000.000000,5.530000,97923967000.000000,0.000000,0.000000,0.000000,81.837000
ART,2020-09-30,2020-11-16,2020-09-30,2020-Q3,25095021000.000000,168283606365.000000,2025-04-28,533303000.000000,99410926000.000000,85636453750.000000,90170569000.000000,9240357000.000000,0.511000,23.735000,-44969000.000000,44528760000.000000,6736574887.000000,9789954000.000000,-7555023000.000000,1.386000,2.500000,8851017000.000000,2955341000.000000,5895676000.000000,1339034342.000000,1042093000.000000,,10574559000.000000,0.000000,0.000000,-6936125000.000000,,,,-1049338124.000000,-7555023000.000000,-6.480000,-6.480000,-0.980000,28403662000.000000,26063457250.000000,4297074433.000000,162886065820.000000,-155.000000,,22803102000.000000,19.055000,6.610000,33946928000.000000,0.776000,1486959000.000000,618898000.000000,-2829324000.000000,1505291750.000000,0.000000,39859089000.000000,39859089000.000000,0.000000,71007264000.000000,65075548000.000000,5931716000.000000,10162683000.000000,,,,,10518112000.000000,-23196936000.000000,,22848071000.000000,-6564000.000000,-7555023000.000000,-7555023000.000000,-1142968684.000000,0.000000,0.000000,-0.173000,43414785000.000000,-9467857000.000000,40299835000.000000,0.000000,39.162000,-147.234000,-144.879000,580585000.000000,0.000000,142.030000,25.433000,25.687000,3980135000.000000,-24098847000.000000,43736882000.000000,6616774887.000000,6212767000.000000,-0.088000,-0.290000,-4.608000,-0.159000,,37202018000.000000,0.250000,4739382000.000000,4786792000.000000,4786792000.000000,5.529000,97923967000.000000,0.000000,0.000000,0.000000,81.828000
ART,2020-12-31,2021-03-18,2020-12-31,2020-Q4,65641801000.000000,172119736635.000000,2025-04-28,-1047728000.000000,158908614000.000000,106349273250.000000,149523878000.000000,9384736000.000000,0.559000,50.479000,0.000000,74843636000.000000,11461506279.000000,19278641000.000000,-7179742000.000000,1.783000,1.641000,16967083000.000000,2119352000.000000,14847731000.000000,2598328178.000000,2423190000.000000,,10926319000.000000,0.000000,0.000000,-6422406000.000000,,,,-983523124.000000,-7179742000.000000,-6.040000,-6.040000,-0.925000,60175888000.000000,34945712750.000000,9215296784.000000,163256558534.000000,-166.000000,,28196627000.000000,23.653000,6.530000,40213224000.000000,0.676000,1276751000.000000,757336000.000000,15873233000.000000,5073815500.000000,0.000000,64551094000.000000,64551094000.000000,0.000000,98732726000.000000,83882077000.000000,14850649000.000000,41497779000.000000,,,,,51798996000.000000,-38357901000.000000,,28196627000.000000,-139943000.000000,-7179742000.000000,-7179742000.000000,-1099501072.000000,0.000000,0.000000,-0.121000,49593549000.000000,-9380325000.000000,53833981000.000000,0.000000,18.678000,-156.543000,-153.325000,832680000.000000,0.000000,141.820000,18.892000,18.557000,4969617000.000000,-25475203000.000000,59491865000.000000,9110545942.000000,6891653000.000000,-0.068000,-0.205000,-1.266000,-0.108000,,42701896000.000000,0.250000,4854597000.000000,4768343000.000000,4768343000.000000,7.643000,157631863000.000000,0.000000,0.000000,0.000000,132.232000
ART,2020-12-31,2021-04-30,2020-12-31,2020-Q4,65641801000.000000,165899424754.000000,2025-04-28,-1047728000.000000,158908614000.000000,106349273250.000000,149523878000.000000,9384736000.000000,0.559000,50.479000,-42995000.000000,74843636000.000000,11514405538.000000,19278641000.000000,-7179742000.000000,1.783000,1.641000,16967083000.000000,2119352000.000000,14847731000.000000,2610320462.000000,0.000000,800468000.000000,13349509000.000000,0.000000,0.000000,-6422406000.000000,-5621938000.000000,-0.094000,-864913538.000000,-988062462.000000,-7179742000.000000,-6.040000,-6.040000,-0.929000,60175888000.000000,34945712750.000000,9257828923.000000,156995339677.000000,-159.000000,-181.516000,28153632000.000000,23.617000,6.500000,40213224000.000000,0.676000,1276751000.000000,757336000.000000,15873233000.000000,5073815500.000000,0.000000,64551094000.000000,64551094000.000000,0.000000,98732726000.000000,83882077000.000000,14850649000.000000,41497779000.000000,-238000000.000000,37868777000.000000,13930225000.000000,0.000000,51798996000.000000,-38357901000.000000,-38076906000.000000,28196627000.000000,-139943000.000000,-7179742000.000000,-7179742000.000000,-1104575692.000000,0.000000,0.000000,-0.121000,49593549000.000000,-9380325000.000000,53833981000.000000,0.000000,17.920000,-150.193000,-144.130000,832680000.000000,0.000000,133.930000,18.126000,17.444000,4969617000.000000,-25475203000.000000,59491865000.000000,9152594615.000000,6891653000.000000,-0.068000,-0.205000,-1.266000,-0.108000,3613043000.000000,42701896000.000000,0.250000,4954809968.000000,4768343300.000000,4768343300.000000,7.678000,157631863000.000000,0.000000,0.000000,0.000000,132.232000
ART,2021-03-31,2021-06-01,2021-03-31,2021-Q1,60498469000.000000,173601267550.000000,2025-04-28,-531699000.000000,153419852000.000000,125660014500.000000,139636736000.000000,13783116000.000000,0.598000,50.052000,-42995000.000000,64310718000.000000,10048549688.000000,28194444000.000000,-5965829000.000000,1.764000,1.460000,12827737000.000000,906935000.000000,11920802000.000000,2004333906.000000,1786246000.000000,,11589459000.000000,0.000000,0.000000,-5023671000.000000,,,,-784948594.000000,-5965829000.000000,-4.880000,-4.880000,-0.762000,62358316000.000000,45107931500.000000,9743486875.000000,165557051769.000000,-211.000000,,24996155000.000000,20.063000,6.400000,46923461000.000000,0.625000,1169499000.000000,942158000.000000,21629105000.000000,10171370750.000000,0.000000,66342813000.000000,66342813000.000000,0.000000,91061536000.000000,79138267000.000000,11923269000.000000,31811593000.000000,,,,,49354650000.000000,-42394756000.000000,,25039150000.000000,-187451000.000000,-5965829000.000000,-5965829000.000000,-932160781.000000,0.000000,0.000000,-0.079000,56053509000.000000,-9130048000.000000,49360986000.000000,0.000000,17.817000,-186.235000,-182.741000,879618000.000000,0.000000,139.340000,14.791000,14.791000,4830382000.000000,-28380619000.000000,75117905000.000000,11737172656.000000,7637246000.000000,-0.047000,-0.132000,-0.494000,-0.067000,,48416263000.000000,0.250000,4983530000.000000,4983530000.000000,4983530000.000000,9.421000,152250353000.000000,0.000000,0.000000,0.000000,122.203000
ART,2021-06-30,2021-08-25,2021-06-30,2021-Q2,67499956000.000000,122636251620.000000,2025-04-28,-1666114000.000000,156739756000.000000,142119787000.000000,147573939000.000000,9165817000.000000,0.605000,51.776000,-42995000.000000,67368845000.000000,10396426698.000000,33430215000.000000,-2651900000.000000,1.843000,1.415000,12068548000.000000,302639000.000000,11765909000.000000,1862430247.000000,973989000.000000,,12636683000.000000,0.000000,0.000000,-1578661000.000000,,,,-243620525.000000,-2651900000.000000,-2.200000,-2.440000,-0.340000,64897907000.000000,53958943250.000000,10015109105.000000,114102255169.000000,-468.000000,,26872034000.000000,21.439000,6.480000,52540595000.000000,0.611000,1004580000.000000,1073239000.000000,20360896000.000000,13758477500.000000,0.000000,73026502000.000000,73026502000.000000,0.000000,91841849000.000000,80073983000.000000,11767866000.000000,30690955000.000000,,,,,40299290000.000000,-36182994000.000000,,26915029000.000000,-340370000.000000,-2651900000.000000,-2651900000.000000,-409243827.000000,0.000000,0.000000,-0.031000,58033582000.000000,-5492987000.000000,50754254000.000000,0.000000,12.245000,-299.665000,-288.183000,937084000.000000,0.000000,97.840000,9.244000,9.244000,4331194000.000000,-25966039000.000000,85970810000.000000,13267100309.000000,8303721000.000000,-0.019000,-0.049000,-0.115000,-0.018000,,49729861000.000000,0.250000,5013747000.000000,5013747000.000000,5719402000.000000,10.585000,155735176000.000000,0.000000,0.000000,0.000000,124.247000
ART,2021-09-30,2021-12-03,2021-09-30,2021-Q3,70796411000.000000,68338042040.000000,2025-04-28,-1414093000.000000,166528759000.000000,158899245250.000000,157093286000.000000,9435473000.000000,0.587000,54.257000,-24987000.000000,62362962000.000000,9744212812.000000,36728708000.000000,-227232000.000000,1.820000,1.445000,12461134000.000000,338709000.000000,12122425000.000000,1947052188.000000,1144073000.000000,,12966330000.000000,0.000000,0.000000,1833566000.000000,,,,286494688.000000,627534000.000000,-0.240000,-0.640000,-0.037000,68107970000.000000,63885020250.000000,10641870312.000000,60540881415.000000,211.000000,,27304818000.000000,21.752000,6.400000,56538078000.000000,0.606000,860610000.000000,1206032000.000000,29469446000.000000,21833170000.000000,0.000000,86785027000.000000,86785027000.000000,0.000000,98420789000.000000,86296875000.000000,12123914000.000000,17834202000.000000,,,,,40299436000.000000,-49492697000.000000,,27329805000.000000,-302342000.000000,-227232000.000000,-227232000.000000,-35505000.000000,0.000000,0.000000,-0.002000,58596055000.000000,-2057977000.000000,53201246000.000000,0.000000,6.422000,-1924.744000,-1451.733000,2967168000.000000,0.000000,54.440000,4.689000,4.689000,4564376000.000000,-24326079000.000000,93266786000.000000,14572935312.000000,8921256000.000000,-0.001000,-0.004000,0.084000,0.020000,,49674799000.000000,0.250000,5021164000.000000,5021164000.000000,5703986000.000000,11.609000,165668149000.000000,14224000.000000,854766000.000000,0.000000,131.976000
ART,2021-12-31,2022-03-22,2021-12-31,2021-Q4,67179454000.000000,59787309698.000000,2025-04-28,-2519900000.000000,181209718000.000000,164474521250.000000,160909168000.000000,20300550000.000000,0.571000,59.940000,0.000000,66043971000.000000,10483170000.000000,31718093000.000000,7768670000.000000,1.717000,1.412000,12760334000.000000,427164000.000000,12333170000.000000,2025449841.000000,1166764000.000000,,13577552000.000000,0.000000,0.000000,10933257000.000000,,,,1735437619.000000,9702255000.000000,6.200000,5.440000,0.984000,75114547000.000000,67619685000.000000,11922943968.000000,51329589539.000000,30.000000,,28783011000.000000,22.968000,6.300000,62231846000.000000,0.662000,701220000.000000,1231002000.000000,33495147000.000000,26238648500.000000,0.000000,86516618000.000000,86516618000.000000,0.000000,106095171000.000000,93729714000.000000,12365457000.000000,-8799665000.000000,,,,,-1875154000.000000,-35562365000.000000,,28783011000.000000,-145157000.000000,7768670000.000000,7768670000.000000,1233122222.000000,0.000000,0.000000,0.083000,55335084000.000000,6896762000.000000,62509714000.000000,0.000000,5.014000,48.484000,48.297000,3141860000.000000,0.000000,47.530000,4.009000,3.994000,4923892000.000000,-17706533000.000000,93949939000.000000,14912688730.000000,8992590000.000000,0.047000,0.115000,0.417000,0.116000,,46342494000.000000,0.250000,5031543000.000000,5012651000.000000,5713764000.000000,11.900000,180508498000.000000,31504000.000000,1933585000.000000,31291000.000000,144.042000
ART,2021-12-31,2022-04-25,2021-12-31,2021-Q4,67179454000.000000,45012129816.000000,2025-04-28,-2519900000.000000,181209718000.000000,164474521250.000000,160909168000.000000,20300550000.000000,0.571000,59.940000,-3286838000.000000,66043971000.000000,10319370469.000000,31718093000.000000,7768670000.000000,1.717000,1.412000,12760334000.000000,427164000.000000,12333170000.000000,1993802188.000000,0.000000,1844243000.000000,14744316000.000000,0.000000,0.000000,10933257000.000000,12777500000.000000,0.136000,1996484375.000000,1708321406.000000,9702255000.000000,6.200000,5.440000,0.969000,75114547000.000000,67619685000.000000,11736647969.000000,36686561535.000000,21.000000,18.376000,25496173000.000000,20.345000,6.400000,62231846000.000000,0.662000,701220000.000000,1231002000.000000,33495147000.000000,26238648500.000000,0.000000,86516618000.000000,86516618000.000000,0.000000,106095171000.000000,93729714000.000000,12365457000.000000,-8799665000.000000,0.000000,0.000000,-1875472000.000000,0.000000,-1875154000.000000,-35562365000.000000,-32720564000.000000,28783011000.000000,-145157000.000000,7768670000.000000,7768670000.000000,1213854688.000000,0.000000,0.000000,0.083000,55335084000.000000,6896762000.000000,62509714000.000000,0.000000,3.835000,37.082000,36.748000,3141860000.000000,0.000000,35.600000,3.066000,3.039000,4923892000.000000,-17706533000.000000,93949939000.000000,14679677969.000000,8992590000.000000,0.047000,0.115000,0.417000,0.116000,4774730000.000000,46342494000.000000,0.250000,5057542676.000000,5012651334.000000,5713764297.000000,11.714000,180508498000.000000,31504000.000000,1933585000.000000,31291000.000000,144.042000
ART,2022-03-31,2022-05-31,2022-03-31,2022-Q1,68642564000.000000,63399876638.000000,2025-04-28,-2651317000.000000,168718621000.000000,168299213500.000000,146164961000.000000,22553660000.000000,0.568000,60.875000,-3286838000.000000,52133992000.000000,7792823916.000000,28131638000.000000,13273537000.000000,1.885000,1.201000,14928998000.000000,418356000.000000,14510642000.000000,2231539312.000000,1060656000.000000,,13955037000.000000,0.000000,0.000000,16680122000.000000,,,,2493291779.000000,15771936000.000000,10.600000,9.320000,1.584000,76652977000.000000,71193350250.000000,11457844096.000000,57838592034.000000,23.000000,,20152624000.000000,16.005000,6.690000,67444891000.000000,0.706000,556760000.000000,908186000.000000,53434470000.000000,34189989750.000000,0.000000,87815868000.000000,87815868000.000000,0.000000,92065644000.000000,77522397000.000000,14543247000.000000,-12176726000.000000,,,,,-636237000.000000,-34793407000.000000,,23439462000.000000,-186544000.000000,13273537000.000000,13273537000.000000,1984086248.000000,0.000000,0.000000,0.139000,54246767000.000000,13198124000.000000,47166443000.000000,0.000000,5.533000,31.954000,31.777000,2578572000.000000,0.000000,50.350000,4.438000,4.438000,4187876000.000000,-13740576000.000000,95576529000.000000,14286476682.000000,9442354000.000000,0.079000,0.186000,0.488000,0.175000,,44804413000.000000,0.250000,5036733000.000000,5036733000.000000,5688094000.000000,11.346000,168161861000.000000,23143000.000000,2498399000.000000,32069000.000000,133.548000
ART,2022-06-30,2022-08-30,2022-06-30,2022-Q2,89731887000.000000,83830182625.000000,2025-04-28,864028000.000000,191999405000.000000,177114125750.000000,175446301000.000000,16553104000.000000,0.587000,72.116000,-3286838000.000000,62864021000.000000,9285675185.000000,28195618000.000000,19755297000.000000,2.047000,1.112000,15814672000.000000,477639000.000000,15337033000.000000,2335992910.000000,1242716000.000000,,14772915000.000000,0.000000,0.000000,24439094000.000000,,,,3609910487.000000,23811759000.000000,15.720000,13.880000,2.322000,90909209000.000000,77696175750.000000,13428243575.000000,76880500350.000000,21.000000,,32155280000.000000,25.508000,6.770000,75774259000.000000,0.729000,435841000.000000,627335000.000000,58799801000.000000,43799716000.000000,0.000000,106322578000.000000,106322578000.000000,0.000000,101090196000.000000,85714414000.000000,15375782000.000000,-4504824000.000000,,,,,650000.000000,-39902622000.000000,,35442118000.000000,-44970000.000000,19755297000.000000,19755297000.000000,2918064549.000000,0.000000,0.000000,0.190000,55876447000.000000,19897812000.000000,52897387000.000000,0.000000,6.243000,28.728000,28.639000,2333166000.000000,0.000000,66.500000,5.459000,5.459000,4727886000.000000,-4844236000.000000,103969877000.000000,15357441211.000000,9724889000.000000,0.112000,0.254000,0.558000,0.235000,,46151558000.000000,0.250000,5042417000.000000,5042417000.000000,5716947000.000000,12.183000,191563564000.000000,24148000.000000,4056462000.000000,38669000.000000,151.962000
ART,2022-09-30,2022-11-28,2022-09-30,2022-Q3,108138090000.000000,93511376700.000000,2025-04-28,4630973000.000000,209107984000.000000,187758932000.000000,193570296000.000000,15537688000.000000,0.628000,84.834000,-3286838000.000000,74409935000.000000,10349086926.000000,29051102000.000000,28703911000.000000,2.266000,0.952000,17012698000.000000,512838000.000000,16499860000.000000,2366161057.000000,1391560000.000000,,15122695000.000000,0.000000,0.000000,33785334000.000000,,,,4698933797.000000,33442784000.000000,22.800000,20.080000,3.171000,107129871000.000000,87451651000.000000,14899842976.000000,85528450831.000000,18.000000,,35070535000.000000,27.772000,7.190000,88917321000.000000,0.754000,297856000.000000,342550000.000000,65980685000.000000,52927525750.000000,0.000000,112207949000.000000,112207949000.000000,0.000000,101978113000.000000,85432206000.000000,16545907000.000000,12046973000.000000,,,,,762000.000000,-26494259000.000000,,38357373000.000000,183097000.000000,28703911000.000000,28703911000.000000,3992199026.000000,0.000000,0.000000,0.243000,60722168000.000000,28195153000.000000,51562514000.000000,0.000000,6.276000,23.424000,23.352000,2383445000.000000,0.000000,74.050000,5.699000,5.699000,5156610000.000000,5744338000.000000,117968423000.000000,16407291099.000000,10000634000.000000,0.153000,0.328000,0.638000,0.286000,,50721534000.000000,0.250000,5051256000.000000,5051256000.000000,5776165000.000000,12.993000,208810128000.000000,27707000.000000,4738873000.000000,46047000.000000,165.353000
ART,2022-12-31,2023-03-22,2022-12-31,2022-Q4,99728396000.000000,96348212510.000000,2025-04-28,3322238000.000000,237119953000.000000,201736490750.000000,216617876000.000000,20502077000.000000,0.647000,93.145000,0.000000,92300417000.000000,13435286317.000000,31462298000.000000,31538062000.000000,1.853000,1.013000,16934324000.000000,14487787000.000000,2446537000.000000,2464967103.000000,1389655000.000000,,15058229000.000000,0.000000,0.000000,36315384000.000000,,,,5286082096.000000,36263729000.000000,24.960000,21.920000,3.633000,117770911000.000000,98115742000.000000,17142781805.000000,85377893296.000000,16.000000,,48507860000.000000,38.365000,6.870000,99095291000.000000,0.759000,134002000.000000,51655000.000000,44730378000.000000,55736333500.000000,0.000000,115112554000.000000,115112554000.000000,0.000000,119349042000.000000,116889480000.000000,2459562000.000000,26256446000.000000,,,,,10079000.000000,-22361670000.000000,,48507860000.000000,100177000.000000,31538062000.000000,31538062000.000000,4590693159.000000,0.000000,0.000000,0.242000,68693370000.000000,30401921000.000000,63316695000.000000,0.000000,5.620000,20.988000,20.803000,2460928000.000000,0.000000,75.580000,5.070000,5.029000,6906526000.000000,15193035000.000000,130557589000.000000,19004015866.000000,10384716000.000000,0.156000,0.321000,0.652000,0.278000,,58308654000.000000,0.250000,5099138000.000000,5057540000.000000,5761291000.000000,15.030000,236985951000.000000,1045030000.000000,4725667000.000000,13025000.000000,187.432000
ART,2022-12-31,2023-04-26,2022-12-31,2022-Q4,99728396000.000000,85971099500.000000,2025-04-28,3322238000.000000,237119953000.000000,201736490750.000000,216617876000.000000,20502077000.000000,0.647000,93.145000,-635676000.000000,92300417000.000000,13376872029.000000,31462298000.000000,31538062000.000000,1.853000,1.013000,16934324000.000000,14487787000.000000,2446537000.000000,2454249855.000000,0.000000,2735084000.000000,16447884000.000000,0.000000,0.000000,36315384000.000000,39050468000.000000,0.299000,5659488116.000000,5263099130.000000,36263729000.000000,24.960000,21.920000,3.617000,117770911000.000000,98115742000.000000,17068247971.000000,75048477326.000000,14.000000,13.261000,47872184000.000000,37.862000,6.900000,99095291000.000000,0.759000,134002000.000000,51655000.000000,44730378000.000000,55736333500.000000,0.000000,115112554000.000000,115112554000.000000,0.000000,119349042000.000000,116889480000.000000,2459562000.000000,26256446000.000000,0.000000,0.000000,0.000000,0.000000,10079000.000000,-22361670000.000000,-21725994000.000000,48507860000.000000,100177000.000000,31538062000.000000,31538062000.000000,4570733623.000000,0.000000,0.000000,0.242000,68693370000.000000,30401921000.000000,63316695000.000000,0.000000,5.037000,18.809000,18.010000,2460928000.000000,0.000000,65.150000,4.544000,4.354000,6906526000.000000,15193035000.000000,130557589000.000000,18921389710.000000,10384716000.000000,0.156000,0.321000,0.652000,0.278000,7718365000.000000,58308654000.000000,0.250000,5278348396.000000,5057540124.000000,5761291439.000000,14.965000,236985951000.000000,1045030000.000000,4725667000.000000,13025000.000000,187.432000
ART,2023-03-31,2023-05-30,2023-03-31,2023-Q1,104788307000.000000,89317588400.000000,2025-04-28,2426753000.000000,240066250000.000000,219573398000.000000,215810923000.000000,24255327000.000000,0.658000,95.792000,-635676000.000000,70670000000.000000,10168345324.000000,35427988000.000000,37039638000.000000,1.944000,0.898000,16974790000.000000,14441655000.000000,2533135000.000000,2442415827.000000,1543135000.000000,,15683470000.000000,0.000000,0.000000,42848968000.000000,,,,6165319137.000000,42798266000.000000,29.000000,25.640000,4.173000,126510117000.000000,110580027000.000000,18202894532.000000,81591658904.000000,13.000000,,58278302000.000000,44.127000,6.950000,108972962000.000000,0.755000,23403000.000000,50702000.000000,75325021000.000000,61208971250.000000,0.000000,137263553000.000000,137263553000.000000,0.000000,113556133000.000000,111022616000.000000,2533517000.000000,18536008000.000000,,,,,10089000.000000,-40129828000.000000,,58913978000.000000,-258231000.000000,37039638000.000000,37039638000.000000,5329444317.000000,0.000000,0.000000,0.257000,73796429000.000000,35176533000.000000,55878527000.000000,0.000000,4.907000,16.759000,16.208000,2588456000.000000,0.000000,67.630000,4.299000,4.299000,5589628000.000000,23294062000.000000,144400950000.000000,20777115108.000000,10222866000.000000,0.169000,0.335000,0.700000,0.297000,,63573563000.000000,0.250000,5282720000.000000,5282720000.000000,5850378000.000000,15.732000,240042847000.000000,1298602000.000000,5758628000.000000,382000.000000,181.757000
ART,2023-06-30,2023-08-29,2023-06-30,2023-Q2,115212076000.000000,126741772170.000000,2025-04-28,6254971000.000000,274285357000.000000,240144886000.000000,241206173000.000000,33079184000.000000,0.688000,106.902000,-635676000.000000,83434459000.000000,11572047018.000000,46155909000.000000,41251384000.000000,1.914000,0.887000,18269446000.000000,15386487000.000000,2882959000.000000,2533903745.000000,1639290000.000000,,16131012000.000000,0.000000,0.000000,48659882000.000000,,,,6748943412.000000,48610391000.000000,31.600000,28.400000,4.383000,145344079000.000000,124188744500.000000,20158679473.000000,117703628897.000000,17.000000,,62300412000.000000,45.823000,7.210000,119086221000.000000,0.721000,22651000.000000,49491000.000000,83103596000.000000,67284920000.000000,0.000000,148129260000.000000,148129260000.000000,0.000000,128941278000.000000,125994097000.000000,2947181000.000000,20570438000.000000,,,,,17054000.000000,-43056417000.000000,,62936088000.000000,673713000.000000,41251384000.000000,41251384000.000000,5721412483.000000,0.000000,0.000000,0.250000,79888100000.000000,39198121000.000000,60115463000.000000,0.000000,6.287000,22.152000,21.270000,3186338000.000000,0.000000,93.220000,5.530000,5.530000,6657191000.000000,36402148000.000000,165242130000.000000,22918464632.000000,10345464000.000000,0.172000,0.332000,0.723000,0.294000,,69542636000.000000,0.250000,5438394000.000000,5438394000.000000,5833348000.000000,16.857000,274262706000.000000,1544634000.000000,7359007000.000000,64222000.000000,201.723000
ART,2023-09-30,2023-11-28,2023-09-30,2023-Q3,123451550000.000000,189823334500.000000,2025-04-28,5952839000.000000,314251132000.000000,266430673000.000000,271575816000.000000,42675316000.000000,0.745000,118.663000,-635676000.000000,111353259000.000000,15639502669.000000,65572010000.000000,46199932000.000000,1.833000,0.939000,19753460000.000000,15732512000.000000,4020948000.000000,2774362360.000000,2043857000.000000,,16282948000.000000,0.000000,0.000000,55583295000.000000,,,,7806642556.000000,55535242000.000000,34.560000,31.640000,4.854000,162050015000.000000,137918780500.000000,22759833567.000000,176958194191.000000,23.000000,,83186446000.000000,60.914000,7.120000,133006187000.000000,0.670000,21900000.000000,48053000.000000,74505167000.000000,69416040500.000000,0.000000,147906904000.000000,147906904000.000000,0.000000,152201117000.000000,148124266000.000000,4076851000.000000,36943324000.000000,,,,,17181000.000000,-47520523000.000000,,83822122000.000000,624544000.000000,46199932000.000000,46199932000.000000,6488754494.000000,0.000000,0.000000,0.233000,87588658000.000000,45417529000.000000,68099716000.000000,0.000000,8.340000,29.254000,28.637000,4727936000.000000,0.000000,139.000000,6.806000,6.806000,8685759000.000000,51939270000.000000,198578197000.000000,27890196208.000000,10494621000.000000,0.173000,0.335000,0.801000,0.280000,,77094037000.000000,0.250000,5462542000.000000,5462542000.000000,5865102000.000000,20.423000,314229232000.000000,1631825000.000000,9335310000.000000,55903000.000000,230.097000
ART,2023-12-31,2024-03-21,2023-12-31,2023-Q4,141849571000.000000,167493243825.000000,2025-04-28,4723760000.000000,348078120000.000000,294170214750.000000,294750472000.000000,53327648000.000000,0.842000,138.285000,0.000000,121779905000.000000,16913875694.000000,91723577000.000000,60026544000.000000,1.928000,0.859000,10165901000.000000,2290118000.000000,7875783000.000000,1411930694.000000,2144610000.000000,,16878746000.000000,0.000000,0.000000,71920435000.000000,,,,9988949306.000000,71876448000.000000,44.320000,41.160000,6.156000,187241607000.000000,155286454500.000000,26005778750.000000,151991298825.000000,15.000000,,94162531000.000000,69.543000,7.200000,155915628000.000000,0.630000,21148000.000000,43987000.000000,83542067000.000000,79118962750.000000,0.000000,157415365000.000000,157415365000.000000,0.000000,160836513000.000000,152900901000.000000,7935612000.000000,29479488000.000000,,,,,-8960626000.000000,-55431278000.000000,,94162531000.000000,-291139000.000000,60026544000.000000,60026544000.000000,8337020000.000000,0.000000,0.000000,0.242000,97216866000.000000,58698762000.000000,74997252000.000000,0.000000,6.441000,20.090000,19.868000,5084486000.000000,0.000000,122.300000,4.870000,4.815000,11342187000.000000,75118597000.000000,247639205000.000000,34394334028.000000,10952374000.000000,0.204000,0.387000,0.909000,0.290000,,86264492000.000000,0.250000,5478111000.000000,5416106000.000000,5839630000.000000,25.402000,348056972000.000000,270738000.000000,11849904000.000000,59829000.000000,257.053000
ART,2023-12-31,2024-04-25,2023-12-31,2023-Q4,141849571000.000000,173071037877.000000,2025-04-28,4723760000.000000,348078120000.000000,294170214750.000000,294750472000.000000,53327648000.000000,0.842000,138.285000,-583429000.000000,121779905000.000000,16843693638.000000,91723577000.000000,60026544000.000000,1.928000,0.859000,10165901000.000000,2290118000.000000,7875783000.000000,1406072061.000000,2144610000.000000,1888205000.000000,16878746000.000000,0.000000,0.000000,71920435000.000000,73808640000.000000,0.298000,10208663900.000000,9947501383.000000,71876448000.000000,44.320000,41.160000,6.130000,187241607000.000000,155286454500.000000,25897870954.000000,157633416300.000000,16.000000,15.441000,93579102000.000000,69.112000,7.230000,155915628000.000000,0.630000,21148000.000000,43987000.000000,83542067000.000000,79118962750.000000,0.000000,157415365000.000000,157415365000.000000,0.000000,160836513000.000000,152900901000.000000,7935612000.000000,29479488000.000000,0.000000,0.000000,-8968817000.000000,0.000000,-8960626000.000000,-55431278000.000000,-54977638000.000000,94162531000.000000,-291139000.000000,60026544000.000000,60026544000.000000,8302426556.000000,0.000000,0.000000,0.242000,97216866000.000000,58698762000.000000,74997252000.000000,0.000000,6.683000,20.846000,20.520000,5084486000.000000,0.000000,125.790000,5.053000,4.973000,11342187000.000000,75118597000.000000,247639205000.000000,34251618949.000000,10952374000.000000,0.204000,0.387000,0.909000,0.290000,7078794000.000000,86264492000.000000,0.250000,5503491148.000000,5416106022.000000,5839629562.000000,25.296000,348056972000.000000,270738000.000000,11849904000.000000,59829000.000000,257.053000
ART,2024-03-31,2024-05-22,2024-03-31,2024-Q1,165071954000.000000,202604781345.000000,2025-04-28,5034235000.000000,377826127000.000000,328610184000.000000,316469963000.000000,61356164000.000000,0.903000,158.779000,-583429000.000000,114704917000.000000,15865133748.000000,113292978000.000000,79923343000.000000,2.090000,0.728000,9479671000.000000,1801443000.000000,7678228000.000000,1311157815.000000,2281087000.000000,,17248091000.000000,0.000000,0.000000,95275524000.000000,,,,13177804149.000000,95243224000.000000,58.400000,54.600000,8.077000,218705969000.000000,178335417500.000000,30249788243.000000,188050805411.000000,14.000000,,113308259000.000000,82.261000,7.230000,183521236000.000000,0.618000,21994000.000000,32300000.000000,121180878000.000000,90582927000.000000,0.000000,186539732000.000000,186539732000.000000,0.000000,159120158000.000000,151398009000.000000,7722149000.000000,44034917000.000000,,,,,-8960649000.000000,-61101152000.000000,,113891688000.000000,205030000.000000,79923343000.000000,79923343000.000000,11054404288.000000,0.000000,0.000000,0.269000,105777839000.000000,77743397000.000000,74493746000.000000,0.000000,6.698000,18.328000,18.210000,4834944000.000000,0.000000,147.090000,4.935000,4.935000,11742882000.000000,103116423000.000000,296814214000.000000,41053141632.000000,11355337000.000000,0.243000,0.448000,1.052000,0.321000,,94422502000.000000,0.250000,5509682000.000000,5509682000.000000,5907021000.000000,29.804000,377804133000.000000,44116000.000000,15319881000.000000,43921000.000000,274.284000
ART,2024-06-30,2024-08-26,2024-06-30,2024-Q2,188893148000.000000,138344900000.000000,2025-04-28,5799882000.000000,432744342000.000000,368224930250.000000,359726252000.000000,73018090000.000000,0.928000,183.583000,-583429000.000000,116116929000.000000,16285684292.000000,128301289000.000000,98824612000.000000,2.106000,0.704000,9765086000.000000,1866127000.000000,7898959000.000000,1369577279.000000,2413577000.000000,,17958628000.000000,0.000000,0.000000,116921027000.000000,,,,16398461010.000000,116900664000.000000,71.880000,67.200000,10.081000,253978218000.000000,205493952250.000000,35621068443.000000,123428792987.000000,8.000000,,133704918000.000000,96.646000,7.130000,213291708000.000000,0.624000,21056000.000000,20363000.000000,155538339000.000000,108691612750.000000,0.000000,228170850000.000000,228170850000.000000,0.000000,178766124000.000000,170833104000.000000,7933020000.000000,32682470000.000000,,,,,-8967154000.000000,-92203392000.000000,,134288347000.000000,-435331000.000000,98824612000.000000,98824612000.000000,13860394390.000000,0.000000,0.000000,0.289000,115702530000.000000,97589178000.000000,78707764000.000000,0.000000,3.884000,9.981000,9.919000,5101164000.000000,0.000000,100.000000,2.888000,2.888000,11480542000.000000,135125778000.000000,341592997000.000000,47909256241.000000,11530583000.000000,0.268000,0.481000,1.076000,0.342000,,104171947000.000000,0.250000,5533796000.000000,5533796000.000000,5925659000.000000,34.630000,432723286000.000000,76625000.000000,18076052000.000000,34061000.000000,312.786000
ART,2024-09-30,2024-11-21,2024-09-30,2024-Q3,206834365000.000000,144259189742.000000,2025-04-28,2867422000.000000,466793869000.000000,406360614500.000000,386831287000.000000,79962582000.000000,0.916000,200.955000,-583429000.000000,125688495000.000000,17529776151.000000,141180270000.000000,108268184000.000000,2.149000,0.676000,10236831000.000000,2015098000.000000,8221733000.000000,1427730962.000000,2951591000.000000,,16769864000.000000,0.000000,0.000000,127040531000.000000,,,,17718344630.000000,127032376000.000000,78.560000,73.520000,10.957000,278504920000.000000,234607678500.000000,38843085077.000000,128157144554.000000,7.000000,,128689374000.000000,92.856000,7.170000,230926757000.000000,0.621000,20088000.000000,8155000.000000,171325195000.000000,132896619750.000000,0.000000,243166321000.000000,243166321000.000000,0.000000,188288949000.000000,179996922000.000000,8292027000.000000,14335236000.000000,,,,,-8967407000.000000,-104281450000.000000,,129272803000.000000,-1688710000.000000,108268184000.000000,108268184000.000000,15100165132.000000,0.000000,0.000000,0.291000,125701142000.000000,105225615000.000000,82780215000.000000,0.000000,3.714000,9.553000,9.500000,5695694000.000000,0.000000,104.090000,2.780000,2.780000,13922664000.000000,160106472000.000000,372107027000.000000,51897772245.000000,11746613000.000000,0.266000,0.461000,0.956000,0.341000,,113954529000.000000,0.250000,5543633000.000000,5543633000.000000,5909793000.000000,37.447000,466773781000.000000,272699000.000000,18764192000.000000,70294000.000000,336.800000
ART,2024-12-31,2025-03-20,2024-12-31,2024-Q4,227225379000.000000,181873278480.000000,2025-04-28,7824545000.000000,505034316000.000000,445599663500.000000,415648232000.000000,89386084000.000000,0.884000,226.380000,0.000000,126194421000.000000,17382151653.000000,153900374000.000000,112434512000.000000,2.206000,0.612000,10607140000.000000,7415575000.000000,3191565000.000000,1461038567.000000,2947041000.000000,,16460600000.000000,0.000000,0.000000,132701293000.000000,,,,18278415014.000000,132701293000.000000,81.240000,76.000000,11.190000,313313124000.000000,266125557750.000000,43156077686.000000,165952165395.000000,9.000000,,121929292000.000000,88.098000,7.260000,239935723000.000000,0.609000,19170000.000000,0.000000,201005012000.000000,162262356000.000000,0.000000,273791856000.000000,273791856000.000000,0.000000,191721192000.000000,188422853000.000000,3298339000.000000,4414516000.000000,,,,,1164000.000000,-118356036000.000000,,121929292000.000000,840096000.000000,112434512000.000000,112434512000.000000,15486847383.000000,0.000000,0.000000,0.285000,131512861000.000000,108422862000.000000,91655947000.000000,0.000000,4.214000,11.744000,11.700000,5943678000.000000,0.000000,130.920000,3.353000,3.340000,11248489000.000000,187421411000.000000,393836097000.000000,54247396281.000000,12659361000.000000,0.252000,0.422000,0.818000,0.337000,,118853500000.000000,0.250000,5556776000.000000,5536049000.000000,5916592000.000000,39.196000,505015146000.000000,15998000.000000,20266781000.000000,106774000.000000,364.892000
ART,2024-12-31,2025-04-28,2024-12-31,2024-Q4,227225379000.000000,143516378768.000000,2025-04-28,7824545000.000000,505034316000.000000,445599663500.000000,415648232000.000000,89386084000.000000,0.884000,226.380000,-966597000.000000,126194421000.000000,17263258687.000000,153900374000.000000,112434512000.000000,2.206000,0.612000,10607140000.000000,7415575000.000000,3191565000.000000,1451045144.000000,2947041000.000000,2640887000.000000,16460600000.000000,0.000000,0.000000,132701293000.000000,135342180000.000000,0.344000,18514662107.000000,18153391655.000000,132701293000.000000,81.240000,76.000000,11.114000,313313124000.000000,266125557750.000000,42860892476.000000,127704165224.000000,7.000000,6.897000,120962695000.000000,87.400000,7.310000,239935723000.000000,0.609000,19170000.000000,0.000000,201005012000.000000,162262356000.000000,0.000000,273791856000.000000,273791856000.000000,0.000000,191721192000.000000,188422853000.000000,3298339000.000000,4414516000.000000,0.000000,0.000000,-91000.000000,0.000000,1164000.000000,-118356036000.000000,-117424591000.000000,121929292000.000000,840096000.000000,112434512000.000000,112434512000.000000,15380918194.000000,0.000000,0.000000,0.285000,131512861000.000000,108422862000.000000,91655947000.000000,0.000000,3.348000,9.331000,9.276000,5943678000.000000,0.000000,103.090000,2.664000,2.648000,11248489000.000000,187421411000.000000,393836097000.000000,53876347059.000000,12659361000.000000,0.252000,0.422000,0.818000,0.337000,9883564000.000000,118853500000.000000,0.250000,5568585848.000000,5536049000.000000,5916592000.000000,38.928000,505015146000.000000,15998000.000000,20266781000.000000,106774000.000000,364.892000
ARY,2017-12-31,2018-07-24,2017-12-31,2017-FY,1028321000.000000,,2025-04-28,0.000000,13314470000.000000,,13137828000.000000,176642000.000000,,2.731000,-8559000.000000,12429001000.000000,1827794265.000000,722830000.000000,-525115000.000000,1.085000,10.050000,0.000000,0.000000,0.000000,0.000000,0.000000,2265000.000000,1834538000.000000,,0.000000,-525115000.000000,-522850000.000000,-0.300000,-76889706.000000,-77222794.000000,-525115000.000000,-1.120000,-1.120000,-0.165000,1204963000.000000,,177200441.000000,,,,306920000.000000,0.696000,6.800000,1021246000.000000,0.586000,0.000000,0.000000,-11224038000.000000,,0.000000,217363000.000000,50000000.000000,167363000.000000,12109507000.000000,12109507000.000000,0.000000,1738309000.000000,-159790000.000000,-32677000.000000,0.000000,0.000000,1398860000.000000,71651000.000000,240000000.000000,315479000.000000,-47681000.000000,-525115000.000000,-498702000.000000,-73338529.000000,0.000000,0.000000,-0.286000,1606970000.000000,-585724000.000000,9914576000.000000,0.000000,,,,9279000.000000,-26413000.000000,,,,531085000.000000,,1744076000.000000,256481765.000000,129181000.000000,,,,-0.301000,13380000.000000,1477789000.000000,0.250000,4431145380.000000,1764799000.000000,1764799000.000000,0.581000,13314470000.000000,0.000000,0.000000,0.000000,30.178000
ARY,2018-12-31,2019-03-15,2018-12-31,2018-FY,16031514000.000000,27162921179.000000,2025-04-28,1035783000.000000,43182063000.000000,28248266500.000000,40390983000.000000,2791080000.000000,0.464000,25.365000,0.000000,30539686000.000000,4558162090.000000,2905249000.000000,-10217125000.000000,1.658000,1.294000,0.000000,0.000000,0.000000,0.000000,0.000000,,4379755000.000000,0.000000,0.000000,-10217125000.000000,,,,-1524944030.000000,-10217125000.000000,-13.880000,-13.880000,-2.072000,18822594000.000000,10013778500.000000,2809342388.000000,22604759090.000000,-15.000000,,7767927000.000000,10.468000,6.700000,10214741000.000000,0.779000,2579338000.000000,0.000000,-14296430000.000000,-12760234000.000000,0.000000,7630689000.000000,7630689000.000000,0.000000,24359469000.000000,24359469000.000000,0.000000,18110685000.000000,,,,,17344357000.000000,-7548509000.000000,,7767927000.000000,546910000.000000,-10217125000.000000,-10297621000.000000,-1536958358.000000,0.000000,0.000000,-0.785000,21014482000.000000,-10799741000.000000,17275934000.000000,0.000000,9.669000,-17.673000,-11.836000,29075000.000000,80496000.000000,24.520000,13.871000,9.292000,1266619000.000000,-11327858000.000000,13119990000.000000,1958207463.000000,1116057000.000000,-0.365000,-1.028000,0.801000,-0.779000,,19898425000.000000,0.250000,4431145380.000000,2968319549.000000,2968319549.000000,2.639000,40602725000.000000,0.000000,0.000000,0.000000,54.715000
ARY,2018-12-31,2019-04-24,2018-12-31,2018-FY,16031514000.000000,26667296798.000000,2025-04-28,0.000000,43182063000.000000,28248266500.000000,40390983000.000000,2791080000.000000,0.464000,25.365000,-27292000.000000,30539686000.000000,4558162090.000000,2905249000.000000,-10217125000.000000,1.658000,1.294000,0.000000,0.000000,0.000000,0.000000,0.000000,497003000.000000,4379755000.000000,0.000000,0.000000,-10217125000.000000,-9720122000.000000,-0.741000,-1450764478.000000,-1524944030.000000,-10217125000.000000,-13.880000,-13.880000,-2.072000,18822594000.000000,10013778500.000000,2809342388.000000,22109134708.000000,-14.000000,-15.240000,7740635000.000000,10.431000,6.700000,10214741000.000000,0.779000,2579338000.000000,0.000000,-14296430000.000000,-12760234000.000000,0.000000,7630689000.000000,7630689000.000000,0.000000,24359469000.000000,24359469000.000000,0.000000,18110685000.000000,124790000.000000,11523631000.000000,0.000000,0.000000,17344357000.000000,-7548509000.000000,-7646007000.000000,7767927000.000000,546910000.000000,-10217125000.000000,-10297621000.000000,-1536958358.000000,0.000000,0.000000,-0.785000,21014482000.000000,-10799741000.000000,17275934000.000000,0.000000,9.492000,-17.351000,-11.556000,29075000.000000,80496000.000000,23.940000,13.618000,9.072000,1266619000.000000,,13119990000.000000,1958207463.000000,1116057000.000000,-0.365000,-1.028000,0.801000,-0.779000,6841573000.000000,19898425000.000000,0.250000,4455688688.000000,2968319549.000000,2968319549.000000,2.639000,40602725000.000000,0.000000,0.000000,0.000000,54.715000
ARY,2019-12-31,2020-03-12,2019-12-31,2019-FY,27233657000.000000,38136941372.000000,2025-04-28,1448230000.000000,76057336000.000000,61194503250.000000,73001463000.000000,3055873000.000000,0.493000,21.306000,0.000000,33345857000.000000,4763693857.000000,6338778000.000000,-6967603000.000000,1.595000,2.086000,6649757000.000000,1014482000.000000,5635275000.000000,949965286.000000,605970000.000000,,7840912000.000000,0.000000,0.000000,-6821745000.000000,,,,-974535000.000000,-6967603000.000000,-6.040000,-6.040000,-0.863000,24646866000.000000,25184789000.000000,3520980857.000000,34323212801.000000,-35.000000,,14820976000.000000,12.812000,7.000000,23803108000.000000,0.790000,1994292000.000000,145858000.000000,1599138000.000000,-7382014500.000000,0.000000,35288827000.000000,35288827000.000000,0.000000,51410470000.000000,45767806000.000000,5642664000.000000,2806171000.000000,,,,,15854731000.000000,-28319678000.000000,,14820976000.000000,450142000.000000,-6967603000.000000,-6967603000.000000,-995371857.000000,0.000000,0.000000,-0.231000,32341319000.000000,-8538211000.000000,29926488000.000000,0.000000,10.831000,-38.314000,-38.025000,558461000.000000,0.000000,32.810000,8.857000,8.815000,3416502000.000000,-18295461000.000000,30141886000.000000,4305983714.000000,3870358000.000000,-0.114000,-0.277000,0.924000,-0.226000,,28470961000.000000,0.250000,4649429000.000000,4627278000.000000,4627278000.000000,3.722000,74063044000.000000,0.000000,0.000000,0.000000,64.023000
ARY,2019-12-31,2020-04-24,2019-12-31,2019-FY,27233657000.000000,57625480516.000000,2025-04-28,1448230000.000000,76057336000.000000,61194503250.000000,73001463000.000000,3055873000.000000,0.493000,21.306000,-26961000.000000,33345857000.000000,4696599577.000000,6338778000.000000,-6967603000.000000,1.595000,2.086000,6649757000.000000,1014482000.000000,5635275000.000000,936585493.000000,0.000000,711037000.000000,8446882000.000000,0.000000,0.000000,-6821745000.000000,-6110708000.000000,-0.203000,-860663099.000000,-960809155.000000,-6967603000.000000,-6.040000,-6.040000,-0.851000,24646866000.000000,25184789000.000000,3471389577.000000,53865466432.000000,-56.000000,-62.586000,14794015000.000000,12.789000,7.100000,23803108000.000000,0.790000,1994292000.000000,145858000.000000,1599138000.000000,-7382014500.000000,0.000000,35288827000.000000,35288827000.000000,0.000000,51410470000.000000,45767806000.000000,5642664000.000000,2806171000.000000,0.000000,8194597000.000000,7860903000.000000,0.000000,15854731000.000000,-28319678000.000000,-28292717000.000000,14820976000.000000,450142000.000000,-6967603000.000000,-6967603000.000000,-981352535.000000,0.000000,0.000000,-0.231000,32341319000.000000,-8538211000.000000,29926488000.000000,0.000000,16.600000,-58.720000,-58.269000,558461000.000000,0.000000,49.570000,13.574000,13.507000,3416502000.000000,-18295461000.000000,30141886000.000000,4245336056.000000,3870358000.000000,-0.114000,-0.277000,0.924000,-0.226000,2557706000.000000,28470961000.000000,0.250000,4650028688.000000,4627278394.000000,4627278394.000000,3.670000,74063044000.000000,0.000000,0.000000,0.000000,64.023000
ARY,2020-12-31,2021-03-18,2020-12-31,2020-FY,65641801000.000000,172119736635.000000,2025-04-28,-1047728000.000000,158908614000.000000,106349273250.000000,149523878000.000000,9384736000.000000,0.559000,50.479000,0.000000,74843636000.000000,11461506279.000000,19278641000.000000,-7179742000.000000,1.783000,1.641000,16967083000.000000,2119352000.000000,14847731000.000000,2598328178.000000,2423190000.000000,,10926319000.000000,0.000000,0.000000,-6422406000.000000,,,,-983523124.000000,-7179742000.000000,-6.040000,-6.040000,-0.925000,60175888000.000000,34945712750.000000,9215296784.000000,163256558534.000000,-166.000000,,28196627000.000000,23.653000,6.530000,40213224000.000000,0.676000,1276751000.000000,757336000.000000,15873233000.000000,5073815500.000000,0.000000,64551094000.000000,64551094000.000000,0.000000,98732726000.000000,83882077000.000000,14850649000.000000,41497779000.000000,,,,,51798996000.000000,-38357901000.000000,,28196627000.000000,-139943000.000000,-7179742000.000000,-7179742000.000000,-1099501072.000000,0.000000,0.000000,-0.121000,49593549000.000000,-9380325000.000000,53833981000.000000,0.000000,18.678000,-156.543000,-153.325000,832680000.000000,0.000000,141.820000,18.892000,18.557000,4969617000.000000,-25475203000.000000,59491865000.000000,9110545942.000000,6891653000.000000,-0.068000,-0.205000,-1.266000,-0.108000,,42701896000.000000,0.250000,4854597000.000000,4768343000.000000,4768343000.000000,7.643000,157631863000.000000,0.000000,0.000000,0.000000,132.232000
ARY,2020-12-31,2021-04-30,2020-12-31,2020-FY,65641801000.000000,165899424754.000000,2025-04-28,-1047728000.000000,158908614000.000000,106349273250.000000,149523878000.000000,9384736000.000000,0.559000,50.479000,-42995000.000000,74843636000.000000,11514405538.000000,19278641000.000000,-7179742000.000000,1.783000,1.641000,16967083000.000000,2119352000.000000,14847731000.000000,2610320462.000000,0.000000,800468000.000000,13349509000.000000,0.000000,0.000000,-6422406000.000000,-5621938000.000000,-0.094000,-864913538.000000,-988062462.000000,-7179742000.000000,-6.040000,-6.040000,-0.929000,60175888000.000000,34945712750.000000,9257828923.000000,156995339677.000000,-159.000000,-181.516000,28153632000.000000,23.617000,6.500000,40213224000.000000,0.676000,1276751000.000000,757336000.000000,15873233000.000000,5073815500.000000,0.000000,64551094000.000000,64551094000.000000,0.000000,98732726000.000000,83882077000.000000,14850649000.000000,41497779000.000000,-238000000.000000,37868777000.000000,13930225000.000000,0.000000,51798996000.000000,-38357901000.000000,-38076906000.000000,28196627000.000000,-139943000.000000,-7179742000.000000,-7179742000.000000,-1104575692.000000,0.000000,0.000000,-0.121000,49593549000.000000,-9380325000.000000,53833981000.000000,0.000000,17.920000,-150.193000,-144.130000,832680000.000000,0.000000,133.930000,18.126000,17.444000,4969617000.000000,-25475203000.000000,59491865000.000000,9152594615.000000,6891653000.000000,-0.068000,-0.205000,-1.266000,-0.108000,3613043000.000000,42701896000.000000,0.250000,4954809968.000000,4768343300.000000,4768343300.000000,7.678000,157631863000.000000,0.000000,0.000000,0.000000,132.232000
ARY,2021-12-31,2022-03-22,2021-12-31,2021-FY,67179454000.000000,59787309698.000000,2025-04-28,-2519900000.000000,181209718000.000000,164474521250.000000,160909168000.000000,20300550000.000000,0.571000,59.940000,0.000000,66043971000.000000,10483170000.000000,31718093000.000000,7768670000.000000,1.717000,1.412000,12760334000.000000,427164000.000000,12333170000.000000,2025449841.000000,1166764000.000000,,13577552000.000000,0.000000,0.000000,10933257000.000000,,,,1735437619.000000,9702255000.000000,6.200000,5.440000,0.984000,75114547000.000000,67619685000.000000,11922943968.000000,51329589539.000000,30.000000,,28783011000.000000,22.968000,6.300000,62231846000.000000,0.662000,701220000.000000,1231002000.000000,33495147000.000000,26238648500.000000,0.000000,86516618000.000000,86516618000.000000,0.000000,106095171000.000000,93729714000.000000,12365457000.000000,-8799665000.000000,,,,,-1875154000.000000,-35562365000.000000,,28783011000.000000,-145157000.000000,7768670000.000000,7768670000.000000,1233122222.000000,0.000000,0.000000,0.083000,55335084000.000000,6896762000.000000,62509714000.000000,0.000000,5.014000,48.484000,48.297000,3141860000.000000,0.000000,47.530000,4.009000,3.994000,4923892000.000000,-17706533000.000000,93949939000.000000,14912688730.000000,8992590000.000000,0.047000,0.115000,0.417000,0.116000,,46342494000.000000,0.250000,5031543000.000000,5012651000.000000,5713764000.000000,11.900000,180508498000.000000,31504000.000000,1933585000.000000,31291000.000000,144.042000
ARY,2021-12-31,2022-04-25,2021-12-31,2021-FY,67179454000.000000,45012129816.000000,2025-04-28,-2519900000.000000,181209718000.000000,164474521250.000000,160909168000.000000,20300550000.000000,0.571000,59.940000,-3286838000.000000,66043971000.000000,10319370469.000000,31718093000.000000,7768670000.000000,1.717000,1.412000,12760334000.000000,427164000.000000,12333170000.000000,1993802188.000000,0.000000,1844243000.000000,14744316000.000000,0.000000,0.000000,10933257000.000000,12777500000.000000,0.136000,1996484375.000000,1708321406.000000,9702255000.000000,6.200000,5.440000,0.969000,75114547000.000000,67619685000.000000,11736647969.000000,36686561535.000000,21.000000,18.376000,25496173000.000000,20.345000,6.400000,62231846000.000000,0.662000,701220000.000000,1231002000.000000,33495147000.000000,26238648500.000000,0.000000,86516618000.000000,86516618000.000000,0.000000,106095171000.000000,93729714000.000000,12365457000.000000,-8799665000.000000,0.000000,0.000000,-1875472000.000000,0.000000,-1875154000.000000,-35562365000.000000,-32720564000.000000,28783011000.000000,-145157000.000000,7768670000.000000,7768670000.000000,1213854688.000000,0.000000,0.000000,0.083000,55335084000.000000,6896762000.000000,62509714000.000000,0.000000,3.835000,37.082000,36.748000,3141860000.000000,0.000000,35.600000,3.066000,3.039000,4923892000.000000,-17706533000.000000,93949939000.000000,14679677969.000000,8992590000.000000,0.047000,0.115000,0.417000,0.116000,4774730000.000000,46342494000.000000,0.250000,5057542676.000000,5012651334.000000,5713764297.000000,11.714000,180508498000.000000,31504000.000000,1933585000.000000,31291000.000000,144.042000
ARY,2022-12-31,2023-03-22,2022-12-31,2022-FY,99728396000.000000,96348212510.000000,2025-04-28,3322238000.000000,237119953000.000000,201736490750.000000,216617876000.000000,20502077000.000000,0.647000,93.145000,0.000000,92300417000.000000,13435286317.000000,31462298000.000000,31538062000.000000,1.853000,1.013000,16934324000.000000,14487787000.000000,2446537000.000000,2464967103.000000,1389655000.000000,,15058229000.000000,0.000000,0.000000,36315384000.000000,,,,5286082096.000000,36263729000.000000,24.960000,21.920000,3.633000,117770911000.000000,98115742000.000000,17142781805.000000,85377893296.000000,16.000000,,48507860000.000000,38.365000,6.870000,99095291000.000000,0.759000,134002000.000000,51655000.000000,44730378000.000000,55736333500.000000,0.000000,115112554000.000000,115112554000.000000,0.000000,119349042000.000000,116889480000.000000,2459562000.000000,26256446000.000000,,,,,10079000.000000,-22361670000.000000,,48507860000.000000,100177000.000000,31538062000.000000,31538062000.000000,4590693159.000000,0.000000,0.000000,0.242000,68693370000.000000,30401921000.000000,63316695000.000000,0.000000,5.620000,20.988000,20.803000,2460928000.000000,0.000000,75.580000,5.070000,5.029000,6906526000.000000,15193035000.000000,130557589000.000000,19004015866.000000,10384716000.000000,0.156000,0.321000,0.652000,0.278000,,58308654000.000000,0.250000,5099138000.000000,5057540000.000000,5761291000.000000,15.030000,236985951000.000000,1045030000.000000,4725667000.000000,13025000.000000,187.432000
ARY,2022-12-31,2023-04-26,2022-12-31,2022-FY,99728396000.000000,85971099500.000000,2025-04-28,3322238000.000000,237119953000.000000,201736490750.000000,216617876000.000000,20502077000.000000,0.647000,93.145000,-635676000.000000,92300417000.000000,13376872029.000000,31462298000.000000,31538062000.000000,1.853000,1.013000,16934324000.000000,14487787000.000000,2446537000.000000,2454249855.000000,0.000000,2735084000.000000,16447884000.000000,0.000000,0.000000,36315384000.000000,39050468000.000000,0.299000,5659488116.000000,5263099130.000000,36263729000.000000,24.960000,21.920000,3.617000,117770911000.000000,98115742000.000000,17068247971.000000,75048477326.000000,14.000000,13.261000,47872184000.000000,37.862000,6.900000,99095291000.000000,0.759000,134002000.000000,51655000.000000,44730378000.000000,55736333500.000000,0.000000,115112554000.000000,115112554000.000000,0.000000,119349042000.000000,116889480000.000000,2459562000.000000,26256446000.000000,0.000000,0.000000,0.000000,0.000000,10079000.000000,-22361670000.000000,-21725994000.000000,48507860000.000000,100177000.000000,31538062000.000000,31538062000.000000,4570733623.000000,0.000000,0.000000,0.242000,68693370000.000000,30401921000.000000,63316695000.000000,0.000000,5.037000,18.809000,18.010000,2460928000.000000,0.000000,65.150000,4.544000,4.354000,6906526000.000000,15193035000.000000,130557589000.000000,18921389710.000000,10384716000.000000,0.156000,0.321000,0.652000,0.278000,7718365000.000000,58308654000.000000,0.250000,5278348396.000000,5057540124.000000,5761291439.000000,14.965000,236985951000.000000,1045030000.000000,4725667000.000000,13025000.000000,187.432000
ARY,2023-12-31,2024-03-21,2023-12-31,2023-FY,141849571000.000000,167493243825.000000,2025-04-28,4723760000.000000,348078120000.000000,294170214750.000000,294750472000.000000,53327648000.000000,0.842000,138.285000,0.000000,121779905000.000000,16913875694.000000,91723577000.000000,60026544000.000000,1.928000,0.859000,10165901000.000000,2290118000.000000,7875783000.000000,1411930694.000000,2144610000.000000,,16878746000.000000,0.000000,0.000000,71920435000.000000,,,,9988949306.000000,71876448000.000000,44.320000,41.160000,6.156000,187241607000.000000,155286454500.000000,26005778750.000000,151991298825.000000,15.000000,,94162531000.000000,69.543000,7.200000,155915628000.000000,0.630000,21148000.000000,43987000.000000,83542067000.000000,79118962750.000000,0.000000,157415365000.000000,157415365000.000000,0.000000,160836513000.000000,152900901000.000000,7935612000.000000,29479488000.000000,,,,,-8960626000.000000,-55431278000.000000,,94162531000.000000,-291139000.000000,60026544000.000000,60026544000.000000,8337020000.000000,0.000000,0.000000,0.242000,97216866000.000000,58698762000.000000,74997252000.000000,0.000000,6.441000,20.090000,19.868000,5084486000.000000,0.000000,122.300000,4.870000,4.815000,11342187000.000000,75118597000.000000,247639205000.000000,34394334028.000000,10952374000.000000,0.204000,0.387000,0.909000,0.290000,,86264492000.000000,0.250000,5478111000.000000,5416106000.000000,5839630000.000000,25.402000,348056972000.000000,270738000.000000,11849904000.000000,59829000.000000,257.053000
ARY,2023-12-31,2024-04-25,2023-12-31,2023-FY,141849571000.000000,173071037877.000000,2025-04-28,4723760000.000000,348078120000.000000,294170214750.000000,294750472000.000000,53327648000.000000,0.842000,138.285000,-583429000.000000,121779905000.000000,16843693638.000000,91723577000.000000,60026544000.000000,1.928000,0.859000,10165901000.000000,2290118000.000000,7875783000.000000,1406072061.000000,2144610000.000000,1888205000.000000,16878746000.000000,0.000000,0.000000,71920435000.000000,73808640000.000000,0.298000,10208663900.000000,9947501383.000000,71876448000.000000,44.320000,41.160000,6.130000,187241607000.000000,155286454500.000000,25897870954.000000,157633416300.000000,16.000000,15.441000,93579102000.000000,69.112000,7.230000,155915628000.000000,0.630000,21148000.000000,43987000.000000,83542067000.000000,79118962750.000000,0.000000,157415365000.000000,157415365000.000000,0.000000,160836513000.000000,152900901000.000000,7935612000.000000,29479488000.000000,0.000000,0.000000,-8968817000.000000,0.000000,-8960626000.000000,-55431278000.000000,-54977638000.000000,94162531000.000000,-291139000.000000,60026544000.000000,60026544000.000000,8302426556.000000,0.000000,0.000000,0.242000,97216866000.000000,58698762000.000000,74997252000.000000,0.000000,6.683000,20.846000,20.520000,5084486000.000000,0.000000,125.790000,5.053000,4.973000,11342187000.000000,75118597000.000000,247639205000.000000,34251618949.000000,10952374000.000000,0.204000,0.387000,0.909000,0.290000,7078794000.000000,86264492000.000000,0.250000,5503491148.000000,5416106022.000000,5839629562.000000,25.296000,348056972000.000000,270738000.000000,11849904000.000000,59829000.000000,257.053000
ARY,2024-12-31,2025-03-20,2024-12-31,2024-FY,227225379000.000000,181873278480.000000,2025-04-28,7824545000.000000,505034316000.000000,445599663500.000000,415648232000.000000,89386084000.000000,0.884000,226.380000,0.000000,126194421000.000000,17382151653.000000,153900374000.000000,112434512000.000000,2.206000,0.612000,10607140000.000000,7415575000.000000,3191565000.000000,1461038567.000000,2947041000.000000,,16460600000.000000,0.000000,0.000000,132701293000.000000,,,,18278415014.000000,132701293000.000000,81.240000,76.000000,11.190000,313313124000.000000,266125557750.000000,43156077686.000000,165952165395.000000,9.000000,,121929292000.000000,88.098000,7.260000,239935723000.000000,0.609000,19170000.000000,0.000000,201005012000.000000,162262356000.000000,0.000000,273791856000.000000,273791856000.000000,0.000000,191721192000.000000,188422853000.000000,3298339000.000000,4414516000.000000,,,,,1164000.000000,-118356036000.000000,,121929292000.000000,840096000.000000,112434512000.000000,112434512000.000000,15486847383.000000,0.000000,0.000000,0.285000,131512861000.000000,108422862000.000000,91655947000.000000,0.000000,4.214000,11.744000,11.700000,5943678000.000000,0.000000,130.920000,3.353000,3.340000,11248489000.000000,187421411000.000000,393836097000.000000,54247396281.000000,12659361000.000000,0.252000,0.422000,0.818000,0.337000,,118853500000.000000,0.250000,5556776000.000000,5536049000.000000,5916592000.000000,39.196000,505015146000.000000,15998000.000000,20266781000.000000,106774000.000000,364.892000
ARY,2024-12-31,2025-04-28,2024-12-31,2024-FY,227225379000.000000,143516378768.000000,2025-04-28,7824545000.000000,505034316000.000000,445599663500.000000,415648232000.000000,89386084000.000000,0.884000,226.380000,-966597000.000000,126194421000.000000,17263258687.000000,153900374000.000000,112434512000.000000,2.206000,0.612000,10607140000.000000,7415575000.000000,3191565000.000000,1451045144.000000,2947041000.000000,2640887000.000000,16460600000.000000,0.000000,0.000000,132701293000.000000,135342180000.000000,0.344000,18514662107.000000,18153391655.000000,132701293000.000000,81.240000,76.000000,11.114000,313313124000.000000,266125557750.000000,42860892476.000000,127704165224.000000,7.000000,6.897000,120962695000.000000,87.400000,7.310000,239935723000.000000,0.609000,19170000.000000,0.000000,201005012000.000000,162262356000.000000,0.000000,273791856000.000000,273791856000.000000,0.000000,191721192000.000000,188422853000.000000,3298339000.000000,4414516000.000000,0.000000,0.000000,-91000.000000,0.000000,1164000.000000,-118356036000.000000,-117424591000.000000,121929292000.000000,840096000.000000,112434512000.000000,112434512000.000000,15380918194.000000,0.000000,0.000000,0.285000,131512861000.000000,108422862000.000000,91655947000.000000,0.000000,3.348000,9.331000,9.276000,5943678000.000000,0.000000,103.090000,2.664000,2.648000,11248489000.000000,187421411000.000000,393836097000.000000,53876347059.000000,12659361000.000000,0.252000,0.422000,0.818000,0.337000,9883564000.000000,118853500000.000000,0.250000,5568585848.000000,5536049000.000000,5916592000.000000,38.928000,505015146000.000000,15998000.000000,20266781000.000000,106774000.000000,364.892000
MRQ,2016-12-31,2016-12-31,2016-12-31,2016-Q4,339207000.000000,,2025-04-28,24580000.000000,1770751000.000000,,1753503000.000000,17248000.000000,,-0.939000,,1319843000.000000,191281594.000000,,,1.240000,-3.318000,0.000000,0.000000,0.000000,0.000000,0.000000,,221626000.000000,,0.000000,,,,,,,,,,-426278000.000000,,-61779420.000000,,,,,,6.900000,,,0.000000,,-963388000.000000,,0.000000,305000000.000000,290000000.000000,15000000.000000,1414296000.000000,1414296000.000000,0.000000,,,,,,,,,,,,,,,,,,,1141774000.000000,,,,,2248000.000000,,,,,102929000.000000,-472445000.000000,,,,,,,,,,0.250000,,1815200000.000000,,,1770751000.000000,0.000000,,0.000000,3.902000
MRQ,2017-06-30,2017-06-30,2017-06-30,2017-Q2,,,2025-04-28,,,,,,,,0.000000,,,107605000.000000,-109541000.000000,,,,,,,,,,,0.000000,-109541000.000000,,,,-16085316.000000,-109541000.000000,-0.240000,-0.240000,-0.035000,,,,,,,1283568000.000000,2.919000,6.810000,-2988000.000000,-0.029000,,0.000000,,,,,,,,,,2613693000.000000,,,,,645704000.000000,701624000.000000,,1283568000.000000,-17203000.000000,-109541000.000000,-109541000.000000,-16085316.000000,0.000000,0.000000,-1.047000,119750000.000000,-122738000.000000,,0.000000,,,,,0.000000,,,,,,104617000.000000,15362261.000000,24885000.000000,,,,,,94865000.000000,0.250000,,1758769820.000000,1758769820.000000,0.035000,,,0.000000,,
MRQ,2017-09-30,2017-09-30,2017-09-30,2017-Q3,,,2025-04-28,,,,,,,,0.000000,,,186768000.000000,-221442000.000000,,,,,,,,,,,0.000000,-221442000.000000,,,,-33317585.000000,-221442000.000000,-0.520000,-0.520000,-0.078000,,,,,,,-682119000.000000,-1.551000,6.646000,236270000.000000,0.559000,,0.000000,,,,,,,,,,-916611000.000000,,,,,-14051000.000000,-202849000.000000,,-682119000.000000,-17592000.000000,-221442000.000000,-221442000.000000,-33317585.000000,0.000000,0.000000,-0.523000,470643000.000000,-234373000.000000,,0.000000,,,,,0.000000,,,,,,423038000.000000,63649194.000000,35780000.000000,,,,,,434863000.000000,0.250000,,1758769820.000000,1758769820.000000,0.145000,,,0.000000,,
MRQ,2017-12-31,2017-12-31,2017-12-31,2017-Q4,1028321000.000000,,2025-04-28,0.000000,13314470000.000000,,13137828000.000000,176642000.000000,,2.740000,-8559000.000000,12429001000.000000,1878741308.000000,374024000.000000,13591000.000000,1.085000,10.050000,0.000000,0.000000,0.000000,0.000000,0.000000,,1834538000.000000,,0.000000,13591000.000000,,,,2054387.000000,13591000.000000,0.040000,0.040000,0.006000,1204963000.000000,,182139640.000000,,,,8686340000.000000,19.750000,6.616000,805378000.000000,0.683000,0.000000,0.000000,-11224038000.000000,,0.000000,212363000.000000,50000000.000000,162363000.000000,12109507000.000000,12109507000.000000,0.000000,8669380000.000000,,,,,-300000.000000,-11926000.000000,,8694899000.000000,-13293000.000000,13591000.000000,13591000.000000,2054387.000000,0.000000,0.000000,0.012000,818082000.000000,-12704000.000000,9838519000.000000,0.000000,,,,9279000.000000,0.000000,,,,531085000.000000,-1030237000.000000,1179402000.000000,178275893.000000,52488000.000000,,,,,,765594000.000000,0.250000,4431145380.000000,1759237040.000000,1759237040.000000,0.405000,13314470000.000000,0.000000,0.000000,0.000000,30.273000
MRQ,2018-03-31,2018-03-31,2018-03-31,2018-Q1,,,2025-04-28,,,,,,,,0.000000,,,318700000.000000,-201021000.000000,,,,,,,,,,,0.000000,-201021000.000000,,,,-31804604.000000,-201021000.000000,-0.640000,-0.640000,-0.101000,,,,,,,-683527000.000000,-1.555000,6.321000,1065904000.000000,0.770000,,0.000000,,,,,,,,,,4263686000.000000,,,,,5824568000.000000,-801556000.000000,,-683527000.000000,-75799000.000000,-201021000.000000,-281517000.000000,-44540305.000000,0.000000,0.000000,-0.203000,1319037000.000000,-253133000.000000,,0.000000,,,,,80496000.000000,,,,,,1384604000.000000,219065580.000000,72818000.000000,,,,,,1246219000.000000,0.250000,4431145380.000000,1758770000.000000,1758770000.000000,0.498000,,,0.000000,,
MRQ,2018-06-30,2018-06-30,2018-06-30,2018-Q2,6588792000.000000,,2025-04-28,396540000.000000,23273504000.000000,,20471938000.000000,2801566000.000000,,-3.216000,0.000000,17816012000.000000,2699395758.000000,387830000.000000,-6493888000.000000,1.475000,-8.899000,0.000000,0.000000,0.000000,0.000000,0.000000,,3299622000.000000,,0.000000,-6493888000.000000,,,,-983922424.000000,-6493888000.000000,-13.400000,-13.400000,-2.030000,-1560147000.000000,,-236385909.000000,,,,1087644000.000000,2.242000,6.600000,2321216000.000000,0.857000,2786690000.000000,0.000000,-11212344000.000000,,0.000000,1300000000.000000,1300000000.000000,0.000000,13883146000.000000,13883146000.000000,0.000000,1123325000.000000,,,,,-3789000.000000,-291150000.000000,,1087644000.000000,330620000.000000,-6493888000.000000,-6493888000.000000,-983922424.000000,0.000000,0.000000,-2.397000,8957436000.000000,-6636220000.000000,9318220000.000000,0.000000,,,,14876000.000000,0.000000,,,,682521000.000000,-7805642000.000000,2709046000.000000,410461515.000000,186029000.000000,,,,,,8771407000.000000,0.250000,4431145380.000000,1940537000.000000,1940537000.000000,0.846000,20486814000.000000,0.000000,0.000000,0.000000,42.229000
MRQ,2018-09-30,2018-09-30,2018-09-30,2018-Q3,18000173000.000000,29123703010.000000,2025-04-28,986807000.000000,37003857000.000000,,34243427000.000000,2760430000.000000,,22.578000,0.000000,25126827000.000000,3668149927.000000,774684000.000000,-1098323000.000000,2.108000,0.782000,0.000000,0.000000,0.000000,0.000000,0.000000,,3794931000.000000,0.000000,0.000000,-1098323000.000000,,,,-160339124.000000,-1098323000.000000,-1.200000,-1.200000,-0.175000,20760603000.000000,,3030744964.000000,26511384535.000000,-23.000000,,1631413000.000000,1.774000,6.850000,2597734000.000000,0.770000,2741320000.000000,0.000000,-7107544000.000000,,0.000000,7511280000.000000,7511280000.000000,0.000000,16243254000.000000,16243254000.000000,0.000000,7310815000.000000,,,,,11537514000.000000,-6217168000.000000,,1631413000.000000,359056000.000000,-1098323000.000000,-1098323000.000000,-160339124.000000,0.000000,0.000000,-0.326000,3867213000.000000,-1269479000.000000,10793733000.000000,0.000000,9.609000,-25.381000,-11.848000,19110000.000000,0.000000,26.290000,23.075000,19.154000,820375000.000000,-8903965000.000000,3372418000.000000,492323796.000000,331997000.000000,,,,,,3535216000.000000,0.250000,4431145380.000000,3678051000.000000,3678051000.000000,0.535000,34262537000.000000,0.000000,0.000000,0.000000,37.262000
MRQ,2018-12-31,2018-12-31,2018-12-31,2018-Q4,16031514000.000000,24858725582.000000,2025-04-28,1035783000.000000,43182063000.000000,,40390983000.000000,2791080000.000000,,25.365000,-27292000.000000,30539686000.000000,4419636179.000000,1424035000.000000,-2423893000.000000,1.658000,1.294000,0.000000,0.000000,0.000000,0.000000,0.000000,,4379755000.000000,0.000000,0.000000,-2423893000.000000,,,,-350780463.000000,-2423893000.000000,-1.120000,-1.120000,-0.162000,18822594000.000000,,2723964399.000000,21232920820.000000,-14.000000,-15.094000,5705105000.000000,7.688000,6.910000,4229887000.000000,0.748000,2579338000.000000,0.000000,-14296430000.000000,,0.000000,7630689000.000000,7630689000.000000,0.000000,24359469000.000000,24359469000.000000,0.000000,5412859000.000000,,,,,-13936000.000000,-238635000.000000,,5732397000.000000,-66967000.000000,-2423893000.000000,-2423893000.000000,-350780463.000000,0.000000,0.000000,-0.429000,6870796000.000000,-2640909000.000000,17275934000.000000,0.000000,9.126000,-16.681000,-11.171000,29075000.000000,0.000000,22.440000,13.093000,8.770000,1266619000.000000,-11327858000.000000,5653922000.000000,818223155.000000,525213000.000000,,,,,,6345583000.000000,0.250000,4431145380.000000,2968319549.000000,2968319549.000000,1.103000,40602725000.000000,0.000000,0.000000,0.000000,54.715000
MRQ,2019-03-31,2019-03-31,2019-03-31,2019-Q1,22224358000.000000,27473101356.000000,2025-04-28,627566000.000000,49783765000.000000,,46806774000.000000,2976991000.000000,,21.960000,0.000000,37219239000.000000,5555110299.000000,873314000.000000,-1877708000.000000,1.904000,0.989000,236822000.000000,73037000.000000,163785000.000000,35346567.000000,0.000000,,5151626000.000000,0.000000,0.000000,-1877708000.000000,,,,-280254925.000000,-1877708000.000000,-1.640000,-1.640000,-0.245000,25029129000.000000,,3735690896.000000,22914939266.000000,-13.000000,,-1543251000.000000,-1.354000,6.700000,3671890000.000000,0.808000,2381247000.000000,0.000000,-14162315000.000000,,0.000000,6919548000.000000,6919548000.000000,0.000000,24754636000.000000,24582416000.000000,172220000.000000,6679553000.000000,,,,,7993828000.000000,457473000.000000,,-1543251000.000000,-228497000.000000,-1877708000.000000,-1877708000.000000,-280254925.000000,0.000000,0.000000,-0.413000,5792411000.000000,-2120521000.000000,15657163000.000000,0.000000,7.354000,-15.476000,-9.571000,254925000.000000,0.000000,24.800000,11.306000,11.632000,1399145000.000000,-13205566000.000000,4545204000.000000,678388657.000000,667081000.000000,,,,,,5125330000.000000,0.250000,4431145380.000000,4559017000.000000,4559017000.000000,0.595000,47402518000.000000,0.000000,0.000000,0.000000,41.590000
MRQ,2019-06-30,2019-06-30,2019-06-30,2019-Q2,22307391000.000000,22980214408.000000,2025-04-28,1116597000.000000,54360850000.000000,,51305759000.000000,3055091000.000000,,21.600000,0.000000,40664166000.000000,5893357391.000000,1594709000.000000,-1003250000.000000,1.769000,1.165000,327452000.000000,80026000.000000,247426000.000000,47456812.000000,0.000000,,6101200000.000000,0.000000,0.000000,-1003250000.000000,,,,-145398551.000000,-1003250000.000000,-0.880000,-0.880000,-0.128000,25106885000.000000,,3638678986.000000,17460450677.000000,-19.000000,,4147982000.000000,3.569000,6.900000,5695299000.000000,0.781000,2277009000.000000,0.000000,-17251241000.000000,,0.000000,7935421000.000000,7935421000.000000,0.000000,29253965000.000000,28998368000.000000,255597000.000000,3444927000.000000,,,,,0.000000,-1139423000.000000,,4147982000.000000,436368000.000000,-1003250000.000000,-1003250000.000000,-145398551.000000,0.000000,0.000000,-0.138000,7185712000.000000,-1490413000.000000,17830719000.000000,0.000000,6.316000,-24.763000,-29.411000,341144000.000000,0.000000,20.630000,7.601000,7.931000,1495524000.000000,-14208816000.000000,7290008000.000000,1056522899.000000,803664000.000000,,,,,,6382048000.000000,0.250000,4455688688.000000,4649429000.000000,4649429000.000000,0.909000,52083841000.000000,0.000000,0.000000,0.000000,44.809000
MRQ,2019-09-30,2019-09-30,2019-09-30,2019-Q3,28372360000.000000,35890572382.000000,2025-04-28,1804675000.000000,64576062000.000000,,61589384000.000000,2986678000.000000,,22.328000,-17870000.000000,34366077000.000000,4840292535.000000,1833318000.000000,-2335008000.000000,1.854000,1.488000,5475695000.000000,80882000.000000,5394813000.000000,771224648.000000,0.000000,,7033131000.000000,0.000000,0.000000,-2328858000.000000,,,,-328008169.000000,-2335008000.000000,-2.000000,-2.000000,-0.282000,25956276000.000000,,3655813521.000000,30144601727.000000,-28.000000,,2600362000.000000,2.237000,7.100000,5680630000.000000,0.756000,2182296000.000000,6150000.000000,286360000.000000,,0.000000,24560779000.000000,24560779000.000000,0.000000,38619786000.000000,33217024000.000000,5402762000.000000,-6298089000.000000,,,,,6967004000.000000,-16175856000.000000,,2618232000.000000,292531000.000000,-2335008000.000000,-2335008000.000000,-328874366.000000,0.000000,0.000000,-0.311000,8472603000.000000,-2791973000.000000,19819656000.000000,0.000000,9.817000,-33.354000,-40.561000,354392000.000000,0.000000,32.220000,10.192000,10.636000,1777926000.000000,-16543824000.000000,7513948000.000000,1058302535.000000,1127238000.000000,,,,,,7345365000.000000,0.250000,4455688688.000000,4649925000.000000,4649925000.000000,0.910000,62393766000.000000,0.000000,0.000000,0.000000,53.673000
MRQ,2019-12-31,2019-12-31,2019-12-31,2019-Q4,27233657000.000000,43960351195.000000,2025-04-28,1448230000.000000,76057336000.000000,,73001463000.000000,3055873000.000000,,21.200000,-9091000.000000,33345857000.000000,4763693857.000000,2037437000.000000,-1751637000.000000,1.595000,2.086000,6649757000.000000,1014482000.000000,5635275000.000000,949965286.000000,0.000000,198899000.000000,8446882000.000000,0.000000,0.000000,-1611929000.000000,-1413030000.000000,-0.131000,-201861429.000000,-230275571.000000,-1751637000.000000,-1.520000,-1.520000,-0.217000,24646866000.000000,,3520980857.000000,39833153766.000000,-41.000000,-45.630000,9588922000.000000,8.248000,7.000000,8755289000.000000,0.811000,1994292000.000000,139708000.000000,1599138000.000000,,0.000000,35288827000.000000,35288827000.000000,0.000000,51410470000.000000,45767806000.000000,5642664000.000000,-1020220000.000000,,-200769000.000000,893899000.000000,,893899000.000000,-11461872000.000000,-10993149000.000000,9598013000.000000,-50260000.000000,-1751637000.000000,-1751637000.000000,-250233857.000000,0.000000,0.000000,-0.162000,10890593000.000000,-2135304000.000000,29926488000.000000,0.000000,12.485000,-44.165000,-43.831000,558461000.000000,0.000000,37.820000,10.209000,10.160000,3416502000.000000,-18295461000.000000,10792726000.000000,1541818000.000000,1272375000.000000,,,,,798672000.000000,9618218000.000000,0.250000,4649429000.000000,4650244576.000000,4650244576.000000,1.326000,74063044000.000000,0.000000,0.000000,0.000000,63.707000
MRQ,2020-03-31,2020-03-31,2020-03-31,2020-Q1,24457332000.000000,41879731718.000000,2025-04-28,1820761000.000000,76176887000.000000,,73090114000.000000,3086773000.000000,,18.674000,0.000000,32499125000.000000,4642732143.000000,1830247000.000000,-4119329000.000000,1.503000,2.509000,8060436000.000000,2232822000.000000,5827614000.000000,1151490857.000000,619769000.000000,,8639172000.000000,0.000000,0.000000,-3968695000.000000,,,,-566956429.000000,-4119329000.000000,-3.560000,-3.560000,-0.509000,21709441000.000000,,3101348714.000000,38066003146.000000,-30.000000,,-567070000.000000,-0.488000,7.000000,4710812000.000000,0.720000,1866532000.000000,150634000.000000,1238884000.000000,,0.000000,37048472000.000000,37048472000.000000,0.000000,54467446000.000000,48632782000.000000,5834664000.000000,-846732000.000000,,,,,1205472000.000000,-1584192000.000000,,-567070000.000000,99058000.000000,-4119329000.000000,-4119329000.000000,-588475571.000000,0.000000,0.000000,-0.630000,9108045000.000000,-4397233000.000000,28713943000.000000,0.000000,13.504000,-31.833000,-31.685000,528247000.000000,0.000000,36.030000,9.122000,9.123000,2627914000.000000,-22414790000.000000,6541059000.000000,934437000.000000,1473150000.000000,,,,,,7634895000.000000,0.250000,4649429000.000000,4650112000.000000,4650112000.000000,0.804000,74310355000.000000,0.000000,0.000000,0.000000,63.921000
MRQ,2020-06-30,2020-06-30,2020-06-30,2020-Q2,30196211000.000000,99791403520.000000,2025-04-28,1794728000.000000,90900666000.000000,,85581966000.000000,5318700000.000000,,24.675000,0.000000,36677890000.000000,5165900000.000000,2662115000.000000,-899349000.000000,1.545000,2.082000,8881739000.000000,2898759000.000000,5982980000.000000,1250949155.000000,750548000.000000,,9923180000.000000,0.000000,0.000000,-736431000.000000,,,,-103722676.000000,-899349000.000000,-0.760000,-0.760000,-0.107000,29493860000.000000,,4154064789.000000,96349334647.000000,-79.000000,,5495336000.000000,4.597000,7.100000,9531200000.000000,0.782000,1706291000.000000,162918000.000000,6012469000.000000,,0.000000,44801078000.000000,44801078000.000000,0.000000,61406806000.000000,55385755000.000000,6021051000.000000,4178765000.000000,,,,,8418741000.000000,-9695818000.000000,,5495336000.000000,-39494000.000000,-899349000.000000,-899349000.000000,-126668873.000000,0.000000,0.000000,-0.074000,11170782000.000000,-1639582000.000000,33978503000.000000,0.000000,24.023000,-77.814000,-77.738000,562451000.000000,0.000000,85.840000,19.128000,19.667000,2857547000.000000,-23314139000.000000,12193315000.000000,1717368310.000000,1662356000.000000,,,,,,9508426000.000000,0.250000,4650112000.000000,4781243000.000000,4781243000.000000,1.437000,89194375000.000000,0.000000,0.000000,0.000000,74.620000
MRQ,2020-09-30,2020-09-30,2020-09-30,2020-Q3,25095021000.000000,88632292112.000000,2025-04-28,533303000.000000,99410926000.000000,,90170569000.000000,9240357000.000000,,23.738000,0.000000,44528760000.000000,6538731278.000000,3260155000.000000,-784708000.000000,1.386000,2.500000,8851017000.000000,2955341000.000000,5895676000.000000,1299708811.000000,1042093000.000000,,10574559000.000000,0.000000,0.000000,-619070000.000000,,,,-90906021.000000,-784708000.000000,-0.640000,-0.640000,-0.094000,28403662000.000000,,4170875477.000000,84621303512.000000,-83.000000,,8321792000.000000,6.955000,6.810000,10949627000.000000,0.771000,1486959000.000000,165638000.000000,-2829324000.000000,,0.000000,39859089000.000000,39859089000.000000,0.000000,71007264000.000000,65075548000.000000,5931716000.000000,7850870000.000000,,,,,0.000000,-455054000.000000,,8321792000.000000,-15868000.000000,-784708000.000000,-784708000.000000,-115228781.000000,0.000000,0.000000,-0.055000,12245365000.000000,-1295738000.000000,40299835000.000000,0.000000,21.250000,-79.892000,-77.926000,580585000.000000,0.000000,74.150000,13.800000,13.815000,3980135000.000000,-24098847000.000000,14209782000.000000,2086605286.000000,1804886000.000000,,,,,,10440479000.000000,0.250000,4781243000.000000,4786276000.000000,4786276000.000000,1.744000,97923967000.000000,0.000000,0.000000,0.000000,81.837000
MRQ,2020-12-31,2020-12-31,2020-12-31,2020-Q4,65641801000.000000,210511499985.000000,2025-04-28,-1047728000.000000,158908614000.000000,,149523878000.000000,9384736000.000000,,49.576000,-42995000.000000,74843636000.000000,11443981040.000000,11526124000.000000,-1376356000.000000,1.783000,1.641000,16967083000.000000,2119352000.000000,14847731000.000000,2594355199.000000,0.000000,222462000.000000,13349509000.000000,0.000000,0.000000,-1098210000.000000,-875748000.000000,-0.033000,-133906422.000000,-167922018.000000,-1376356000.000000,-1.160000,-1.160000,-0.177000,60175888000.000000,,9201206116.000000,205113959440.000000,-209.000000,-238.609000,14903574000.000000,12.278000,6.540000,15021585000.000000,0.566000,1276751000.000000,278146000.000000,15873233000.000000,,0.000000,64551094000.000000,64551094000.000000,0.000000,98732726000.000000,83882077000.000000,14850649000.000000,30314876000.000000,,30073487000.000000,12101302000.000000,,42174783000.000000,-26622837000.000000,-26359850000.000000,14946569000.000000,-183639000.000000,-1376356000.000000,-1376356000.000000,-210451988.000000,0.000000,0.000000,-0.052000,17069357000.000000,-2047772000.000000,53833981000.000000,0.000000,22.879000,-191.754000,-192.378000,832680000.000000,0.000000,177.670000,23.142000,23.283000,4969617000.000000,-25475203000.000000,26547709000.000000,4059282722.000000,1951261000.000000,,,,,933230000.000000,15118096000.000000,0.250000,4739382000.000000,4855227200.000000,4855227200.000000,3.344000,157631863000.000000,0.000000,0.000000,0.000000,129.866000
MRQ,2021-03-31,2021-03-31,2021-03-31,2021-Q1,60498469000.000000,162483361590.000000,2025-04-28,-531699000.000000,153419852000.000000,,139636736000.000000,13783116000.000000,,50.052000,0.000000,64310718000.000000,9788541553.000000,10746050000.000000,-2905416000.000000,1.764000,1.460000,12827737000.000000,906935000.000000,11920802000.000000,1952471385.000000,1786246000.000000,,11589459000.000000,0.000000,0.000000,-2569960000.000000,,,,-391165906.000000,-2905416000.000000,-2.320000,-2.320000,-0.353000,62358316000.000000,,9491372298.000000,153620183489.000000,-201.000000,,-3724547000.000000,-2.989000,6.570000,11421049000.000000,0.515000,1169499000.000000,335456000.000000,21629105000.000000,,0.000000,66342813000.000000,66342813000.000000,0.000000,91061536000.000000,79138267000.000000,11923269000.000000,-10532918000.000000,,,,,-1238874000.000000,-5621047000.000000,,-3724547000.000000,51550000.000000,-2905416000.000000,-2905416000.000000,-442224658.000000,0.000000,0.000000,-0.131000,15568005000.000000,-4146956000.000000,49360986000.000000,0.000000,17.119000,-178.938000,-180.244000,879618000.000000,0.000000,133.880000,14.211000,14.589000,4830382000.000000,-28380619000.000000,22167099000.000000,3373987671.000000,2218743000.000000,,,,,,13349262000.000000,0.250000,4854597000.000000,4983530000.000000,4983530000.000000,2.708000,152250353000.000000,0.000000,0.000000,0.000000,122.203000
MRQ,2021-06-30,2021-06-30,2021-06-30,2021-Q2,67499956000.000000,158251995150.000000,2025-04-28,-1666114000.000000,156739756000.000000,,147573939000.000000,9165817000.000000,,51.776000,0.000000,67368845000.000000,10364437692.000000,7897886000.000000,2414580000.000000,1.843000,1.415000,12068548000.000000,302639000.000000,11765909000.000000,1856699692.000000,973989000.000000,,12636683000.000000,0.000000,0.000000,2708579000.000000,,,,416704462.000000,2414580000.000000,1.920000,1.680000,0.295000,64897907000.000000,,9984293385.000000,150207779369.000000,-618.000000,,7371215000.000000,5.881000,6.500000,15148334000.000000,0.657000,1004580000.000000,293999000.000000,20360896000.000000,,0.000000,73026502000.000000,73026502000.000000,0.000000,91841849000.000000,80073983000.000000,11767866000.000000,3058127000.000000,,,,,-636619000.000000,-3484056000.000000,,7371215000.000000,-192413000.000000,2414580000.000000,2414580000.000000,371473846.000000,0.000000,0.000000,0.105000,13150855000.000000,1997479000.000000,50754254000.000000,0.000000,15.850000,-387.887000,-375.286000,937084000.000000,0.000000,127.020000,11.965000,12.038000,4331194000.000000,-25966039000.000000,23046220000.000000,3545572308.000000,2328831000.000000,,,,,,10822024000.000000,0.250000,4983530000.000000,5013747000.000000,5719402000.000000,2.829000,155735176000.000000,0.000000,0.000000,0.000000,124.247000
MRQ,2021-09-30,2021-09-30,2021-09-30,2021-Q3,70796411000.000000,113649110122.000000,2025-04-28,-1414093000.000000,166528759000.000000,,157093286000.000000,9435473000.000000,,54.257000,0.000000,62362962000.000000,9668676279.000000,6558648000.000000,1639960000.000000,1.820000,1.445000,12461134000.000000,338709000.000000,12122425000.000000,1931958760.000000,1144073000.000000,,12966330000.000000,0.000000,0.000000,2793157000.000000,,,,433047597.000000,2494726000.000000,1.320000,1.160000,0.205000,68107970000.000000,,10559375194.000000,105115113672.000000,370.000000,,8736568000.000000,6.960000,6.450000,14947110000.000000,0.695000,860610000.000000,298431000.000000,29469446000.000000,,0.000000,86785027000.000000,86785027000.000000,0.000000,98420789000.000000,86296875000.000000,12123914000.000000,-5005883000.000000,,,,,146000.000000,-13764757000.000000,,8736568000.000000,22160000.000000,1639960000.000000,1639960000.000000,254257364.000000,0.000000,0.000000,0.076000,12807838000.000000,2139272000.000000,53201246000.000000,0.000000,10.763000,-3225.940000,-2436.756000,2967168000.000000,0.000000,90.670000,7.860000,7.871000,4564376000.000000,-24326079000.000000,21505758000.000000,3334226047.000000,2422421000.000000,,,,,,10385417000.000000,0.250000,5013747000.000000,5021164000.000000,5703986000.000000,2.656000,165668149000.000000,14224000.000000,854766000.000000,0.000000,131.976000
MRQ,2021-12-31,2021-12-31,2021-12-31,2021-Q4,67179454000.000000,73183465300.000000,2025-04-28,-2519900000.000000,181209718000.000000,,160909168000.000000,20300550000.000000,,59.712000,-3286838000.000000,66043971000.000000,10319370469.000000,6515509000.000000,6619546000.000000,1.717000,1.412000,12760334000.000000,427164000.000000,12333170000.000000,1993802188.000000,0.000000,,14744316000.000000,0.000000,0.000000,8001481000.000000,,,,1250231406.000000,7698365000.000000,5.280000,4.640000,0.825000,75114547000.000000,,11736647969.000000,65386304675.000000,38.000000,32.751000,13112937000.000000,10.424000,6.400000,20715353000.000000,0.761000,701220000.000000,303116000.000000,33495147000.000000,,0.000000,86516618000.000000,86516618000.000000,0.000000,106095171000.000000,93729714000.000000,12365457000.000000,3681009000.000000,,,,,193000.000000,-12692505000.000000,,16399775000.000000,-26454000.000000,6619546000.000000,6619546000.000000,1034304062.000000,0.000000,0.000000,0.243000,13808386000.000000,6906967000.000000,62509714000.000000,0.000000,6.235000,60.290000,60.181000,3141860000.000000,0.000000,58.300000,4.985000,4.977000,4923892000.000000,-17706533000.000000,27230862000.000000,4254822188.000000,2022595000.000000,,,,,,11785791000.000000,0.250000,5021164000.000000,5031750336.000000,5707261188.000000,3.382000,180508498000.000000,31504000.000000,1078819000.000000,31291000.000000,143.496000
MRQ,2022-03-31,2022-03-31,2022-03-31,2022-Q1,68642564000.000000,50453797432.000000,2025-04-28,-2651317000.000000,168718621000.000000,,146164961000.000000,22553660000.000000,,60.875000,0.000000,52133992000.000000,8145936250.000000,7159595000.000000,2599451000.000000,1.885000,1.201000,14928998000.000000,418356000.000000,14510642000.000000,2332655938.000000,1060656000.000000,,13955037000.000000,0.000000,0.000000,3176905000.000000,,,,496391406.000000,3164265000.000000,2.080000,1.840000,0.325000,76652977000.000000,,11977027656.000000,41996077274.000000,16.000000,,-9068096000.000000,-7.202000,6.400000,16634094000.000000,0.699000,556760000.000000,12640000.000000,53434470000.000000,,0.000000,87815868000.000000,87815868000.000000,0.000000,92065644000.000000,77522397000.000000,14543247000.000000,-13909979000.000000,,,,,43000.000000,-4852089000.000000,,-9068096000.000000,10163000.000000,2599451000.000000,2599451000.000000,406164219.000000,0.000000,0.000000,0.109000,14479688000.000000,2154406000.000000,47166443000.000000,0.000000,4.213000,24.327000,24.217000,2578572000.000000,0.000000,40.110000,3.378000,3.382000,4187876000.000000,-13740576000.000000,23793689000.000000,3717763906.000000,2668507000.000000,,,,,,11811181000.000000,0.250000,5031543000.000000,5036733000.000000,5688094000.000000,2.953000,168161861000.000000,23143000.000000,564814000.000000,32069000.000000,133.548000
MRQ,2022-06-30,2022-06-30,2022-06-30,2022-Q2,89731887000.000000,77817524850.000000,2025-04-28,864028000.000000,191999405000.000000,,175446301000.000000,16553104000.000000,,72.116000,0.000000,62864021000.000000,9382689701.000000,7961866000.000000,8896340000.000000,2.047000,1.112000,15814672000.000000,477639000.000000,15337033000.000000,2360398806.000000,1242716000.000000,,14772915000.000000,0.000000,0.000000,10467551000.000000,,,,1562321045.000000,10454403000.000000,7.040000,6.240000,1.051000,90909209000.000000,,13568538657.000000,72256240246.000000,20.000000,,19373871000.000000,15.369000,6.700000,23477702000.000000,0.747000,435841000.000000,13148000.000000,58799801000.000000,,0.000000,106322578000.000000,106322578000.000000,0.000000,101090196000.000000,85714414000.000000,15375782000.000000,10730029000.000000,,,,,268000.000000,-8593271000.000000,,19373871000.000000,-50839000.000000,8896340000.000000,8896340000.000000,1327811940.000000,0.000000,0.000000,0.283000,14780535000.000000,8697167000.000000,52897387000.000000,0.000000,5.735000,26.392000,26.340000,2333166000.000000,0.000000,61.800000,5.015000,5.020000,4727886000.000000,-4844236000.000000,31439568000.000000,4692472836.000000,2611366000.000000,,,,,,12169169000.000000,0.250000,5036733000.000000,5042417000.000000,5716947000.000000,3.722000,191563564000.000000,24148000.000000,1558063000.000000,38669000.000000,151.962000
MRQ,2022-09-30,2022-09-30,2022-09-30,2022-Q3,108138090000.000000,78888613965.000000,2025-04-28,4630973000.000000,209107984000.000000,,193570296000.000000,15537688000.000000,,84.834000,0.000000,74409935000.000000,10334713194.000000,7414132000.000000,10588574000.000000,2.266000,0.952000,17012698000.000000,512838000.000000,16499860000.000000,2362874722.000000,1391560000.000000,,15122695000.000000,0.000000,0.000000,12139397000.000000,,,,1686027361.000000,12125751000.000000,8.400000,7.360000,1.167000,107129871000.000000,,14879148750.000000,71938931690.000000,15.000000,,11651823000.000000,9.227000,7.200000,28090172000.000000,0.791000,297856000.000000,13646000.000000,65980685000.000000,,0.000000,112207949000.000000,112207949000.000000,0.000000,101978113000.000000,85432206000.000000,16545907000.000000,11545914000.000000,,,,,258000.000000,-356394000.000000,,11651823000.000000,250227000.000000,10588574000.000000,10588574000.000000,1470635278.000000,0.000000,0.000000,0.298000,17653559000.000000,10436613000.000000,51562514000.000000,0.000000,5.302000,19.788000,19.762000,2383445000.000000,0.000000,62.580000,4.815000,4.823000,5156610000.000000,5744338000.000000,35504304000.000000,4931153333.000000,2698166000.000000,,,,,,14955393000.000000,0.250000,5042417000.000000,5051256000.000000,5776165000.000000,3.905000,208810128000.000000,27707000.000000,1537177000.000000,46047000.000000,165.353000
MRQ,2022-12-31,2022-12-31,2022-12-31,2022-Q4,99728396000.000000,102982481700.000000,2025-04-28,3322238000.000000,237119953000.000000,,216617876000.000000,20502077000.000000,,92.377000,-635676000.000000,92300417000.000000,13242527547.000000,8926705000.000000,9453697000.000000,1.853000,1.013000,16934324000.000000,14487787000.000000,2446537000.000000,2429601722.000000,1389655000.000000,,15058229000.000000,0.000000,0.000000,10531531000.000000,,,,1510980057.000000,10519310000.000000,7.440000,6.480000,1.067000,117770911000.000000,,16896830846.000000,94999555831.000000,18.000000,16.956000,25914586000.000000,20.327000,6.970000,30893323000.000000,0.776000,134002000.000000,12221000.000000,44730378000.000000,,0.000000,115112554000.000000,115112554000.000000,0.000000,119349042000.000000,116889480000.000000,2459562000.000000,17890482000.000000,,,,,9510000.000000,-8559916000.000000,,26550262000.000000,-109374000.000000,9453697000.000000,9453697000.000000,1356341033.000000,0.000000,0.000000,0.237000,21779588000.000000,9113735000.000000,63316695000.000000,0.000000,6.095000,22.759000,22.773000,2460928000.000000,0.000000,81.550000,5.498000,5.505000,6906526000.000000,15193035000.000000,39820028000.000000,5713059971.000000,2406677000.000000,,,,,,19372911000.000000,0.250000,5051256000.000000,5099594000.000000,5844805000.000000,4.481000,236985951000.000000,1045030000.000000,1065613000.000000,13025000.000000,185.886000
MRQ,2023-03-31,2023-03-31,2023-03-31,2023-Q1,104788307000.000000,96756143550.000000,2025-04-28,2426753000.000000,240066250000.000000,,215810923000.000000,24255327000.000000,,95.792000,0.000000,70670000000.000000,10286754003.000000,11125285000.000000,8101027000.000000,1.944000,0.898000,16974790000.000000,14441655000.000000,2533135000.000000,2470857351.000000,1543135000.000000,,15683470000.000000,0.000000,0.000000,9710489000.000000,,,,1413462737.000000,9698802000.000000,6.120000,5.560000,0.891000,126510117000.000000,,18414864192.000000,85785824336.000000,14.000000,,1338022000.000000,1.013000,6.870000,26511765000.000000,0.704000,23403000.000000,11687000.000000,75325021000.000000,,0.000000,137263553000.000000,137263553000.000000,0.000000,113556133000.000000,111022616000.000000,2533517000.000000,-21630417000.000000,,,,,53000.000000,-22620247000.000000,,1338022000.000000,-348245000.000000,8101027000.000000,8101027000.000000,1179188792.000000,0.000000,0.000000,0.215000,19582747000.000000,6929018000.000000,55878527000.000000,0.000000,5.254000,17.946000,17.980000,2588456000.000000,0.000000,75.900000,4.603000,4.769000,5589628000.000000,23294062000.000000,37637050000.000000,5478464338.000000,2506657000.000000,,,,,,17076090000.000000,0.250000,5099138000.000000,5282720000.000000,5850378000.000000,4.148000,240042847000.000000,1298602000.000000,1597775000.000000,382000.000000,181.757000
MRQ,2023-06-30,2023-06-30,2023-06-30,2023-Q2,115212076000.000000,91311815200.000000,2025-04-28,6254971000.000000,274285357000.000000,,241206173000.000000,33079184000.000000,,106.902000,0.000000,83434459000.000000,11524096547.000000,18689787000.000000,13108086000.000000,1.914000,0.887000,18269446000.000000,15386487000.000000,2882959000.000000,2523404144.000000,1639290000.000000,,16131012000.000000,0.000000,0.000000,16278465000.000000,,,,2248406768.000000,16266528000.000000,9.640000,9.000000,1.331000,145344079000.000000,,20075149033.000000,83585885704.000000,12.000000,,23395981000.000000,17.208000,7.240000,33590961000.000000,0.643000,22651000.000000,11937000.000000,83103596000.000000,,0.000000,148129260000.000000,148129260000.000000,0.000000,128941278000.000000,125994097000.000000,2947181000.000000,12764459000.000000,,,,,7233000.000000,-11519860000.000000,,23395981000.000000,881105000.000000,13108086000.000000,13108086000.000000,1810509116.000000,0.000000,0.000000,0.251000,20872206000.000000,12718755000.000000,60115463000.000000,0.000000,4.548000,16.026000,15.841000,3186338000.000000,0.000000,69.140000,4.001000,4.119000,6657191000.000000,36402148000.000000,52280748000.000000,7221097790.000000,2733964000.000000,,,,,,18138242000.000000,0.250000,5282720000.000000,5438394000.000000,5833348000.000000,5.311000,274262706000.000000,1544634000.000000,3158442000.000000,64222000.000000,201.723000
MRQ,2023-09-30,2023-09-30,2023-09-30,2023-Q3,123451550000.000000,133335824895.000000,2025-04-28,5952839000.000000,314251132000.000000,,271575816000.000000,42675316000.000000,,118.663000,0.000000,111353259000.000000,15316816919.000000,26830233000.000000,15537122000.000000,1.833000,0.939000,19753460000.000000,15732512000.000000,4020948000.000000,2717119670.000000,2043857000.000000,,16282948000.000000,0.000000,0.000000,19062810000.000000,,,,2622119670.000000,19050602000.000000,11.360000,10.600000,1.563000,162050015000.000000,,22290235901.000000,124297681622.000000,16.000000,,32537857000.000000,23.826000,7.270000,42010138000.000000,0.610000,21900000.000000,12208000.000000,74505167000.000000,,0.000000,147906904000.000000,147906904000.000000,0.000000,152201117000.000000,148124266000.000000,4076851000.000000,27918800000.000000,,,,,385000.000000,-4820500000.000000,,32537857000.000000,201058000.000000,15537122000.000000,15537122000.000000,2137155708.000000,0.000000,0.000000,0.226000,25354117000.000000,16656021000.000000,68099716000.000000,0.000000,5.982000,20.982000,20.630000,4727936000.000000,0.000000,98.070000,4.881000,4.903000,8685759000.000000,51939270000.000000,68840371000.000000,9469101926.000000,2847323000.000000,,,,,,22506794000.000000,0.250000,5438394000.000000,5462542000.000000,5865102000.000000,6.934000,314229232000.000000,1631825000.000000,3513480000.000000,55903000.000000,230.097000
MRQ,2023-12-31,2023-12-31,2023-12-31,2023-Q4,141849571000.000000,199806130005.000000,2025-04-28,4723760000.000000,348078120000.000000,,294750472000.000000,53327648000.000000,,136.703000,-583429000.000000,121779905000.000000,17176291255.000000,35078272000.000000,23280309000.000000,1.928000,0.859000,10165901000.000000,2290118000.000000,7875783000.000000,1433836530.000000,2144610000.000000,,16878746000.000000,0.000000,0.000000,26868671000.000000,,,,3789657405.000000,26860516000.000000,17.080000,16.040000,2.409000,187241607000.000000,,26409253456.000000,186940989696.000000,18.000000,17.957000,36307242000.000000,26.507000,7.090000,53802764000.000000,0.605000,21148000.000000,8155000.000000,83542067000.000000,,0.000000,157415365000.000000,157415365000.000000,0.000000,160836513000.000000,152900901000.000000,7935612000.000000,10426646000.000000,,,,,-8968297000.000000,-16470671000.000000,,36890671000.000000,-1025057000.000000,23280309000.000000,23280309000.000000,3283541467.000000,0.000000,0.000000,0.262000,31407796000.000000,22394968000.000000,74997252000.000000,0.000000,7.566000,23.600000,23.406000,5084486000.000000,0.000000,146.310000,5.721000,5.672000,11342187000.000000,75118597000.000000,88881036000.000000,12536112271.000000,2864430000.000000,,,,,,28543366000.000000,0.250000,5462542000.000000,5478791000.000000,5797276000.000000,9.152000,348056972000.000000,270738000.000000,3580207000.000000,59829000.000000,254.112000
MRQ,2024-03-31,2024-03-31,2024-03-31,2024-Q1,165071954000.000000,159207600938.000000,2025-04-28,5034235000.000000,377826127000.000000,,316469963000.000000,61356164000.000000,,158.779000,0.000000,114704917000.000000,15931238472.000000,32694686000.000000,27997826000.000000,2.090000,0.728000,9479671000.000000,1801443000.000000,7678228000.000000,1316620972.000000,2281087000.000000,,17248091000.000000,0.000000,0.000000,33065578000.000000,,,,4592441389.000000,33065578000.000000,20.320000,18.960000,2.822000,218705969000.000000,,30375829028.000000,143705655938.000000,11.000000,,21067179000.000000,15.295000,7.200000,54117373000.000000,0.623000,21994000.000000,0.000000,121180878000.000000,,0.000000,186539732000.000000,186539732000.000000,0.000000,159120158000.000000,151398009000.000000,7722149000.000000,-7074988000.000000,,,,,30000.000000,-28290121000.000000,,21067179000.000000,147924000.000000,27997826000.000000,27997826000.000000,3888586944.000000,0.000000,0.000000,0.323000,28143720000.000000,25973653000.000000,74493746000.000000,0.000000,5.241000,14.342000,14.332000,4834944000.000000,0.000000,116.250000,3.862000,3.884000,11742882000.000000,103116423000.000000,86812059000.000000,12057230417.000000,2909620000.000000,,,,,,25234100000.000000,0.250000,5478111000.000000,5509682000.000000,5907021000.000000,8.753000,377804133000.000000,44116000.000000,5067752000.000000,43921000.000000,274.284000
MRQ,2024-06-30,2024-06-30,2024-06-30,2024-Q2,188893148000.000000,183128055475.000000,2025-04-28,5799882000.000000,432744342000.000000,,359726252000.000000,73018090000.000000,,183.583000,0.000000,116116929000.000000,15994067355.000000,33698098000.000000,32009355000.000000,2.106000,0.704000,9765086000.000000,1866127000.000000,7898959000.000000,1345053168.000000,2413577000.000000,,17958628000.000000,0.000000,0.000000,37923968000.000000,,,,5223687052.000000,37923968000.000000,23.120000,21.600000,3.185000,253978218000.000000,,34983225620.000000,168574079541.000000,10.000000,,43792640000.000000,31.655000,7.260000,63361433000.000000,0.653000,21056000.000000,0.000000,155538339000.000000,,0.000000,228170850000.000000,228170850000.000000,0.000000,178766124000.000000,170833104000.000000,7933020000.000000,1412012000.000000,,,,,728000.000000,-42622100000.000000,,43792640000.000000,240744000.000000,32009355000.000000,32009355000.000000,4409002066.000000,0.000000,0.000000,0.330000,30796897000.000000,32564536000.000000,78707764000.000000,0.000000,5.235000,13.453000,13.428000,5101164000.000000,0.000000,132.950000,3.892000,3.909000,11480542000.000000,135125778000.000000,97059531000.000000,13369081405.000000,2909210000.000000,,,,,,27887687000.000000,0.250000,5509682000.000000,5533796000.000000,5925659000.000000,9.664000,432723286000.000000,76625000.000000,5914613000.000000,34061000.000000,312.786000
MRQ,2024-09-30,2024-09-30,2024-09-30,2024-Q3,206834365000.000000,186502759690.000000,2025-04-28,2867422000.000000,466793869000.000000,,386831287000.000000,79962582000.000000,,200.955000,0.000000,125688495000.000000,17652878511.000000,39709214000.000000,24980694000.000000,2.149000,0.676000,10236831000.000000,2015098000.000000,8221733000.000000,1437757163.000000,2951591000.000000,,16769864000.000000,0.000000,0.000000,29182314000.000000,,,,4098639607.000000,29182314000.000000,18.040000,16.920000,2.534000,278504920000.000000,,39115859551.000000,171586652677.000000,10.000000,,27522313000.000000,19.859000,7.120000,59645187000.000000,0.600000,20088000.000000,0.000000,171325195000.000000,,0.000000,243166321000.000000,243166321000.000000,0.000000,188288949000.000000,179996922000.000000,8292027000.000000,9571566000.000000,,,,,132000.000000,-16898558000.000000,,27522313000.000000,-1052321000.000000,24980694000.000000,24980694000.000000,3508524438.000000,0.000000,0.000000,0.251000,35352729000.000000,24292458000.000000,82780215000.000000,0.000000,4.768000,12.265000,12.218000,5695694000.000000,0.000000,134.810000,3.569000,3.575000,13922664000.000000,160106472000.000000,99354401000.000000,13954269803.000000,3063353000.000000,,,,,,32289376000.000000,0.250000,5533796000.000000,5543633000.000000,5909793000.000000,10.069000,466773781000.000000,272699000.000000,4201620000.000000,70294000.000000,336.800000
MRQ,2024-12-31,2024-12-31,2024-12-31,2024-Q4,227225379000.000000,134419241168.000000,2025-04-28,7824545000.000000,505034316000.000000,,415648232000.000000,89386084000.000000,,225.530000,-966597000.000000,126194421000.000000,17286906986.000000,47798376000.000000,27446637000.000000,2.206000,0.612000,10607140000.000000,7415575000.000000,3191565000.000000,1453032877.000000,2947041000.000000,,16460600000.000000,0.000000,0.000000,32529433000.000000,,,,4456086712.000000,32529433000.000000,19.760000,18.520000,2.707000,313313124000.000000,,42919606027.000000,118317195979.000000,7.000000,6.382000,28580563000.000000,20.573000,7.300000,62811730000.000000,0.568000,19170000.000000,0.000000,201005012000.000000,,0.000000,273791856000.000000,273791856000.000000,0.000000,191721192000.000000,188422853000.000000,3298339000.000000,505926000.000000,,,,,274000.000000,-30545257000.000000,,29547160000.000000,1503749000.000000,27446637000.000000,27446637000.000000,3759813288.000000,0.000000,0.000000,0.248000,37219515000.000000,25592215000.000000,91655947000.000000,0.000000,3.132000,8.727000,8.715000,5943678000.000000,0.000000,96.990000,2.492000,2.488000,11248489000.000000,187421411000.000000,110610106000.000000,15152069315.000000,3777178000.000000,,,,,,33442337000.000000,0.250000,5543633000.000000,5556926000.000000,5925370000.000000,10.907000,505015146000.000000,15998000.000000,5082796000.000000,106774000.000000,363.521000
MRT,2016-12-31,2016-12-31,2016-12-31,2016-Q4,339207000.000000,,2025-04-28,24580000.000000,1770751000.000000,,1753503000.000000,17248000.000000,,-0.939000,-2301000.000000,1319843000.000000,191281594.000000,577870000.000000,-291977000.000000,1.240000,-3.318000,0.000000,0.000000,0.000000,0.000000,0.000000,756000.000000,221626000.000000,,0.000000,-291977000.000000,-291221000.000000,-0.577000,-42205942.000000,-42315507.000000,-291977000.000000,-0.720000,-0.720000,-0.104000,-426278000.000000,,-61779420.000000,,,,877476000.000000,1.934000,6.900000,-73006000.000000,-0.145000,0.000000,0.000000,-963388000.000000,,0.000000,305000000.000000,290000000.000000,15000000.000000,1414296000.000000,1414296000.000000,0.000000,1079411000.000000,0.000000,0.000000,0.000000,0.000000,486538000.000000,-307301000.000000,-305000000.000000,879777000.000000,20397000.000000,-291977000.000000,-322407000.000000,-46725652.000000,0.000000,0.000000,-0.639000,213204000.000000,-286210000.000000,1141774000.000000,0.000000,,,,2248000.000000,30430000.000000,,,,102929000.000000,-472445000.000000,504864000.000000,73168696.000000,29421000.000000,,,,-0.578000,4064000.000000,183783000.000000,0.250000,,1815200000.000000,1815200000.000000,0.161000,1770751000.000000,0.000000,0.000000,0.000000,3.902000
MRT,2017-06-30,2017-06-30,2017-06-30,2017-Q2,,,2025-04-28,,,,,,,,,,,,,,,,,,,,,,,0.000000,,,,,,,,,,,,,,,,,,6.810000,,,,,,,,,,,,,,,,,,,,,,,,,,,,,,,,,,,,,,,,,,,,,,,,,,,,,0.250000,,1758769820.000000,,,,,,,
MRT,2017-09-30,2017-09-30,2017-09-30,2017-Q3,,,2025-04-28,,,,,,,,,,,,,,,,,,,,,,,0.000000,,,,,,,,,,,,,,,,,,6.646000,,,,,,,,,,,,,,,,,,,,,,,,,,,,,,,,,,,,,,,,,,,,,,,,,,,,,0.250000,,1758769820.000000,,,,,,,
MRT,2017-12-31,2017-12-31,2017-12-31,2017-Q4,1028321000.000000,,2025-04-28,0.000000,13314470000.000000,7542610500.000000,13137828000.000000,176642000.000000,0.231000,2.731000,-8559000.000000,12429001000.000000,1878741308.000000,722830000.000000,-525115000.000000,1.085000,10.050000,0.000000,0.000000,0.000000,0.000000,0.000000,2265000.000000,1834538000.000000,,0.000000,-525115000.000000,-522850000.000000,-0.300000,-79032892.000000,-79375265.000000,-525115000.000000,-1.120000,-1.120000,-0.169000,1204963000.000000,389342500.000000,182139640.000000,,,,9677769000.000000,21.935000,6.616000,1021246000.000000,0.586000,0.000000,0.000000,-11224038000.000000,-6093713000.000000,0.000000,212363000.000000,50000000.000000,162363000.000000,12109507000.000000,12109507000.000000,0.000000,11109158000.000000,0.000000,-32677000.000000,0.000000,0.000000,1398860000.000000,71651000.000000,80210000.000000,9686328000.000000,-47681000.000000,-525115000.000000,-498702000.000000,-75382732.000000,0.000000,0.000000,-0.286000,1606970000.000000,-585724000.000000,9838519000.000000,0.000000,,,,9279000.000000,-26413000.000000,,,,531085000.000000,-1030237000.000000,1744076000.000000,263630812.000000,129181000.000000,-0.066000,-1.281000,0.086000,-0.301000,13380000.000000,1477789000.000000,0.250000,4431145380.000000,1764799346.000000,1764799346.000000,0.598000,13314470000.000000,0.000000,0.000000,0.000000,30.178000
MRT,2018-03-31,2018-03-31,2018-03-31,2018-Q1,,,2025-04-28,,,,,,,,-8559000.000000,,,987097000.000000,-518413000.000000,,,,,,,,,,,0.000000,-518413000.000000,,,,-82020884.000000,-518413000.000000,-1.360000,-1.360000,-0.215000,,,,,,,8604262000.000000,19.569000,6.321000,2104564000.000000,0.681000,,0.000000,,,,,,,,,,14630148000.000000,,,,,6455921000.000000,-314707000.000000,,8612821000.000000,-123887000.000000,-518413000.000000,-598909000.000000,-94756586.000000,0.000000,0.000000,-0.194000,2727512000.000000,-622948000.000000,,0.000000,,,,,80496000.000000,,,,,,3091661000.000000,489148169.000000,185971000.000000,,,,-0.168000,,2541541000.000000,0.250000,4431145380.000000,1758770000.000000,1758770000.000000,1.112000,,,0.000000,,
MRT,2018-06-30,2018-06-30,2018-06-30,2018-Q2,6588792000.000000,,2025-04-28,396540000.000000,23273504000.000000,,20471938000.000000,2801566000.000000,,-3.216000,-8559000.000000,17816012000.000000,2699395758.000000,1267322000.000000,-6902760000.000000,1.475000,-8.899000,0.000000,0.000000,0.000000,0.000000,0.000000,,3299622000.000000,,0.000000,-6902760000.000000,,,,-1045872727.000000,-6902760000.000000,-14.520000,-14.520000,-2.200000,-1560147000.000000,,-236385909.000000,,,,8408338000.000000,17.332000,6.600000,4428768000.000000,0.778000,2786690000.000000,0.000000,-11212344000.000000,,0.000000,1300000000.000000,1300000000.000000,0.000000,13883146000.000000,13883146000.000000,0.000000,13139780000.000000,,,,,5806428000.000000,-1307481000.000000,,8416897000.000000,223936000.000000,-6902760000.000000,-6983256000.000000,-1058069091.000000,0.000000,0.000000,-1.226000,11565198000.000000,-7136430000.000000,9318220000.000000,0.000000,,,,14876000.000000,80496000.000000,,,,682521000.000000,-7805642000.000000,5696090000.000000,863043939.000000,347115000.000000,,,,-1.212000,,11218083000.000000,0.250000,4431145380.000000,1940537000.000000,1940537000.000000,1.779000,20486814000.000000,0.000000,0.000000,0.000000,42.229000
MRT,2018-09-30,2018-09-30,2018-09-30,2018-Q3,18000173000.000000,29123703010.000000,2025-04-28,986807000.000000,37003857000.000000,,34243427000.000000,2760430000.000000,,22.578000,-8559000.000000,25126827000.000000,3668149927.000000,1855238000.000000,-7779641000.000000,2.108000,0.782000,0.000000,0.000000,0.000000,0.000000,0.000000,,3794931000.000000,0.000000,0.000000,-7779641000.000000,,,,-1135714015.000000,-7779641000.000000,-15.200000,-15.200000,-2.219000,20760603000.000000,,3030744964.000000,26511384535.000000,-23.000000,,10721870000.000000,11.660000,6.850000,6790232000.000000,0.785000,2741320000.000000,0.000000,-7107544000.000000,,0.000000,7511280000.000000,7511280000.000000,0.000000,16243254000.000000,16243254000.000000,0.000000,21367206000.000000,,,,,17357993000.000000,-7321800000.000000,,10730429000.000000,600584000.000000,-7779641000.000000,-7860137000.000000,-1147465255.000000,0.000000,0.000000,-0.909000,14961768000.000000,-8171536000.000000,10793733000.000000,0.000000,9.609000,-25.381000,-11.848000,19110000.000000,80496000.000000,26.290000,23.075000,19.154000,820375000.000000,-8903965000.000000,8645470000.000000,1262112409.000000,643332000.000000,,,,-0.900000,,14318436000.000000,0.250000,4431145380.000000,3678051000.000000,3678051000.000000,1.373000,34262537000.000000,0.000000,0.000000,0.000000,37.262000
MRT,2018-12-31,2018-12-31,2018-12-31,2018-Q4,16031514000.000000,24858725582.000000,2025-04-28,1035783000.000000,43182063000.000000,28248266500.000000,40390983000.000000,2791080000.000000,0.464000,25.365000,-27292000.000000,30539686000.000000,4419636179.000000,2905249000.000000,-10217125000.000000,1.658000,1.294000,0.000000,0.000000,0.000000,0.000000,0.000000,497003000.000000,4379755000.000000,0.000000,0.000000,-10217125000.000000,-9720122000.000000,-0.741000,-1406674674.000000,-1478599855.000000,-10217125000.000000,-13.880000,-13.880000,-2.009000,18822594000.000000,10013778500.000000,2723964399.000000,21232920820.000000,-14.000000,-15.094000,7740635000.000000,10.431000,6.910000,10214741000.000000,0.779000,2579338000.000000,0.000000,-14296430000.000000,-12760234000.000000,0.000000,7630689000.000000,7630689000.000000,0.000000,24359469000.000000,24359469000.000000,0.000000,18110685000.000000,0.000000,11523631000.000000,0.000000,0.000000,17344357000.000000,-7548509000.000000,-7521217000.000000,7767927000.000000,546910000.000000,-10217125000.000000,-10297621000.000000,-1490249059.000000,0.000000,0.000000,-0.785000,21014482000.000000,-10799741000.000000,17275934000.000000,0.000000,9.126000,-16.681000,-11.171000,29075000.000000,80496000.000000,22.440000,13.093000,8.770000,1266619000.000000,-11327858000.000000,13119990000.000000,1898696093.000000,1116057000.000000,-0.365000,-1.028000,0.801000,-0.779000,6841573000.000000,19898425000.000000,0.250000,4431145380.000000,2968319549.000000,2968319549.000000,2.559000,40602725000.000000,0.000000,0.000000,0.000000,54.715000
MRT,2019-03-31,2019-03-31,2019-03-31,2019-Q1,22224358000.000000,27473101356.000000,2025-04-28,627566000.000000,49783765000.000000,38310797250.000000,46806774000.000000,2976991000.000000,0.425000,21.960000,-27292000.000000,37219239000.000000,5555110299.000000,3459863000.000000,-11893812000.000000,1.904000,0.989000,236822000.000000,73037000.000000,163785000.000000,35346567.000000,0.000000,,5151626000.000000,0.000000,0.000000,-11893812000.000000,,,,-1775195821.000000,-11893812000.000000,-17.360000,-17.360000,-2.591000,25029129000.000000,15763044750.000000,3735690896.000000,22914939266.000000,-13.000000,,6880911000.000000,6.037000,6.700000,12820727000.000000,0.787000,2381247000.000000,0.000000,-14162315000.000000,-11694658250.000000,0.000000,6919548000.000000,6919548000.000000,0.000000,24754636000.000000,24582416000.000000,172220000.000000,20526552000.000000,,,,,19513617000.000000,-6289480000.000000,,6908203000.000000,394212000.000000,-11893812000.000000,-11893812000.000000,-1775195821.000000,0.000000,0.000000,-0.731000,25487856000.000000,-12667129000.000000,15657163000.000000,0.000000,7.354000,-15.476000,-9.571000,254925000.000000,0.000000,24.800000,11.306000,11.632000,1399145000.000000,-13205566000.000000,16280590000.000000,2429938806.000000,1710320000.000000,-0.310000,-0.755000,1.017000,-0.731000,,23777536000.000000,0.250000,4431145380.000000,4559017000.000000,4559017000.000000,2.132000,47402518000.000000,0.000000,0.000000,0.000000,41.590000
MRT,2019-06-30,2019-06-30,2019-06-30,2019-Q2,22307391000.000000,22980214408.000000,2025-04-28,1116597000.000000,54360850000.000000,46082633750.000000,51305759000.000000,3055091000.000000,0.453000,21.600000,-27292000.000000,40664166000.000000,5893357391.000000,4666742000.000000,-6403174000.000000,1.769000,1.165000,327452000.000000,80026000.000000,247426000.000000,47456812.000000,0.000000,,6101200000.000000,0.000000,0.000000,-6403174000.000000,,,,-927996232.000000,-6403174000.000000,-4.840000,-4.840000,-0.701000,25106885000.000000,22429802750.000000,3638678986.000000,17460450677.000000,-19.000000,,9941249000.000000,8.553000,6.900000,16194810000.000000,0.776000,2277009000.000000,0.000000,-17251241000.000000,-13204382500.000000,0.000000,7935421000.000000,7935421000.000000,0.000000,29253965000.000000,28998368000.000000,255597000.000000,22848154000.000000,,,,,19517406000.000000,-7137753000.000000,,9968541000.000000,499960000.000000,-6403174000.000000,-6403174000.000000,-927996232.000000,0.000000,0.000000,-0.307000,23716132000.000000,-7521322000.000000,17830719000.000000,0.000000,6.316000,-24.763000,-29.411000,341144000.000000,0.000000,20.630000,7.601000,7.931000,1495524000.000000,-14208816000.000000,20861552000.000000,3023413333.000000,2327955000.000000,-0.139000,-0.285000,0.485000,-0.307000,,21388177000.000000,0.250000,4455688688.000000,4649429000.000000,4649429000.000000,2.601000,52083841000.000000,0.000000,0.000000,0.000000,44.809000
MRT,2019-09-30,2019-09-30,2019-09-30,2019-Q3,28372360000.000000,35890572382.000000,2025-04-28,1804675000.000000,64576062000.000000,52975685000.000000,61589384000.000000,2986678000.000000,0.472000,22.328000,-45162000.000000,34366077000.000000,4840292535.000000,5725376000.000000,-7639859000.000000,1.854000,1.488000,5475695000.000000,80882000.000000,5394813000.000000,771224648.000000,0.000000,,7033131000.000000,0.000000,0.000000,-7633709000.000000,,,,-1075170282.000000,-7639859000.000000,-5.640000,-5.640000,-0.794000,25956276000.000000,23728721000.000000,3655813521.000000,30144601727.000000,-28.000000,,10910198000.000000,9.385000,7.100000,19277706000.000000,0.771000,2182296000.000000,6150000.000000,286360000.000000,-11355906500.000000,0.000000,24560779000.000000,24560779000.000000,0.000000,38619786000.000000,33217024000.000000,5402762000.000000,9239250000.000000,,,,,14946896000.000000,-17096441000.000000,,10955360000.000000,433435000.000000,-7639859000.000000,-7639859000.000000,-1076036479.000000,0.000000,0.000000,-0.306000,28321522000.000000,-9043816000.000000,19819656000.000000,0.000000,9.817000,-33.354000,-40.561000,354392000.000000,0.000000,32.220000,10.192000,10.636000,1777926000.000000,-16543824000.000000,25003082000.000000,3521560845.000000,3123196000.000000,-0.144000,-0.322000,0.672000,-0.305000,,25198326000.000000,0.250000,4455688688.000000,4649925000.000000,4649925000.000000,3.029000,62393766000.000000,0.000000,0.000000,0.000000,53.673000
MRT,2019-12-31,2019-12-31,2019-12-31,2019-Q4,27233657000.000000,43960351195.000000,2025-04-28,1448230000.000000,76057336000.000000,61194503250.000000,73001463000.000000,3055873000.000000,0.493000,21.306000,-26961000.000000,33345857000.000000,4763693857.000000,6338778000.000000,-6967603000.000000,1.595000,2.086000,6649757000.000000,1014482000.000000,5635275000.000000,949965286.000000,0.000000,711037000.000000,8446882000.000000,0.000000,0.000000,-6821745000.000000,-6110708000.000000,-0.203000,-872958286.000000,-974535000.000000,-6967603000.000000,-6.040000,-6.040000,-0.863000,24646866000.000000,25184789000.000000,3520980857.000000,39833153766.000000,-41.000000,-45.630000,14794015000.000000,12.789000,7.000000,23803108000.000000,0.790000,1994292000.000000,145858000.000000,1599138000.000000,-7382014500.000000,0.000000,35288827000.000000,35288827000.000000,0.000000,51410470000.000000,45767806000.000000,5642664000.000000,2806171000.000000,-459632000.000000,7993828000.000000,7860903000.000000,0.000000,15854731000.000000,-28319678000.000000,-27833085000.000000,14820976000.000000,450142000.000000,-6967603000.000000,-6967603000.000000,-995371857.000000,0.000000,0.000000,-0.231000,32341319000.000000,-8538211000.000000,29926488000.000000,0.000000,12.485000,-44.165000,-43.831000,558461000.000000,0.000000,37.820000,10.209000,10.160000,3416502000.000000,-18295461000.000000,30141886000.000000,4305983714.000000,3870358000.000000,-0.114000,-0.277000,0.924000,-0.226000,2557706000.000000,28470961000.000000,0.250000,4649429000.000000,4627278394.000000,4627278394.000000,3.722000,74063044000.000000,0.000000,0.000000,0.000000,64.023000
MRT,2020-03-31,2020-03-31,2020-03-31,2020-Q1,24457332000.000000,41879731718.000000,2025-04-28,1820761000.000000,76176887000.000000,67792783750.000000,73090114000.000000,3086773000.000000,0.474000,18.674000,-26961000.000000,32499125000.000000,4642732143.000000,7295711000.000000,-9209224000.000000,1.503000,2.509000,8060436000.000000,2232822000.000000,5827614000.000000,1151490857.000000,619769000.000000,,8639172000.000000,0.000000,0.000000,-8912732000.000000,,,,-1273247429.000000,-9209224000.000000,-7.960000,-7.960000,-1.137000,21709441000.000000,24354867000.000000,3101348714.000000,38066003146.000000,-30.000000,,15770196000.000000,13.565000,7.000000,24842030000.000000,0.773000,1866532000.000000,296492000.000000,1238884000.000000,-3531714750.000000,0.000000,37048472000.000000,37048472000.000000,0.000000,54467446000.000000,48632782000.000000,5834664000.000000,-4720114000.000000,,,,,9066375000.000000,-30361343000.000000,,15797157000.000000,777697000.000000,-9209224000.000000,-9209224000.000000,-1315603429.000000,0.000000,0.000000,-0.287000,35656953000.000000,-10814923000.000000,28713943000.000000,0.000000,13.504000,-31.833000,-31.685000,528247000.000000,0.000000,36.030000,9.122000,9.123000,2627914000.000000,-22414790000.000000,32137741000.000000,4591105857.000000,4676427000.000000,-0.136000,-0.378000,2.524000,-0.277000,,30980526000.000000,0.250000,4649429000.000000,4650112000.000000,4650112000.000000,3.949000,74310355000.000000,0.000000,0.000000,0.000000,63.921000
MRT,2020-06-30,2020-06-30,2020-06-30,2020-Q2,30196211000.000000,99791403520.000000,2025-04-28,1794728000.000000,90900666000.000000,76927737750.000000,85581966000.000000,5318700000.000000,0.482000,24.675000,-26961000.000000,36677890000.000000,5165900000.000000,8363117000.000000,-9105323000.000000,1.545000,2.082000,8881739000.000000,2898759000.000000,5982980000.000000,1250949155.000000,750548000.000000,,9923180000.000000,0.000000,0.000000,-8645913000.000000,,,,-1217734225.000000,-9105323000.000000,-7.840000,-7.840000,-1.104000,29493860000.000000,25451610750.000000,4154064789.000000,96349334647.000000,-79.000000,,17117550000.000000,14.321000,7.100000,28677931000.000000,0.774000,1706291000.000000,459410000.000000,6012469000.000000,2284212750.000000,0.000000,44801078000.000000,44801078000.000000,0.000000,61406806000.000000,55385755000.000000,6021051000.000000,-3986276000.000000,,,,,17485116000.000000,-38917738000.000000,,17144511000.000000,301835000.000000,-9105323000.000000,-9105323000.000000,-1282439859.000000,0.000000,0.000000,-0.246000,39642023000.000000,-10964092000.000000,33978503000.000000,0.000000,24.023000,-77.814000,-77.738000,562451000.000000,0.000000,85.840000,19.128000,19.667000,2857547000.000000,-23314139000.000000,37041048000.000000,5217049014.000000,5535119000.000000,-0.118000,-0.358000,-3.785000,-0.233000,,34106904000.000000,0.250000,4650112000.000000,4781243000.000000,4781243000.000000,4.365000,89194375000.000000,0.000000,0.000000,0.000000,74.620000
MRT,2020-09-30,2020-09-30,2020-09-30,2020-Q3,25095021000.000000,88632292112.000000,2025-04-28,533303000.000000,99410926000.000000,85636453750.000000,90170569000.000000,9240357000.000000,0.511000,23.738000,-9091000.000000,44528760000.000000,6538731278.000000,9789954000.000000,-7555023000.000000,1.386000,2.500000,8851017000.000000,2955341000.000000,5895676000.000000,1299708811.000000,1042093000.000000,,10574559000.000000,0.000000,0.000000,-6936125000.000000,,,,-1018520558.000000,-7555023000.000000,-6.480000,-6.480000,-0.952000,28403662000.000000,26063457250.000000,4170875477.000000,84621303512.000000,-83.000000,,22838980000.000000,19.087000,6.810000,33946928000.000000,0.776000,1486959000.000000,618898000.000000,-2829324000.000000,1505291750.000000,0.000000,39859089000.000000,39859089000.000000,0.000000,71007264000.000000,65075548000.000000,5931716000.000000,10162683000.000000,,,,,10518112000.000000,-23196936000.000000,,22848071000.000000,-6564000.000000,-7555023000.000000,-7555023000.000000,-1109401322.000000,0.000000,0.000000,-0.173000,43414785000.000000,-9467857000.000000,40299835000.000000,0.000000,21.250000,-79.892000,-77.926000,580585000.000000,0.000000,74.150000,13.800000,13.815000,3980135000.000000,-24098847000.000000,43736882000.000000,6422449633.000000,6212767000.000000,-0.088000,-0.290000,-4.608000,-0.159000,,37202018000.000000,0.250000,4781243000.000000,4786276000.000000,4786276000.000000,5.367000,97923967000.000000,0.000000,0.000000,0.000000,81.837000
MRT,2020-12-31,2020-12-31,2020-12-31,2020-Q4,65641801000.000000,210511499985.000000,2025-04-28,-1047728000.000000,158908614000.000000,106349273250.000000,149523878000.000000,9384736000.000000,0.559000,50.479000,-42995000.000000,74843636000.000000,11443981040.000000,19278641000.000000,-7179742000.000000,1.783000,1.641000,16967083000.000000,2119352000.000000,14847731000.000000,2594355199.000000,0.000000,800468000.000000,13349509000.000000,0.000000,0.000000,-6422406000.000000,-5621938000.000000,-0.094000,-859623547.000000,-982019266.000000,-7179742000.000000,-6.040000,-6.040000,-0.924000,60175888000.000000,34945712750.000000,9201206116.000000,205113959440.000000,-209.000000,-238.609000,28153632000.000000,23.617000,6.540000,40213224000.000000,0.676000,1276751000.000000,757336000.000000,15873233000.000000,5073815500.000000,0.000000,64551094000.000000,64551094000.000000,0.000000,98732726000.000000,83882077000.000000,14850649000.000000,41497779000.000000,-238000000.000000,37868777000.000000,13930225000.000000,0.000000,51798996000.000000,-38357901000.000000,-38076906000.000000,28196627000.000000,-139943000.000000,-7179742000.000000,-7179742000.000000,-1097819878.000000,0.000000,0.000000,-0.121000,49593549000.000000,-9380325000.000000,53833981000.000000,0.000000,22.879000,-191.754000,-192.378000,832680000.000000,0.000000,177.670000,23.142000,23.283000,4969617000.000000,-25475203000.000000,59491865000.000000,9096615443.000000,6891653000.000000,-0.068000,-0.205000,-1.266000,-0.108000,3613043000.000000,42701896000.000000,0.250000,4739382000.000000,4768343300.000000,4768343300.000000,7.631000,157631863000.000000,0.000000,0.000000,0.000000,132.232000
MRT,2021-03-31,2021-03-31,2021-03-31,2021-Q1,60498469000.000000,162483361590.000000,2025-04-28,-531699000.000000,153419852000.000000,125660014500.000000,139636736000.000000,13783116000.000000,0.598000,50.052000,-42995000.000000,64310718000.000000,9788541553.000000,28194444000.000000,-5965829000.000000,1.764000,1.460000,12827737000.000000,906935000.000000,11920802000.000000,1952471385.000000,1786246000.000000,,11589459000.000000,0.000000,0.000000,-5023671000.000000,,,,-764637900.000000,-5965829000.000000,-4.880000,-4.880000,-0.743000,62358316000.000000,45107931500.000000,9491372298.000000,153620183489.000000,-201.000000,,24996155000.000000,20.063000,6.570000,46923461000.000000,0.625000,1169499000.000000,942158000.000000,21629105000.000000,10171370750.000000,0.000000,66342813000.000000,66342813000.000000,0.000000,91061536000.000000,79138267000.000000,11923269000.000000,31811593000.000000,,,,,49354650000.000000,-42394756000.000000,,25039150000.000000,-187451000.000000,-5965829000.000000,-5965829000.000000,-908040944.000000,0.000000,0.000000,-0.079000,56053509000.000000,-9130048000.000000,49360986000.000000,0.000000,17.119000,-178.938000,-180.244000,879618000.000000,0.000000,133.880000,14.211000,14.589000,4830382000.000000,-28380619000.000000,75117905000.000000,11433471081.000000,7637246000.000000,-0.047000,-0.132000,-0.494000,-0.067000,,48416263000.000000,0.250000,4854597000.000000,4983530000.000000,4983530000.000000,9.177000,152250353000.000000,0.000000,0.000000,0.000000,122.203000
MRT,2021-06-30,2021-06-30,2021-06-30,2021-Q2,67499956000.000000,158251995150.000000,2025-04-28,-1666114000.000000,156739756000.000000,142119787000.000000,147573939000.000000,9165817000.000000,0.605000,51.776000,-42995000.000000,67368845000.000000,10364437692.000000,33430215000.000000,-2651900000.000000,1.843000,1.415000,12068548000.000000,302639000.000000,11765909000.000000,1856699692.000000,973989000.000000,,12636683000.000000,0.000000,0.000000,-1578661000.000000,,,,-242870923.000000,-2651900000.000000,-2.200000,-2.440000,-0.338000,64897907000.000000,53958943250.000000,9984293385.000000,150207779369.000000,-618.000000,,26872034000.000000,21.439000,6.500000,52540595000.000000,0.611000,1004580000.000000,1073239000.000000,20360896000.000000,13758477500.000000,0.000000,73026502000.000000,73026502000.000000,0.000000,91841849000.000000,80073983000.000000,11767866000.000000,30690955000.000000,,,,,40299290000.000000,-36182994000.000000,,26915029000.000000,-340370000.000000,-2651900000.000000,-2651900000.000000,-407984615.000000,0.000000,0.000000,-0.031000,58033582000.000000,-5492987000.000000,50754254000.000000,0.000000,15.850000,-387.887000,-375.286000,937084000.000000,0.000000,127.020000,11.965000,12.038000,4331194000.000000,-25966039000.000000,85970810000.000000,13226278462.000000,8303721000.000000,-0.019000,-0.049000,-0.115000,-0.018000,,49729861000.000000,0.250000,4983530000.000000,5013747000.000000,5719402000.000000,10.552000,155735176000.000000,0.000000,0.000000,0.000000,124.247000
MRT,2021-09-30,2021-09-30,2021-09-30,2021-Q3,70796411000.000000,113649110122.000000,2025-04-28,-1414093000.000000,166528759000.000000,158899245250.000000,157093286000.000000,9435473000.000000,0.587000,54.257000,-42995000.000000,62362962000.000000,9668676279.000000,36728708000.000000,-227232000.000000,1.820000,1.445000,12461134000.000000,338709000.000000,12122425000.000000,1931958760.000000,1144073000.000000,,12966330000.000000,0.000000,0.000000,1833566000.000000,,,,284273798.000000,627534000.000000,-0.240000,-0.640000,-0.037000,68107970000.000000,63885020250.000000,10559375194.000000,105115113672.000000,370.000000,,27286810000.000000,21.737000,6.450000,56538078000.000000,0.606000,860610000.000000,1206032000.000000,29469446000.000000,21833170000.000000,0.000000,86785027000.000000,86785027000.000000,0.000000,98420789000.000000,86296875000.000000,12123914000.000000,17834202000.000000,,,,,40299436000.000000,-49492697000.000000,,27329805000.000000,-302342000.000000,-227232000.000000,-227232000.000000,-35229767.000000,0.000000,0.000000,-0.002000,58596055000.000000,-2057977000.000000,53201246000.000000,0.000000,10.763000,-3225.940000,-2436.756000,2967168000.000000,0.000000,90.670000,7.860000,7.871000,4564376000.000000,-24326079000.000000,93266786000.000000,14459966822.000000,8921256000.000000,-0.001000,-0.004000,0.084000,0.020000,,49674799000.000000,0.250000,5013747000.000000,5021164000.000000,5703986000.000000,11.519000,165668149000.000000,14224000.000000,854766000.000000,0.000000,131.976000
MRT,2021-12-31,2021-12-31,2021-12-31,2021-Q4,67179454000.000000,73183465300.000000,2025-04-28,-2519900000.000000,181209718000.000000,164474521250.000000,160909168000.000000,20300550000.000000,0.571000,59.940000,-3286838000.000000,66043971000.000000,10319370469.000000,31718093000.000000,7768670000.000000,1.717000,1.412000,12760334000.000000,427164000.000000,12333170000.000000,1993802188.000000,0.000000,1844243000.000000,14744316000.000000,0.000000,0.000000,10933257000.000000,12777500000.000000,0.136000,1996484375.000000,1708321406.000000,9702255000.000000,6.200000,5.440000,0.969000,75114547000.000000,67619685000.000000,11736647969.000000,65386304675.000000,38.000000,32.751000,25496173000.000000,20.345000,6.400000,62231846000.000000,0.662000,701220000.000000,1231002000.000000,33495147000.000000,26238648500.000000,0.000000,86516618000.000000,86516618000.000000,0.000000,106095171000.000000,93729714000.000000,12365457000.000000,-8799665000.000000,0.000000,0.000000,-1875472000.000000,0.000000,-1875154000.000000,-35562365000.000000,-32720564000.000000,28783011000.000000,-145157000.000000,7768670000.000000,7768670000.000000,1213854688.000000,0.000000,0.000000,0.083000,55335084000.000000,6896762000.000000,62509714000.000000,0.000000,6.235000,60.290000,60.181000,3141860000.000000,0.000000,58.300000,4.985000,4.977000,4923892000.000000,-17706533000.000000,93949939000.000000,14679677969.000000,8992590000.000000,0.047000,0.115000,0.417000,0.116000,4774730000.000000,46342494000.000000,0.250000,5021164000.000000,5012651334.000000,5713764297.000000,11.714000,180508498000.000000,31504000.000000,1933585000.000000,31291000.000000,144.042000
MRT,2022-03-31,2022-03-31,2022-03-31,2022-Q1,68642564000.000000,50453797432.000000,2025-04-28,-2651317000.000000,168718621000.000000,168299213500.000000,146164961000.000000,22553660000.000000,0.568000,60.875000,-3286838000.000000,52133992000.000000,8145936250.000000,28131638000.000000,13273537000.000000,1.885000,1.201000,14928998000.000000,418356000.000000,14510642000.000000,2332655938.000000,1060656000.000000,,13955037000.000000,0.000000,0.000000,16680122000.000000,,,,2606269062.000000,15771936000.000000,10.600000,9.320000,1.656000,76652977000.000000,71193350250.000000,11977027656.000000,41996077274.000000,16.000000,,20152624000.000000,16.005000,6.400000,67444891000.000000,0.706000,556760000.000000,908186000.000000,53434470000.000000,34189989750.000000,0.000000,87815868000.000000,87815868000.000000,0.000000,92065644000.000000,77522397000.000000,14543247000.000000,-12176726000.000000,,,,,-636237000.000000,-34793407000.000000,,23439462000.000000,-186544000.000000,13273537000.000000,13273537000.000000,2073990156.000000,0.000000,0.000000,0.139000,54246767000.000000,13198124000.000000,47166443000.000000,0.000000,4.213000,24.327000,24.217000,2578572000.000000,0.000000,40.110000,3.378000,3.382000,4187876000.000000,-13740576000.000000,95576529000.000000,14933832656.000000,9442354000.000000,0.079000,0.186000,0.488000,0.175000,,44804413000.000000,0.250000,5031543000.000000,5036733000.000000,5688094000.000000,11.860000,168161861000.000000,23143000.000000,2498399000.000000,32069000.000000,133.548000
MRT,2022-06-30,2022-06-30,2022-06-30,2022-Q2,89731887000.000000,77817524850.000000,2025-04-28,864028000.000000,191999405000.000000,177114125750.000000,175446301000.000000,16553104000.000000,0.587000,72.116000,-3286838000.000000,62864021000.000000,9382689701.000000,28195618000.000000,19755297000.000000,2.047000,1.112000,15814672000.000000,477639000.000000,15337033000.000000,2360398806.000000,1242716000.000000,,14772915000.000000,0.000000,0.000000,24439094000.000000,,,,3647625970.000000,23811759000.000000,15.720000,13.880000,2.346000,90909209000.000000,77696175750.000000,13568538657.000000,72256240246.000000,20.000000,,32155280000.000000,25.508000,6.700000,75774259000.000000,0.729000,435841000.000000,627335000.000000,58799801000.000000,43799716000.000000,0.000000,106322578000.000000,106322578000.000000,0.000000,101090196000.000000,85714414000.000000,15375782000.000000,-4504824000.000000,,,,,650000.000000,-39902622000.000000,,35442118000.000000,-44970000.000000,19755297000.000000,19755297000.000000,2948551791.000000,0.000000,0.000000,0.190000,55876447000.000000,19897812000.000000,52897387000.000000,0.000000,5.735000,26.392000,26.340000,2333166000.000000,0.000000,61.800000,5.015000,5.020000,4727886000.000000,-4844236000.000000,103969877000.000000,15517892090.000000,9724889000.000000,0.112000,0.254000,0.558000,0.235000,,46151558000.000000,0.250000,5036733000.000000,5042417000.000000,5716947000.000000,12.310000,191563564000.000000,24148000.000000,4056462000.000000,38669000.000000,151.962000
MRT,2022-09-30,2022-09-30,2022-09-30,2022-Q3,108138090000.000000,78888613965.000000,2025-04-28,4630973000.000000,209107984000.000000,187758932000.000000,193570296000.000000,15537688000.000000,0.628000,84.834000,-3286838000.000000,74409935000.000000,10334713194.000000,29051102000.000000,28703911000.000000,2.266000,0.952000,17012698000.000000,512838000.000000,16499860000.000000,2362874722.000000,1391560000.000000,,15122695000.000000,0.000000,0.000000,33785334000.000000,,,,4692407500.000000,33442784000.000000,22.800000,20.080000,3.167000,107129871000.000000,87451651000.000000,14879148750.000000,71938931690.000000,15.000000,,35070535000.000000,27.772000,7.200000,88917321000.000000,0.754000,297856000.000000,342550000.000000,65980685000.000000,52927525750.000000,0.000000,112207949000.000000,112207949000.000000,0.000000,101978113000.000000,85432206000.000000,16545907000.000000,12046973000.000000,,,,,762000.000000,-26494259000.000000,,38357373000.000000,183097000.000000,28703911000.000000,28703911000.000000,3986654306.000000,0.000000,0.000000,0.243000,60722168000.000000,28195153000.000000,51562514000.000000,0.000000,5.302000,19.788000,19.762000,2383445000.000000,0.000000,62.580000,4.815000,4.823000,5156610000.000000,5744338000.000000,117968423000.000000,16384503194.000000,10000634000.000000,0.153000,0.328000,0.638000,0.286000,,50721534000.000000,0.250000,5042417000.000000,5051256000.000000,5776165000.000000,12.975000,208810128000.000000,27707000.000000,4738873000.000000,46047000.000000,165.353000
MRT,2022-12-31,2022-12-31,2022-12-31,2022-Q4,99728396000.000000,102982481700.000000,2025-04-28,3322238000.000000,237119953000.000000,201736490750.000000,216617876000.000000,20502077000.000000,0.647000,93.145000,-635676000.000000,92300417000.000000,13242527547.000000,31462298000.000000,31538062000.000000,1.853000,1.013000,16934324000.000000,14487787000.000000,2446537000.000000,2429601722.000000,1389655000.000000,2735084000.000000,15058229000.000000,0.000000,0.000000,36315384000.000000,39050468000.000000,0.299000,5602649641.000000,5210241607.000000,36263729000.000000,24.960000,21.920000,3.581000,117770911000.000000,98115742000.000000,16896830846.000000,94999555831.000000,18.000000,16.956000,47872184000.000000,37.862000,6.970000,99095291000.000000,0.759000,134002000.000000,51655000.000000,44730378000.000000,55736333500.000000,0.000000,115112554000.000000,115112554000.000000,0.000000,119349042000.000000,116889480000.000000,2459562000.000000,26256446000.000000,0.000000,0.000000,0.000000,0.000000,10079000.000000,-22361670000.000000,-21725994000.000000,48507860000.000000,100177000.000000,31538062000.000000,31538062000.000000,4524829555.000000,0.000000,0.000000,0.242000,68693370000.000000,30401921000.000000,63316695000.000000,0.000000,6.095000,22.759000,22.773000,2460928000.000000,0.000000,81.550000,5.498000,5.505000,6906526000.000000,15193035000.000000,130557589000.000000,18731361406.000000,10384716000.000000,0.156000,0.321000,0.652000,0.278000,7718365000.000000,58308654000.000000,0.250000,5051256000.000000,5057540000.000000,5761291000.000000,14.815000,236985951000.000000,1045030000.000000,4725667000.000000,13025000.000000,187.432000
MRT,2023-03-31,2023-03-31,2023-03-31,2023-Q1,104788307000.000000,96756143550.000000,2025-04-28,2426753000.000000,240066250000.000000,219573398000.000000,215810923000.000000,24255327000.000000,0.658000,95.792000,-635676000.000000,70670000000.000000,10286754003.000000,35427988000.000000,37039638000.000000,1.944000,0.898000,16974790000.000000,14441655000.000000,2533135000.000000,2470857351.000000,1543135000.000000,,15683470000.000000,0.000000,0.000000,42848968000.000000,,,,6237113246.000000,42798266000.000000,29.000000,25.640000,4.221000,126510117000.000000,110580027000.000000,18414864192.000000,85785824336.000000,14.000000,,58278302000.000000,44.127000,6.870000,108972962000.000000,0.755000,23403000.000000,50702000.000000,75325021000.000000,61208971250.000000,0.000000,137263553000.000000,137263553000.000000,0.000000,113556133000.000000,111022616000.000000,2533517000.000000,18536008000.000000,,,,,10089000.000000,-40129828000.000000,,58913978000.000000,-258231000.000000,37039638000.000000,37039638000.000000,5391504803.000000,0.000000,0.000000,0.257000,73796429000.000000,35176533000.000000,55878527000.000000,0.000000,5.254000,17.946000,17.980000,2588456000.000000,0.000000,75.900000,4.603000,4.769000,5589628000.000000,23294062000.000000,144400950000.000000,21019061135.000000,10222866000.000000,0.169000,0.335000,0.700000,0.297000,,63573563000.000000,0.250000,5099138000.000000,5282720000.000000,5850378000.000000,15.915000,240042847000.000000,1298602000.000000,5758628000.000000,382000.000000,181.757000
MRT,2023-06-30,2023-06-30,2023-06-30,2023-Q2,115212076000.000000,91311815200.000000,2025-04-28,6254971000.000000,274285357000.000000,240144886000.000000,241206173000.000000,33079184000.000000,0.688000,106.902000,-635676000.000000,83434459000.000000,11524096547.000000,46155909000.000000,41251384000.000000,1.914000,0.887000,18269446000.000000,15386487000.000000,2882959000.000000,2523404144.000000,1639290000.000000,,16131012000.000000,0.000000,0.000000,48659882000.000000,,,,6720978177.000000,48610391000.000000,31.600000,28.400000,4.365000,145344079000.000000,124188744500.000000,20075149033.000000,83585885704.000000,12.000000,,62300412000.000000,45.823000,7.240000,119086221000.000000,0.721000,22651000.000000,49491000.000000,83103596000.000000,67284920000.000000,0.000000,148129260000.000000,148129260000.000000,0.000000,128941278000.000000,125994097000.000000,2947181000.000000,20570438000.000000,,,,,17054000.000000,-43056417000.000000,,62936088000.000000,673713000.000000,41251384000.000000,41251384000.000000,5697704972.000000,0.000000,0.000000,0.250000,79888100000.000000,39198121000.000000,60115463000.000000,0.000000,4.548000,16.026000,15.841000,3186338000.000000,0.000000,69.140000,4.001000,4.119000,6657191000.000000,36402148000.000000,165242130000.000000,22823498619.000000,10345464000.000000,0.172000,0.332000,0.723000,0.294000,,69542636000.000000,0.250000,5282720000.000000,5438394000.000000,5833348000.000000,16.787000,274262706000.000000,1544634000.000000,7359007000.000000,64222000.000000,201.723000
MRT,2023-09-30,2023-09-30,2023-09-30,2023-Q3,123451550000.000000,133335824895.000000,2025-04-28,5952839000.000000,314251132000.000000,266430673000.000000,271575816000.000000,42675316000.000000,0.745000,118.663000,-635676000.000000,111353259000.000000,15316816919.000000,65572010000.000000,46199932000.000000,1.833000,0.939000,19753460000.000000,15732512000.000000,4020948000.000000,2717119670.000000,2043857000.000000,,16282948000.000000,0.000000,0.000000,55583295000.000000,,,,7645570151.000000,55535242000.000000,34.560000,31.640000,4.754000,162050015000.000000,137918780500.000000,22290235901.000000,124297681622.000000,16.000000,,83186446000.000000,60.914000,7.270000,133006187000.000000,0.670000,21900000.000000,48053000.000000,74505167000.000000,69416040500.000000,0.000000,147906904000.000000,147906904000.000000,0.000000,152201117000.000000,148124266000.000000,4076851000.000000,36943324000.000000,,,,,17181000.000000,-47520523000.000000,,83822122000.000000,624544000.000000,46199932000.000000,46199932000.000000,6354873728.000000,0.000000,0.000000,0.233000,87588658000.000000,45417529000.000000,68099716000.000000,0.000000,5.982000,20.982000,20.630000,4727936000.000000,0.000000,98.070000,4.881000,4.903000,8685759000.000000,51939270000.000000,198578197000.000000,27314745117.000000,10494621000.000000,0.173000,0.335000,0.801000,0.280000,,77094037000.000000,0.250000,5438394000.000000,5462542000.000000,5865102000.000000,20.001000,314229232000.000000,1631825000.000000,9335310000.000000,55903000.000000,230.097000
MRT,2023-12-31,2023-12-31,2023-12-31,2023-Q4,141849571000.000000,199806130005.000000,2025-04-28,4723760000.000000,348078120000.000000,294170214750.000000,294750472000.000000,53327648000.000000,0.842000,138.285000,-583429000.000000,121779905000.000000,17176291255.000000,91723577000.000000,60026544000.000000,1.928000,0.859000,10165901000.000000,2290118000.000000,7875783000.000000,1433836530.000000,2144610000.000000,1888205000.000000,16878746000.000000,0.000000,0.000000,71920435000.000000,73808640000.000000,0.298000,10410245416.000000,10143925952.000000,71876448000.000000,44.320000,41.160000,6.251000,187241607000.000000,155286454500.000000,26409253456.000000,186940989696.000000,18.000000,17.957000,93579102000.000000,69.112000,7.090000,155915628000.000000,0.630000,21148000.000000,43987000.000000,83542067000.000000,79118962750.000000,0.000000,157415365000.000000,157415365000.000000,0.000000,160836513000.000000,152900901000.000000,7935612000.000000,29479488000.000000,0.000000,0.000000,-8968817000.000000,0.000000,-8960626000.000000,-55431278000.000000,-54977638000.000000,94162531000.000000,-291139000.000000,60026544000.000000,60026544000.000000,8466367278.000000,0.000000,0.000000,0.242000,97216866000.000000,58698762000.000000,74997252000.000000,0.000000,7.566000,23.600000,23.406000,5084486000.000000,0.000000,146.310000,5.721000,5.672000,11342187000.000000,75118597000.000000,247639205000.000000,34927955571.000000,10952374000.000000,0.204000,0.387000,0.909000,0.290000,7078794000.000000,86264492000.000000,0.250000,5462542000.000000,5416106000.000000,5839630000.000000,25.796000,348056972000.000000,270738000.000000,11849904000.000000,59829000.000000,257.053000
MRT,2024-03-31,2024-03-31,2024-03-31,2024-Q1,165071954000.000000,159207600938.000000,2025-04-28,5034235000.000000,377826127000.000000,328610184000.000000,316469963000.000000,61356164000.000000,0.903000,158.779000,-583429000.000000,114704917000.000000,15931238472.000000,113292978000.000000,79923343000.000000,2.090000,0.728000,9479671000.000000,1801443000.000000,7678228000.000000,1316620972.000000,2281087000.000000,,17248091000.000000,0.000000,0.000000,95275524000.000000,,,,13232711667.000000,95243224000.000000,58.400000,54.600000,8.111000,218705969000.000000,178335417500.000000,30375829028.000000,143705655938.000000,11.000000,,113308259000.000000,82.261000,7.200000,183521236000.000000,0.618000,21994000.000000,32300000.000000,121180878000.000000,90582927000.000000,0.000000,186539732000.000000,186539732000.000000,0.000000,159120158000.000000,151398009000.000000,7722149000.000000,44034917000.000000,,,,,-8960649000.000000,-61101152000.000000,,113891688000.000000,205030000.000000,79923343000.000000,79923343000.000000,11100464306.000000,0.000000,0.000000,0.269000,105777839000.000000,77743397000.000000,74493746000.000000,0.000000,5.241000,14.342000,14.332000,4834944000.000000,0.000000,116.250000,3.862000,3.884000,11742882000.000000,103116423000.000000,296814214000.000000,41224196389.000000,11355337000.000000,0.243000,0.448000,1.052000,0.321000,,94422502000.000000,0.250000,5478111000.000000,5509682000.000000,5907021000.000000,29.929000,377804133000.000000,44116000.000000,15319881000.000000,43921000.000000,274.284000
MRT,2024-06-30,2024-06-30,2024-06-30,2024-Q2,188893148000.000000,183128055475.000000,2025-04-28,5799882000.000000,432744342000.000000,368224930250.000000,359726252000.000000,73018090000.000000,0.928000,183.583000,-583429000.000000,116116929000.000000,15994067355.000000,128301289000.000000,98824612000.000000,2.106000,0.704000,9765086000.000000,1866127000.000000,7898959000.000000,1345053168.000000,2413577000.000000,,17958628000.000000,0.000000,0.000000,116921027000.000000,,,,16104824656.000000,116900664000.000000,71.880000,67.200000,9.901000,253978218000.000000,205493952250.000000,34983225620.000000,168574079541.000000,10.000000,,133704918000.000000,96.646000,7.260000,213291708000.000000,0.624000,21056000.000000,20363000.000000,155538339000.000000,108691612750.000000,0.000000,228170850000.000000,228170850000.000000,0.000000,178766124000.000000,170833104000.000000,7933020000.000000,32682470000.000000,,,,,-8967154000.000000,-92203392000.000000,,134288347000.000000,-435331000.000000,98824612000.000000,98824612000.000000,13612205510.000000,0.000000,0.000000,0.289000,115702530000.000000,97589178000.000000,78707764000.000000,0.000000,5.235000,13.453000,13.428000,5101164000.000000,0.000000,132.950000,3.892000,3.909000,11480542000.000000,135125778000.000000,341592997000.000000,47051376997.000000,11530583000.000000,0.268000,0.481000,1.076000,0.342000,,104171947000.000000,0.250000,5509682000.000000,5533796000.000000,5925659000.000000,34.010000,432723286000.000000,76625000.000000,18076052000.000000,34061000.000000,312.786000
MRT,2024-09-30,2024-09-30,2024-09-30,2024-Q3,206834365000.000000,186502759690.000000,2025-04-28,2867422000.000000,466793869000.000000,406360614500.000000,386831287000.000000,79962582000.000000,0.916000,200.955000,-583429000.000000,125688495000.000000,17652878511.000000,141180270000.000000,108268184000.000000,2.149000,0.676000,10236831000.000000,2015098000.000000,8221733000.000000,1437757163.000000,2951591000.000000,,16769864000.000000,0.000000,0.000000,127040531000.000000,,,,17842771208.000000,127032376000.000000,78.560000,73.520000,11.034000,278504920000.000000,234607678500.000000,39115859551.000000,171586652677.000000,10.000000,,128689374000.000000,92.856000,7.120000,230926757000.000000,0.621000,20088000.000000,8155000.000000,171325195000.000000,132896619750.000000,0.000000,243166321000.000000,243166321000.000000,0.000000,188288949000.000000,179996922000.000000,8292027000.000000,14335236000.000000,,,,,-8967407000.000000,-104281450000.000000,,129272803000.000000,-1688710000.000000,108268184000.000000,108268184000.000000,15206205618.000000,0.000000,0.000000,0.291000,125701142000.000000,105225615000.000000,82780215000.000000,0.000000,4.768000,12.265000,12.218000,5695694000.000000,0.000000,134.810000,3.569000,3.575000,13922664000.000000,160106472000.000000,372107027000.000000,52262222893.000000,11746613000.000000,0.266000,0.461000,0.956000,0.341000,,113954529000.000000,0.250000,5533796000.000000,5543633000.000000,5909793000.000000,37.710000,466773781000.000000,272699000.000000,18764192000.000000,70294000.000000,336.800000
MRT,2024-12-31,2024-12-31,2024-12-31,2024-Q4,227225379000.000000,134419241168.000000,2025-04-28,7824545000.000000,505034316000.000000,445599663500.000000,415648232000.000000,89386084000.000000,0.884000,226.380000,-966597000.000000,126194421000.000000,17286906986.000000,153900374000.000000,112434512000.000000,2.206000,0.612000,10607140000.000000,7415575000.000000,3191565000.000000,1453032877.000000,2947041000.000000,2640887000.000000,16460600000.000000,0.000000,0.000000,132701293000.000000,135342180000.000000,0.344000,18540024658.000000,18178259315.000000,132701293000.000000,81.240000,76.000000,11.129000,313313124000.000000,266125557750.000000,42919606027.000000,118317195979.000000,7.000000,6.382000,120962695000.000000,87.400000,7.300000,239935723000.000000,0.609000,19170000.000000,0.000000,201005012000.000000,162262356000.000000,0.000000,273791856000.000000,273791856000.000000,0.000000,191721192000.000000,188422853000.000000,3298339000.000000,4414516000.000000,0.000000,0.000000,-91000.000000,0.000000,1164000.000000,-118356036000.000000,-117424591000.000000,121929292000.000000,840096000.000000,112434512000.000000,112434512000.000000,15401987945.000000,0.000000,0.000000,0.285000,131512861000.000000,108422862000.000000,91655947000.000000,0.000000,3.132000,8.727000,8.715000,5943678000.000000,0.000000,96.990000,2.492000,2.488000,11248489000.000000,187421411000.000000,393836097000.000000,53950150274.000000,12659361000.000000,0.252000,0.422000,0.818000,0.337000,9883564000.000000,118853500000.000000,0.250000,5543633000.000000,5536049000.000000,5916592000.000000,38.981000,505015146000.000000,15998000.000000,20266781000.000000,106774000.000000,364.892000
MRY,2016-12-31,2016-12-31,2016-12-31,2016-FY,339207000.000000,,2025-04-28,24580000.000000,1770751000.000000,,1753503000.000000,17248000.000000,,-0.939000,-2301000.000000,1319843000.000000,191281594.000000,577870000.000000,-291977000.000000,1.240000,-3.318000,0.000000,0.000000,0.000000,0.000000,0.000000,756000.000000,221626000.000000,,0.000000,-291977000.000000,-291221000.000000,-0.577000,-42205942.000000,-42315507.000000,-291977000.000000,-0.720000,-0.720000,-0.104000,-426278000.000000,,-61779420.000000,,,,877476000.000000,1.934000,6.900000,-73006000.000000,-0.145000,0.000000,0.000000,-963388000.000000,,0.000000,305000000.000000,290000000.000000,15000000.000000,1414296000.000000,1414296000.000000,0.000000,1079411000.000000,0.000000,0.000000,0.000000,0.000000,486538000.000000,-307301000.000000,-305000000.000000,879777000.000000,20397000.000000,-291977000.000000,-322407000.000000,-46725652.000000,0.000000,0.000000,-0.639000,213204000.000000,-286210000.000000,1141774000.000000,0.000000,,,,2248000.000000,30430000.000000,,,,102929000.000000,-472445000.000000,504864000.000000,73168696.000000,29421000.000000,,,,-0.578000,4064000.000000,183783000.000000,0.250000,,1815200000.000000,1815200000.000000,0.161000,1770751000.000000,0.000000,0.000000,0.000000,3.902000
MRY,2017-12-31,2017-12-31,2017-12-31,2017-FY,1028321000.000000,,2025-04-28,0.000000,13314470000.000000,7542610500.000000,13137828000.000000,176642000.000000,0.231000,2.731000,-8559000.000000,12429001000.000000,1878741308.000000,722830000.000000,-525115000.000000,1.085000,10.050000,0.000000,0.000000,0.000000,0.000000,0.000000,2265000.000000,1834538000.000000,,0.000000,-525115000.000000,-522850000.000000,-0.300000,-79032892.000000,-79375265.000000,-525115000.000000,-1.120000,-1.120000,-0.169000,1204963000.000000,389342500.000000,182139640.000000,,,,9677769000.000000,21.935000,6.616000,1021246000.000000,0.586000,0.000000,0.000000,-11224038000.000000,-6093713000.000000,0.000000,212363000.000000,50000000.000000,162363000.000000,12109507000.000000,12109507000.000000,0.000000,11109158000.000000,0.000000,-32677000.000000,0.000000,0.000000,1398860000.000000,71651000.000000,80210000.000000,9686328000.000000,-47681000.000000,-525115000.000000,-498702000.000000,-75382732.000000,0.000000,0.000000,-0.286000,1606970000.000000,-585724000.000000,9838519000.000000,0.000000,,,,9279000.000000,-26413000.000000,,,,531085000.000000,-1030237000.000000,1744076000.000000,263630812.000000,129181000.000000,-0.066000,-1.281000,0.086000,-0.301000,13380000.000000,1477789000.000000,0.250000,4431145380.000000,1764799346.000000,1764799346.000000,0.598000,13314470000.000000,0.000000,0.000000,0.000000,30.178000
MRY,2018-12-31,2018-12-31,2018-12-31,2018-FY,16031514000.000000,24858725582.000000,2025-04-28,1035783000.000000,43182063000.000000,28248266500.000000,40390983000.000000,2791080000.000000,0.464000,25.365000,-27292000.000000,30539686000.000000,4419636179.000000,2905249000.000000,-10217125000.000000,1.658000,1.294000,0.000000,0.000000,0.000000,0.000000,0.000000,497003000.000000,4379755000.000000,0.000000,0.000000,-10217125000.000000,-9720122000.000000,-0.741000,-1406674674.000000,-1478599855.000000,-10217125000.000000,-13.880000,-13.880000,-2.009000,18822594000.000000,10013778500.000000,2723964399.000000,21232920820.000000,-14.000000,-15.094000,7740635000.000000,10.431000,6.910000,10214741000.000000,0.779000,2579338000.000000,0.000000,-14296430000.000000,-12760234000.000000,0.000000,7630689000.000000,7630689000.000000,0.000000,24359469000.000000,24359469000.000000,0.000000,18110685000.000000,0.000000,11523631000.000000,0.000000,0.000000,17344357000.000000,-7548509000.000000,-7521217000.000000,7767927000.000000,546910000.000000,-10217125000.000000,-10297621000.000000,-1490249059.000000,0.000000,0.000000,-0.785000,21014482000.000000,-10799741000.000000,17275934000.000000,0.000000,9.126000,-16.681000,-11.171000,29075000.000000,80496000.000000,22.440000,13.093000,8.770000,1266619000.000000,-11327858000.000000,13119990000.000000,1898696093.000000,1116057000.000000,-0.365000,-1.028000,0.801000,-0.779000,6841573000.000000,19898425000.000000,0.250000,4431145380.000000,2968319549.000000,2968319549.000000,2.559000,40602725000.000000,0.000000,0.000000,0.000000,54.715000
MRY,2019-12-31,2019-12-31,2019-12-31,2019-FY,27233657000.000000,43960351195.000000,2025-04-28,1448230000.000000,76057336000.000000,61194503250.000000,73001463000.000000,3055873000.000000,0.493000,21.306000,-26961000.000000,33345857000.000000,4763693857.000000,6338778000.000000,-6967603000.000000,1.595000,2.086000,6649757000.000000,1014482000.000000,5635275000.000000,949965286.000000,0.000000,711037000.000000,8446882000.000000,0.000000,0.000000,-6821745000.000000,-6110708000.000000,-0.203000,-872958286.000000,-974535000.000000,-6967603000.000000,-6.040000,-6.040000,-0.863000,24646866000.000000,25184789000.000000,3520980857.000000,39833153766.000000,-41.000000,-45.630000,14794015000.000000,12.789000,7.000000,23803108000.000000,0.790000,1994292000.000000,145858000.000000,1599138000.000000,-7382014500.000000,0.000000,35288827000.000000,35288827000.000000,0.000000,51410470000.000000,45767806000.000000,5642664000.000000,2806171000.000000,-459632000.000000,7993828000.000000,7860903000.000000,0.000000,15854731000.000000,-28319678000.000000,-27833085000.000000,14820976000.000000,450142000.000000,-6967603000.000000,-6967603000.000000,-995371857.000000,0.000000,0.000000,-0.231000,32341319000.000000,-8538211000.000000,29926488000.000000,0.000000,12.485000,-44.165000,-43.831000,558461000.000000,0.000000,37.820000,10.209000,10.160000,3416502000.000000,-18295461000.000000,30141886000.000000,4305983714.000000,3870358000.000000,-0.114000,-0.277000,0.924000,-0.226000,2557706000.000000,28470961000.000000,0.250000,4649429000.000000,4627278394.000000,4627278394.000000,3.722000,74063044000.000000,0.000000,0.000000,0.000000,64.023000
MRY,2020-12-31,2020-12-31,2020-12-31,2020-FY,65641801000.000000,210511499985.000000,2025-04-28,-1047728000.000000,158908614000.000000,106349273250.000000,149523878000.000000,9384736000.000000,0.559000,50.479000,-42995000.000000,74843636000.000000,11443981040.000000,19278641000.000000,-7179742000.000000,1.783000,1.641000,16967083000.000000,2119352000.000000,14847731000.000000,2594355199.000000,0.000000,800468000.000000,13349509000.000000,0.000000,0.000000,-6422406000.000000,-5621938000.000000,-0.094000,-859623547.000000,-982019266.000000,-7179742000.000000,-6.040000,-6.040000,-0.924000,60175888000.000000,34945712750.000000,9201206116.000000,205113959440.000000,-209.000000,-238.609000,28153632000.000000,23.617000,6.540000,40213224000.000000,0.676000,1276751000.000000,757336000.000000,15873233000.000000,5073815500.000000,0.000000,64551094000.000000,64551094000.000000,0.000000,98732726000.000000,83882077000.000000,14850649000.000000,41497779000.000000,-238000000.000000,37868777000.000000,13930225000.000000,0.000000,51798996000.000000,-38357901000.000000,-38076906000.000000,28196627000.000000,-139943000.000000,-7179742000.000000,-7179742000.000000,-1097819878.000000,0.000000,0.000000,-0.121000,49593549000.000000,-9380325000.000000,53833981000.000000,0.000000,22.879000,-191.754000,-192.378000,832680000.000000,0.000000,177.670000,23.142000,23.283000,4969617000.000000,-25475203000.000000,59491865000.000000,9096615443.000000,6891653000.000000,-0.068000,-0.205000,-1.266000,-0.108000,3613043000.000000,42701896000.000000,0.250000,4739382000.000000,4768343300.000000,4768343300.000000,7.631000,157631863000.000000,0.000000,0.000000,0.000000,132.232000
MRY,2021-12-31,2021-12-31,2021-12-31,2021-FY,67179454000.000000,73183465300.000000,2025-04-28,-2519900000.000000,181209718000.000000,164474521250.000000,160909168000.000000,20300550000.000000,0.571000,59.940000,-3286838000.000000,66043971000.000000,10319370469.000000,31718093000.000000,7768670000.000000,1.717000,1.412000,12760334000.000000,427164000.000000,12333170000.000000,1993802188.000000,0.000000,1844243000.000000,14744316000.000000,0.000000,0.000000,10933257000.000000,12777500000.000000,0.136000,1996484375.000000,1708321406.000000,9702255000.000000,6.200000,5.440000,0.969000,75114547000.000000,67619685000.000000,11736647969.000000,65386304675.000000,38.000000,32.751000,25496173000.000000,20.345000,6.400000,62231846000.000000,0.662000,701220000.000000,1231002000.000000,33495147000.000000,26238648500.000000,0.000000,86516618000.000000,86516618000.000000,0.000000,106095171000.000000,93729714000.000000,12365457000.000000,-8799665000.000000,0.000000,0.000000,-1875472000.000000,0.000000,-1875154000.000000,-35562365000.000000,-32720564000.000000,28783011000.000000,-145157000.000000,7768670000.000000,7768670000.000000,1213854688.000000,0.000000,0.000000,0.083000,55335084000.000000,6896762000.000000,62509714000.000000,0.000000,6.235000,60.290000,60.181000,3141860000.000000,0.000000,58.300000,4.985000,4.977000,4923892000.000000,-17706533000.000000,93949939000.000000,14679677969.000000,8992590000.000000,0.047000,0.115000,0.417000,0.116000,4774730000.000000,46342494000.000000,0.250000,5021164000.000000,5012651334.000000,5713764297.000000,11.714000,180508498000.000000,31504000.000000,1933585000.000000,31291000.000000,144.042000
MRY,2022-12-31,2022-12-31,2022-12-31,2022-FY,99728396000.000000,102982481700.000000,2025-04-28,3322238000.000000,237119953000.000000,201736490750.000000,216617876000.000000,20502077000.000000,0.647000,93.145000,-635676000.000000,92300417000.000000,13242527547.000000,31462298000.000000,31538062000.000000,1.853000,1.013000,16934324000.000000,14487787000.000000,2446537000.000000,2429601722.000000,1389655000.000000,2735084000.000000,15058229000.000000,0.000000,0.000000,36315384000.000000,39050468000.000000,0.299000,5602649641.000000,5210241607.000000,36263729000.000000,24.960000,21.920000,3.581000,117770911000.000000,98115742000.000000,16896830846.000000,94999555831.000000,18.000000,16.956000,47872184000.000000,37.862000,6.970000,99095291000.000000,0.759000,134002000.000000,51655000.000000,44730378000.000000,55736333500.000000,0.000000,115112554000.000000,115112554000.000000,0.000000,119349042000.000000,116889480000.000000,2459562000.000000,26256446000.000000,0.000000,0.000000,0.000000,0.000000,10079000.000000,-22361670000.000000,-21725994000.000000,48507860000.000000,100177000.000000,31538062000.000000,31538062000.000000,4524829555.000000,0.000000,0.000000,0.242000,68693370000.000000,30401921000.000000,63316695000.000000,0.000000,6.095000,22.759000,22.773000,2460928000.000000,0.000000,81.550000,5.498000,5.505000,6906526000.000000,15193035000.000000,130557589000.000000,18731361406.000000,10384716000.000000,0.156000,0.321000,0.652000,0.278000,7718365000.000000,58308654000.000000,0.250000,5051256000.000000,5057540000.000000,5761291000.000000,14.815000,236985951000.000000,1045030000.000000,4725667000.000000,13025000.000000,187.432000
MRY,2023-12-31,2023-12-31,2023-12-31,2023-FY,141849571000.000000,199806130005.000000,2025-04-28,4723760000.000000,348078120000.000000,294170214750.000000,294750472000.000000,53327648000.000000,0.842000,138.285000,-583429000.000000,121779905000.000000,17176291255.000000,91723577000.000000,60026544000.000000,1.928000,0.859000,10165901000.000000,2290118000.000000,7875783000.000000,1433836530.000000,2144610000.000000,1888205000.000000,16878746000.000000,0.000000,0.000000,71920435000.000000,73808640000.000000,0.298000,10410245416.000000,10143925952.000000,71876448000.000000,44.320000,41.160000,6.251000,187241607000.000000,155286454500.000000,26409253456.000000,186940989696.000000,18.000000,17.957000,93579102000.000000,69.112000,7.090000,155915628000.000000,0.630000,21148000.000000,43987000.000000,83542067000.000000,79118962750.000000,0.000000,157415365000.000000,157415365000.000000,0.000000,160836513000.000000,152900901000.000000,7935612000.000000,29479488000.000000,0.000000,0.000000,-8968817000.000000,0.000000,-8960626000.000000,-55431278000.000000,-54977638000.000000,94162531000.000000,-291139000.000000,60026544000.000000,60026544000.000000,8466367278.000000,0.000000,0.000000,0.242000,97216866000.000000,58698762000.000000,74997252000.000000,0.000000,7.566000,23.600000,23.406000,5084486000.000000,0.000000,146.310000,5.721000,5.672000,11342187000.000000,75118597000.000000,247639205000.000000,34927955571.000000,10952374000.000000,0.204000,0.387000,0.909000,0.290000,7078794000.000000,86264492000.000000,0.250000,5462542000.000000,5416106000.000000,5839630000.000000,25.796000,348056972000.000000,270738000.000000,11849904000.000000,59829000.000000,257.053000
MRY,2024-12-31,2024-12-31,2024-12-31,2024-FY,227225379000.000000,134419241168.000000,2025-04-28,7824545000.000000,505034316000.000000,445599663500.000000,415648232000.000000,89386084000.000000,0.884000,226.380000,-966597000.000000,126194421000.000000,17286906986.000000,153900374000.000000,112434512000.000000,2.206000,0.612000,10607140000.000000,7415575000.000000,3191565000.000000,1453032877.000000,2947041000.000000,2640887000.000000,16460600000.000000,0.000000,0.000000,132701293000.000000,135342180000.000000,0.344000,18540024658.000000,18178259315.000000,132701293000.000000,81.240000,76.000000,11.129000,313313124000.000000,266125557750.000000,42919606027.000000,118317195979.000000,7.000000,6.382000,120962695000.000000,87.400000,7.300000,239935723000.000000,0.609000,19170000.000000,0.000000,201005012000.000000,162262356000.000000,0.000000,273791856000.000000,273791856000.000000,0.000000,191721192000.000000,188422853000.000000,3298339000.000000,4414516000.000000,0.000000,0.000000,-91000.000000,0.000000,1164000.000000,-118356036000.000000,-117424591000.000000,121929292000.000000,840096000.000000,112434512000.000000,112434512000.000000,15401987945.000000,0.000000,0.000000,0.285000,131512861000.000000,108422862000.000000,91655947000.000000,0.000000,3.132000,8.727000,8.715000,5943678000.000000,0.000000,96.990000,2.492000,2.488000,11248489000.000000,187421411000.000000,393836097000.000000,53950150274.000000,12659361000.000000,0.252000,0.422000,0.818000,0.337000,9883564000.000000,118853500000.000000,0.250000,5543633000.000000,5536049000.000000,5916592000.000000,38.981000,505015146000.000000,15998000.000000,20266781000.000000,106774000.000000,364.892000
