dimension,calendardate,datekey,reportperiod,fiscalperiod,workingcapital,marketcap,lastupdated,accoci,assets,assetsavg,assetsc,assetsnc,assetturnover,bvps,capex,cashneq,cashnequsd,cor,consolinc,currentratio,de,debt,debtc,debtnc,debtusd,deferredrev,depamor,deposits,divyield,dps,ebit,ebitda,ebitdamargin,ebitdausd,ebitusd,ebt,eps,epsdil,epsusd,equity,equityavg,equityusd,ev,evebit,evebitda,fcf,fcfps,fxusd,gp,grossmargin,intangibles,intexp,invcap,invcapavg,inventory,investments,investmentsc,investmentsnc,liabilities,liabilitiesc,liabilitiesnc,ncf,ncfbus,ncfcommon,ncfdebt,ncfdiv,ncff,ncfi,ncfinv,ncfo,ncfx,netinc,netinccmn,netinccmnusd,netincdis,netincnci,netmargin,opex,opinc,payables,payoutratio,pb,pe,pe1,ppnenet,prefdivis,price,ps,ps1,receivables,retearn,revenue,revenueusd,rnd,roa,roe,roic,ros,sbcomp,sgna,sharefactor,sharesbas,shareswa,shareswadil,sps,tangibles,taxassets,taxexp,taxliabilities,tbvps
ARQ,2018-12-31,2019-06-17,2018-12-31,2018-Q4,412646000.000000,,2025-04-29,0.000000,464941000.000000,,445223000.000000,19718000.000000,,-9.481000,,436086000.000000,436086000.000000,,,13.667000,-0.513000,54507000.000000,0.000000,54507000.000000,54507000.000000,0.000000,,0.000000,,0.000000,,,,,,,,,,-170580000.000000,,-170580000.000000,,,,,,1.000000,,,0.000000,,50785000.000000,,0.000000,17050000.000000,0.000000,17050000.000000,87579000.000000,32577000.000000,55002000.000000,,,,,,,,,,,,,,,,,,,13509000.000000,,,,,1575000.000000,,,,,0.000000,-170580000.000000,,,,,,,,,,1.000000,114999967.000000,17991781.000000,,,464941000.000000,0.000000,,0.000000,25.842000
ARQ,2019-03-31,2019-06-26,2019-03-31,2019-Q1,347001000.000000,,2025-04-29,0.000000,401374000.000000,,382473000.000000,18901000.000000,,-12.468000,-427000.000000,373027000.000000,373027000.000000,0.000000,-77687000.000000,10.782000,-0.386000,54861000.000000,0.000000,54861000.000000,54861000.000000,0.000000,112000.000000,0.000000,,0.000000,-67765000.000000,-67653000.000000,,-67653000.000000,-67765000.000000,-69436000.000000,-3.250000,-3.250000,-3.250000,-234733000.000000,,-234733000.000000,,,,-59567000.000000,-3.164000,1.000000,0.000000,,0.000000,1671000.000000,47736000.000000,,0.000000,12452000.000000,0.000000,12452000.000000,90713000.000000,35472000.000000,55241000.000000,-63218000.000000,-2000000.000000,0.000000,179000.000000,0.000000,-1651000.000000,-2427000.000000,0.000000,-59140000.000000,0.000000,-69436000.000000,-61185000.000000,-61185000.000000,0.000000,-8251000.000000,,63752000.000000,-63752000.000000,12344000.000000,0.000000,,,,1882000.000000,0.000000,,,,0.000000,-234733000.000000,0.000000,0.000000,44853000.000000,,,,,2232000.000000,18899000.000000,1.000000,114999967.000000,18827234.000000,18827234.000000,0.000000,401374000.000000,0.000000,0.000000,0.000000,21.319000
ARQ,2019-06-30,2019-08-14,2019-06-30,2019-Q2,268004000.000000,3022800206.000000,2025-04-29,0.000000,325540000.000000,,306709000.000000,18831000.000000,,-17.131000,-83000.000000,293803000.000000,293803000.000000,0.000000,-82635000.000000,7.924000,-0.350000,74997000.000000,0.000000,74997000.000000,74997000.000000,0.000000,132000.000000,0.000000,0.000000,0.000000,-72324000.000000,-72192000.000000,,-72192000.000000,-72324000.000000,-74265000.000000,-3.460000,-3.460000,-3.460000,-326068000.000000,,-326068000.000000,2803994206.000000,,,-68331000.000000,-3.590000,1.000000,0.000000,,0.000000,1941000.000000,68029000.000000,,0.000000,7495000.000000,0.000000,7495000.000000,114049000.000000,38705000.000000,75344000.000000,-78800000.000000,-500000.000000,0.000000,19787000.000000,0.000000,-9969000.000000,-583000.000000,0.000000,-68248000.000000,0.000000,-74265000.000000,-65895000.000000,-65895000.000000,0.000000,-8370000.000000,,69249000.000000,-69249000.000000,16065000.000000,0.000000,-9.270000,,,1865000.000000,0.000000,25.890000,,,0.000000,-326068000.000000,0.000000,0.000000,52331000.000000,,,,,3289000.000000,16918000.000000,1.000000,116755512.000000,19033838.000000,19033838.000000,0.000000,325540000.000000,0.000000,0.000000,0.000000,17.103000
ARQ,2019-09-30,2019-11-08,2019-09-30,2019-Q3,518297000.000000,3343938607.000000,2025-04-29,152000.000000,640530000.000000,,558155000.000000,82375000.000000,,3.927000,-381000.000000,413973000.000000,413973000.000000,2500000.000000,-60664000.000000,14.004000,0.253000,75017000.000000,0.000000,75017000.000000,75017000.000000,0.000000,374000.000000,0.000000,0.000000,0.000000,-57867000.000000,-57493000.000000,-2.150000,-57493000.000000,-57867000.000000,-59980000.000000,-0.510000,-0.510000,-0.510000,459758000.000000,,459758000.000000,3004982607.000000,,,-50377000.000000,-0.430000,1.000000,24241000.000000,0.907000,0.000000,2113000.000000,261716000.000000,,0.000000,198873000.000000,122080000.000000,76793000.000000,116263000.000000,39858000.000000,76405000.000000,120170000.000000,784000.000000,366237000.000000,0.000000,0.000000,367508000.000000,-197342000.000000,-197745000.000000,-49996000.000000,0.000000,-59980000.000000,-59980000.000000,-59980000.000000,0.000000,-684000.000000,-2.243000,78773000.000000,-54532000.000000,10270000.000000,0.000000,7.273000,,,2984000.000000,0.000000,27.060000,,,0.000000,-366573000.000000,26741000.000000,26741000.000000,55278000.000000,,,,,5846000.000000,23495000.000000,1.000000,123574967.000000,117071188.000000,117071188.000000,0.228000,640530000.000000,0.000000,0.000000,0.000000,5.471000
ARQ,2019-12-31,2020-03-03,2019-12-31,2019-Q4,508237000.000000,4033516504.000000,2025-04-29,254000.000000,631679000.000000,,568622000.000000,63057000.000000,,3.466000,-1747000.000000,363773000.000000,363773000.000000,0.000000,-84151000.000000,9.417000,0.381000,91791000.000000,0.000000,91791000.000000,91791000.000000,0.000000,-618000.000000,0.000000,0.000000,0.000000,-70418000.000000,-71036000.000000,-5.140000,-71036000.000000,-70418000.000000,-73458000.000000,-0.620000,-0.620000,-0.620000,408454000.000000,,408454000.000000,3761534504.000000,-15.000000,-14.937000,-77950000.000000,-0.662000,1.000000,13819000.000000,1.000000,0.000000,3040000.000000,299312000.000000,,0.000000,213364000.000000,182220000.000000,31144000.000000,155703000.000000,60385000.000000,95318000.000000,-50200000.000000,0.000000,2709000.000000,17152000.000000,0.000000,42904000.000000,-16901000.000000,-15154000.000000,-76203000.000000,0.000000,-73458000.000000,-73458000.000000,-73458000.000000,0.000000,-10693000.000000,-5.316000,92457000.000000,-78638000.000000,8852000.000000,0.000000,9.875000,-15.479000,-13.141000,5625000.000000,0.000000,32.590000,99.446000,84.447000,0.000000,-440031000.000000,13819000.000000,13819000.000000,57485000.000000,,,,,10007000.000000,34972000.000000,1.000000,123765465.000000,117829913.000000,117829913.000000,0.117000,631679000.000000,0.000000,0.000000,0.000000,5.361000
ARQ,2020-03-31,2020-05-14,2020-03-31,2020-Q1,860043000.000000,3713921755.000000,2025-04-29,726000.000000,989799000.000000,,924957000.000000,64842000.000000,,3.232000,-4477000.000000,757049000.000000,757049000.000000,0.000000,-104082000.000000,14.249000,1.412000,472527000.000000,2510000.000000,470017000.000000,472527000.000000,0.000000,0.000000,0.000000,0.000000,0.000000,-87840000.000000,-87840000.000000,,-87840000.000000,-87840000.000000,-91850000.000000,-0.780000,-0.780000,-0.780000,380715000.000000,,380715000.000000,3429399755.000000,-12.000000,-11.884000,-88397000.000000,-0.750000,1.000000,0.000000,,0.000000,4010000.000000,640363000.000000,,0.000000,171336000.000000,148126000.000000,23210000.000000,537728000.000000,64914000.000000,472814000.000000,393276000.000000,0.000000,-75000000.000000,537625000.000000,0.000000,439173000.000000,38023000.000000,42500000.000000,-83920000.000000,0.000000,-91850000.000000,-91850000.000000,-91850000.000000,0.000000,-12232000.000000,,102487000.000000,-102487000.000000,13086000.000000,0.000000,9.755000,-12.755000,-5.698000,24610000.000000,0.000000,30.600000,91.566000,88.875000,0.000000,-531881000.000000,0.000000,0.000000,68225000.000000,,,,,10222000.000000,34262000.000000,1.000000,121369992.000000,117803438.000000,117803438.000000,0.000000,989799000.000000,0.000000,0.000000,0.000000,8.402000
ARQ,2020-06-30,2020-08-11,2020-06-30,2020-Q2,769295000.000000,3473847073.000000,2025-04-29,858000.000000,905227000.000000,,861935000.000000,43292000.000000,,2.271000,-199000.000000,540919000.000000,540919000.000000,0.000000,-136214000.000000,9.304000,2.174000,479303000.000000,3627000.000000,475676000.000000,479303000.000000,0.000000,0.000000,0.000000,0.000000,0.000000,-110280000.000000,-110280000.000000,,-110280000.000000,-110280000.000000,-121034000.000000,-1.030000,-1.030000,-1.030000,265759000.000000,,265759000.000000,3412231073.000000,-10.000000,-10.446000,-88048000.000000,-0.752000,1.000000,0.000000,,0.000000,10754000.000000,750971000.000000,,0.000000,300020000.000000,300020000.000000,0.000000,577715000.000000,92640000.000000,485075000.000000,-216130000.000000,0.000000,0.000000,-664000.000000,0.000000,703000.000000,-128984000.000000,-128785000.000000,-87849000.000000,0.000000,-121034000.000000,-121034000.000000,-121034000.000000,0.000000,-15180000.000000,,124567000.000000,-124567000.000000,12835000.000000,0.000000,13.071000,-10.031000,-9.656000,26038000.000000,0.000000,28.390000,85.647000,81.903000,0.000000,-652915000.000000,0.000000,0.000000,86598000.000000,,,,,18392000.000000,37969000.000000,1.000000,122361644.000000,117012062.000000,117012062.000000,0.000000,905227000.000000,0.000000,0.000000,0.000000,7.736000
ARQ,2020-09-30,2020-11-05,2020-09-30,2020-Q3,669677000.000000,5024071174.000000,2025-04-29,461000.000000,787693000.000000,,745384000.000000,42309000.000000,,1.386000,-549000.000000,366967000.000000,366967000.000000,0.000000,-130167000.000000,9.846000,3.477000,483747000.000000,3617000.000000,480130000.000000,483747000.000000,0.000000,0.000000,0.000000,0.000000,0.000000,-104930000.000000,-104930000.000000,-12.911000,-104930000.000000,-104930000.000000,-115859000.000000,-0.980000,-0.980000,-0.980000,163756000.000000,,163756000.000000,5140851174.000000,-14.000000,-13.742000,-132233000.000000,-1.119000,1.000000,8127000.000000,1.000000,0.000000,10929000.000000,828766000.000000,,0.000000,343714000.000000,343714000.000000,0.000000,569306000.000000,75707000.000000,493599000.000000,-173952000.000000,0.000000,962000.000000,0.000000,0.000000,2782000.000000,-45050000.000000,-44501000.000000,-131684000.000000,0.000000,-115859000.000000,-115859000.000000,-115859000.000000,0.000000,-14308000.000000,-14.256000,128066000.000000,-119939000.000000,9839000.000000,0.000000,30.680000,-12.491000,-12.021000,25826000.000000,0.000000,40.990000,228.929000,220.710000,8000000.000000,-768774000.000000,8127000.000000,8127000.000000,92050000.000000,,,,,17699000.000000,36016000.000000,1.000000,122568216.000000,118168063.000000,118168063.000000,0.069000,787693000.000000,0.000000,0.000000,0.000000,6.666000
ARQ,2020-12-31,2021-02-25,2020-12-31,2020-Q4,547176000.000000,9701525708.000000,2025-04-29,192000.000000,703588000.000000,,642824000.000000,60764000.000000,,0.487000,-2146000.000000,356082000.000000,356082000.000000,0.000000,-135025000.000000,6.721000,10.287000,495787000.000000,5253000.000000,490534000.000000,495787000.000000,0.000000,3088000.000000,0.000000,0.000000,0.000000,-109019000.000000,-105931000.000000,-868.287000,-105931000.000000,-109019000.000000,-119981000.000000,-1.010000,-1.010000,-1.010000,57906000.000000,,57906000.000000,9841230708.000000,-24.000000,-24.063000,-98407000.000000,-0.827000,1.000000,122000.000000,1.000000,0.000000,10962000.000000,747645000.000000,,0.000000,251011000.000000,251011000.000000,0.000000,595702000.000000,95648000.000000,500054000.000000,-8712000.000000,-6907000.000000,-471000.000000,0.000000,0.000000,4531000.000000,83018000.000000,92071000.000000,-96261000.000000,0.000000,-119981000.000000,-119981000.000000,-119981000.000000,0.000000,-15044000.000000,-983.451000,127611000.000000,-127489000.000000,8945000.000000,0.000000,167.539000,-21.620000,-17.139000,36833000.000000,0.000000,65.130000,1176.085000,931.633000,0.000000,-888755000.000000,122000.000000,122000.000000,90174000.000000,,,,,12146000.000000,37437000.000000,1.000000,148956329.000000,118992714.000000,118992714.000000,0.001000,703588000.000000,0.000000,0.000000,0.000000,5.913000
ARQ,2021-03-31,2021-05-06,2021-03-31,2021-Q1,850385000.000000,7403002685.000000,2025-04-29,-57000.000000,1093308000.000000,,945114000.000000,148194000.000000,,-2.851000,-1961000.000000,471176000.000000,471176000.000000,0.000000,-171082000.000000,9.977000,-3.748000,1382514000.000000,7453000.000000,1375061000.000000,1382514000.000000,0.000000,1365000.000000,0.000000,0.000000,0.000000,-153341000.000000,-151976000.000000,-328.952000,-151976000.000000,-153341000.000000,-163079000.000000,-1.180000,-1.180000,-1.180000,-395294000.000000,,-395294000.000000,8314340685.000000,-17.000000,-17.574000,-152726000.000000,-1.102000,1.000000,462000.000000,1.000000,0.000000,9738000.000000,1909917000.000000,,0.000000,530144000.000000,447942000.000000,82202000.000000,1481402000.000000,94729000.000000,1386673000.000000,115095000.000000,0.000000,-49369000.000000,731436000.000000,0.000000,547912000.000000,-282052000.000000,-280091000.000000,-150765000.000000,0.000000,-163079000.000000,-163079000.000000,-163079000.000000,0.000000,-8003000.000000,-352.985000,167966000.000000,-167504000.000000,10340000.000000,0.000000,-18.728000,-14.238000,-11.807000,35813000.000000,0.000000,49.590000,849.845000,789.180000,462000.000000,-1037506000.000000,462000.000000,462000.000000,122559000.000000,,,,,33577000.000000,45407000.000000,1.000000,149284184.000000,138627729.000000,138627729.000000,0.003000,1093308000.000000,0.000000,0.000000,0.000000,7.887000
ARQ,2021-06-30,2021-08-05,2021-06-30,2021-Q2,777962000.000000,8406332688.000000,2025-04-29,36000.000000,1081486000.000000,,909871000.000000,171615000.000000,,-3.164000,-2287000.000000,378420000.000000,378420000.000000,109000.000000,-102074000.000000,6.898000,-3.311000,1396477000.000000,4540000.000000,1391937000.000000,1396477000.000000,0.000000,2687000.000000,0.000000,0.000000,0.000000,-85509000.000000,-82822000.000000,-1.533000,-82822000.000000,-85509000.000000,-96348000.000000,-0.660000,-0.660000,-0.660000,-464294000.000000,,-464294000.000000,9424389688.000000,-21.000000,-21.147000,-94000000.000000,-0.641000,1.000000,53915000.000000,0.998000,0.000000,10839000.000000,1967634000.000000,,0.000000,538825000.000000,459243000.000000,79582000.000000,1537111000.000000,131909000.000000,1405202000.000000,-92646000.000000,13654000.000000,-7589000.000000,6892000.000000,0.000000,-1391000.000000,458000.000000,-10909000.000000,-91713000.000000,0.000000,-96348000.000000,-96348000.000000,-96348000.000000,0.000000,-5726000.000000,-1.783000,147930000.000000,-94015000.000000,22329000.000000,0.000000,-18.106000,-16.973000,-14.655000,42236000.000000,0.000000,56.130000,133.997000,131.303000,45538000.000000,-1133854000.000000,54024000.000000,54024000.000000,101960000.000000,,,,,30112000.000000,45970000.000000,1.000000,149765414.000000,146754299.000000,146754299.000000,0.368000,1081486000.000000,0.000000,0.000000,0.000000,7.369000
ARQ,2021-09-30,2021-11-04,2021-09-30,2021-Q3,543887000.000000,7573191847.000000,2025-04-29,19000.000000,781524000.000000,,639710000.000000,141814000.000000,,-5.069000,-6462000.000000,180347000.000000,180347000.000000,1454000.000000,-161016000.000000,6.676000,-2.041000,1398996000.000000,4999000.000000,1393997000.000000,1398996000.000000,0.000000,4343000.000000,0.000000,0.000000,0.000000,-144868000.000000,-140525000.000000,-59.951000,-140525000.000000,-144868000.000000,-155935000.000000,-1.060000,-1.060000,-1.060000,-743397000.000000,,-743397000.000000,8791840847.000000,-18.000000,-18.269000,-128023000.000000,-0.873000,1.000000,890000.000000,0.380000,46204000.000000,11067000.000000,1858146000.000000,,0.000000,436971000.000000,419264000.000000,17707000.000000,1517398000.000000,95823000.000000,1421575000.000000,-198049000.000000,0.000000,-141714000.000000,0.000000,0.000000,-135456000.000000,58968000.000000,100430000.000000,-121561000.000000,0.000000,-155935000.000000,-155935000.000000,-155935000.000000,0.000000,-5081000.000000,-66.525000,150389000.000000,-149499000.000000,12035000.000000,0.000000,-10.187000,-14.146000,-13.161000,44849000.000000,0.000000,51.460000,132.975000,132.520000,8172000.000000,-1289789000.000000,2344000.000000,2344000.000000,104305000.000000,,,,,16042000.000000,46084000.000000,1.000000,147166573.000000,146662756.000000,146662756.000000,0.016000,735320000.000000,0.000000,0.000000,0.000000,5.014000
ARQ,2021-12-31,2022-02-25,2021-12-31,2021-Q4,753789000.000000,1166101778.000000,2025-04-29,-132000.000000,1012792000.000000,,888858000.000000,123934000.000000,,-5.991000,-2536000.000000,393772000.000000,393772000.000000,1551000.000000,-152282000.000000,6.581000,-2.158000,1726171000.000000,4938000.000000,1721233000.000000,1726171000.000000,0.000000,3059000.000000,0.000000,0.000000,0.000000,-132043000.000000,-128984000.000000,-10.010000,-128984000.000000,-132043000.000000,-147177000.000000,-1.020000,-1.020000,-1.020000,-870414000.000000,,-870414000.000000,2498500778.000000,-5.000000,-4.954000,-136431000.000000,-0.939000,1.000000,11335000.000000,0.880000,44934000.000000,15134000.000000,2165188000.000000,,0.000000,442891000.000000,442891000.000000,0.000000,1878371000.000000,135069000.000000,1743302000.000000,213286000.000000,0.000000,-2253000.000000,325285000.000000,0.000000,325381000.000000,21800000.000000,24336000.000000,-133895000.000000,0.000000,-147177000.000000,-147177000.000000,-147177000.000000,0.000000,-5105000.000000,-11.421000,176949000.000000,-165614000.000000,11884000.000000,0.000000,-1.340000,-2.073000,-2.026000,45973000.000000,0.000000,7.900000,16.726000,16.358000,19749000.000000,-1436966000.000000,12886000.000000,12886000.000000,122200000.000000,,,,,19774000.000000,54749000.000000,1.000000,147607820.000000,145293396.000000,145293396.000000,0.089000,967858000.000000,0.000000,0.000000,0.000000,6.661000
ARQ,2022-03-31,2022-05-05,2022-03-31,2022-Q1,612767000.000000,1109180874.000000,2025-04-29,-383000.000000,813149000.000000,,716230000.000000,96919000.000000,,-7.136000,-859000.000000,371550000.000000,371550000.000000,1348000.000000,-201330000.000000,6.923000,-1.781000,1727907000.000000,4363000.000000,1723544000.000000,1727907000.000000,0.000000,3429000.000000,0.000000,0.000000,0.000000,-176053000.000000,-172624000.000000,-101.903000,-172624000.000000,-176053000.000000,-196397000.000000,-1.350000,-1.350000,-1.350000,-1040996000.000000,,-1040996000.000000,2465537874.000000,-5.000000,-4.697000,-161494000.000000,-1.107000,1.000000,346000.000000,0.204000,30476000.000000,20344000.000000,2035567000.000000,,0.000000,299676000.000000,299676000.000000,0.000000,1853836000.000000,103463000.000000,1750373000.000000,-22172000.000000,10000000.000000,856000.000000,-1120000.000000,0.000000,-160000.000000,138623000.000000,129482000.000000,-160635000.000000,0.000000,-196397000.000000,-196397000.000000,-196397000.000000,0.000000,-4933000.000000,-115.937000,174024000.000000,-173678000.000000,10107000.000000,0.000000,-1.065000,-1.861000,-1.836000,31118000.000000,0.000000,7.510000,15.634000,15.442000,10983000.000000,-1633363000.000000,1694000.000000,1694000.000000,107649000.000000,,,,,24122000.000000,43713000.000000,1.000000,147693858.000000,145882149.000000,145882149.000000,0.012000,782673000.000000,0.000000,0.000000,0.000000,5.365000
ARQ,2022-06-30,2022-08-04,2022-06-30,2022-Q2,630120000.000000,1479498164.000000,2025-04-29,-427000.000000,862233000.000000,,771280000.000000,90953000.000000,,-6.991000,107598000.000000,470098000.000000,470098000.000000,700000.000000,-2559000.000000,5.464000,-1.831000,1711765000.000000,4310000.000000,1707455000.000000,1711765000.000000,7190000.000000,37000.000000,0.000000,0.000000,0.000000,10423000.000000,10460000.000000,0.142000,10460000.000000,10423000.000000,-9856000.000000,-0.070000,-0.070000,-0.070000,-1025532000.000000,,-1025532000.000000,2721165164.000000,-6.000000,-6.304000,77145000.000000,0.526000,1.000000,73046000.000000,0.991000,29908000.000000,20279000.000000,1932832000.000000,,0.000000,245607000.000000,245607000.000000,0.000000,1877246000.000000,141160000.000000,1736086000.000000,98453000.000000,0.000000,-366000.000000,-20486000.000000,0.000000,-20796000.000000,149702000.000000,43604000.000000,-30453000.000000,0.000000,-9856000.000000,-9856000.000000,-9856000.000000,0.000000,7297000.000000,-0.134000,153222000.000000,-80176000.000000,8793000.000000,0.000000,-1.443000,-2.905000,-2.851000,29723000.000000,0.000000,9.980000,16.317000,16.146000,22821000.000000,-1643219000.000000,73746000.000000,73746000.000000,108400000.000000,,,,,28287000.000000,36426000.000000,1.000000,148246309.000000,146684804.000000,146684804.000000,0.503000,832325000.000000,0.000000,0.000000,0.000000,5.674000
ARQ,2022-09-30,2022-11-03,2022-09-30,2022-Q3,523025000.000000,1473903701.000000,2025-04-29,-348000.000000,728740000.000000,,642219000.000000,86521000.000000,,-7.695000,-759000.000000,483235000.000000,483235000.000000,739000.000000,-140193000.000000,5.388000,-1.633000,1715737000.000000,4044000.000000,1711693000.000000,1715737000.000000,7518000.000000,1645000.000000,0.000000,0.000000,0.000000,-117514000.000000,-115869000.000000,-342.808000,-115869000.000000,-117514000.000000,-137339000.000000,-0.930000,-0.930000,-0.930000,-1138417000.000000,,-1138417000.000000,2706405701.000000,-7.000000,-6.649000,-135922000.000000,-0.919000,1.000000,-401000.000000,-1.186000,29310000.000000,19825000.000000,1812738000.000000,,0.000000,108742000.000000,108742000.000000,0.000000,1859113000.000000,119194000.000000,1739919000.000000,13139000.000000,0.000000,996000.000000,0.000000,0.000000,1445000.000000,146857000.000000,147616000.000000,-135163000.000000,0.000000,-137339000.000000,-137339000.000000,-137339000.000000,0.000000,-2854000.000000,-406.328000,128715000.000000,-129116000.000000,10158000.000000,0.000000,-1.295000,-3.003000,-2.926000,27341000.000000,0.000000,9.860000,16.623000,16.452000,24581000.000000,-1780558000.000000,338000.000000,338000.000000,92511000.000000,,,,,17361000.000000,31188000.000000,1.000000,149483134.000000,147937817.000000,147937817.000000,0.002000,699430000.000000,0.000000,0.000000,0.000000,4.728000
ARQ,2022-12-31,2023-02-23,2022-12-31,2022-Q4,427425000.000000,1766523423.000000,2025-04-29,-328000.000000,623036000.000000,,548853000.000000,74183000.000000,,-8.400000,-801000.000000,414619000.000000,414619000.000000,647000.000000,-140570000.000000,4.520000,-1.489000,1723564000.000000,3675000.000000,1719889000.000000,1723564000.000000,8156000.000000,6832000.000000,0.000000,0.000000,0.000000,-117601000.000000,-110769000.000000,-59.235000,-110769000.000000,-117601000.000000,-137591000.000000,-0.920000,-0.920000,-0.920000,-1254617000.000000,,-1254617000.000000,3075468423.000000,-8.000000,-7.910000,-94044000.000000,-0.630000,1.000000,1223000.000000,0.654000,28712000.000000,19990000.000000,1781841000.000000,,0.000000,95233000.000000,95233000.000000,0.000000,1867960000.000000,121428000.000000,1746532000.000000,-68901000.000000,0.000000,4363000.000000,1120000.000000,0.000000,6377000.000000,17965000.000000,18766000.000000,-93243000.000000,0.000000,-137591000.000000,-137591000.000000,-137591000.000000,0.000000,-2979000.000000,-73.578000,130455000.000000,-129232000.000000,11558000.000000,0.000000,-1.408000,-3.671000,-3.580000,25247000.000000,0.000000,11.670000,22.750000,22.164000,17079000.000000,-1918149000.000000,1870000.000000,1870000.000000,90902000.000000,,,,,21789000.000000,31862000.000000,1.000000,151373044.000000,149364945.000000,149364945.000000,0.013000,594324000.000000,0.000000,0.000000,0.000000,3.979000
ARQ,2023-03-31,2023-05-04,2023-03-31,2023-Q1,456106000.000000,2166763486.000000,2025-04-29,-12000.000000,625680000.000000,,552702000.000000,72978000.000000,,-8.029000,-12000.000000,432871000.000000,432871000.000000,651000.000000,-142732000.000000,5.722000,-1.501000,1728870000.000000,3674000.000000,1725196000.000000,1728870000.000000,6675000.000000,2665000.000000,0.000000,0.000000,0.000000,-120035000.000000,-117370000.000000,-64.277000,-117370000.000000,-120035000.000000,-140156000.000000,-0.920000,-0.920000,-0.920000,-1225665000.000000,,-1225665000.000000,3462762486.000000,-10.000000,-10.382000,-144334000.000000,-0.946000,1.000000,1175000.000000,0.643000,28113000.000000,20121000.000000,1796970000.000000,,0.000000,83925000.000000,83925000.000000,0.000000,1839293000.000000,96596000.000000,1742697000.000000,18225000.000000,-503000.000000,144313000.000000,0.000000,0.000000,150249000.000000,12298000.000000,12813000.000000,-144322000.000000,0.000000,-140156000.000000,-140156000.000000,-140156000.000000,0.000000,-2576000.000000,-76.756000,127338000.000000,-126163000.000000,4076000.000000,0.000000,-1.768000,-5.099000,-4.754000,24098000.000000,0.000000,13.500000,27.858000,26.494000,10761000.000000,-2057455000.000000,1826000.000000,1826000.000000,92861000.000000,,,,,21907000.000000,31108000.000000,1.000000,160500999.000000,152645635.000000,152645635.000000,0.012000,597567000.000000,0.000000,0.000000,0.000000,3.915000
ARQ,2023-06-30,2023-08-03,2023-06-30,2023-Q2,322764000.000000,5215364008.000000,2025-04-29,63000.000000,503661000.000000,,432884000.000000,70777000.000000,,-8.484000,-428000.000000,322368000.000000,322368000.000000,599000.000000,-160703000.000000,3.931000,-1.361000,1733629000.000000,3776000.000000,1729853000.000000,1733629000.000000,6210000.000000,2629000.000000,0.000000,0.000000,0.000000,-137305000.000000,-134676000.000000,-82.069000,-134676000.000000,-137305000.000000,-157899000.000000,-0.980000,-0.980000,-0.980000,-1362023000.000000,,-1362023000.000000,6626625008.000000,-13.000000,-13.843000,-113781000.000000,-0.709000,1.000000,1042000.000000,0.635000,27515000.000000,20594000.000000,1777287000.000000,,0.000000,81356000.000000,81356000.000000,0.000000,1853299000.000000,110120000.000000,1743179000.000000,-110465000.000000,0.000000,-170000.000000,0.000000,0.000000,-1231000.000000,4119000.000000,4547000.000000,-113353000.000000,0.000000,-157899000.000000,-157899000.000000,-157899000.000000,0.000000,-2804000.000000,-96.221000,147141000.000000,-146099000.000000,3874000.000000,0.000000,-3.829000,-9.102000,-8.560000,22861000.000000,0.000000,32.100000,919.007000,908.051000,8614000.000000,-2215354000.000000,1641000.000000,1641000.000000,107488000.000000,,,,,27178000.000000,36122000.000000,1.000000,162472399.000000,160535435.000000,160535435.000000,0.010000,476146000.000000,0.000000,0.000000,0.000000,2.966000
ARQ,2023-09-30,2023-11-02,2023-09-30,2023-Q3,481605000.000000,4683193040.000000,2025-04-29,34000.000000,655008000.000000,,587670000.000000,67338000.000000,,-7.394000,-431000.000000,521865000.000000,521865000.000000,598000.000000,-179488000.000000,5.541000,-1.531000,1735030000.000000,4137000.000000,1730893000.000000,1735030000.000000,6592000.000000,2639000.000000,0.000000,0.000000,0.000000,-156693000.000000,-154054000.000000,-37.657000,-154054000.000000,-156693000.000000,-176999000.000000,-1.080000,-1.080000,-1.080000,-1207543000.000000,,-1207543000.000000,5896358040.000000,-11.000000,-11.408000,-145657000.000000,-0.892000,1.000000,3493000.000000,0.854000,26917000.000000,20306000.000000,1735191000.000000,,0.000000,38052000.000000,38052000.000000,0.000000,1848743000.000000,106065000.000000,1742678000.000000,199496000.000000,0.000000,305193000.000000,0.000000,0.000000,307040000.000000,37682000.000000,38113000.000000,-145226000.000000,0.000000,-176999000.000000,-176999000.000000,-176999000.000000,0.000000,-2489000.000000,-43.265000,161185000.000000,-157692000.000000,4472000.000000,0.000000,-3.878000,-7.644000,-6.903000,21745000.000000,0.000000,26.920000,496.732000,466.299000,5170000.000000,-2392353000.000000,4091000.000000,4091000.000000,125136000.000000,,,,,22600000.000000,35777000.000000,1.000000,173967052.000000,163308632.000000,163308632.000000,0.025000,628091000.000000,0.000000,0.000000,0.000000,3.846000
ARQ,2023-12-31,2024-02-22,2023-12-31,2023-Q4,333749000.000000,5907939610.000000,2025-04-29,31000.000000,546380000.000000,,477593000.000000,68787000.000000,,-7.761000,-435000.000000,392588000.000000,392588000.000000,598000.000000,-170328000.000000,3.320000,-1.395000,1739838000.000000,4128000.000000,1735710000.000000,1739838000.000000,6096000.000000,2593000.000000,0.000000,0.000000,0.000000,-147880000.000000,-145287000.000000,-83.259000,-145287000.000000,-147880000.000000,-168148000.000000,-0.960000,-0.960000,-0.960000,-1354257000.000000,,-1354257000.000000,7255189610.000000,-13.000000,-13.158000,-125254000.000000,-0.718000,1.000000,1147000.000000,0.657000,26319000.000000,20268000.000000,1723467000.000000,,0.000000,58949000.000000,58949000.000000,0.000000,1888915000.000000,143844000.000000,1745071000.000000,-129408000.000000,0.000000,-3008000.000000,0.000000,0.000000,-4523000.000000,-66000.000000,369000.000000,-124819000.000000,0.000000,-168148000.000000,-168148000.000000,-168148000.000000,0.000000,-2180000.000000,-96.360000,178563000.000000,-177416000.000000,10655000.000000,0.000000,-4.362000,-9.185000,-8.506000,19843000.000000,0.000000,33.600000,635.057000,587.960000,1751000.000000,-2560501000.000000,1745000.000000,1745000.000000,130226000.000000,,,,,37025000.000000,47583000.000000,1.000000,175831536.000000,174492588.000000,174492588.000000,0.010000,520061000.000000,0.000000,0.000000,0.000000,2.980000
ARQ,2024-03-31,2024-05-02,2024-03-31,2024-Q1,641947000.000000,5190965672.000000,2025-04-29,2000.000000,849333000.000000,,783424000.000000,65909000.000000,,-5.873000,-695000.000000,475353000.000000,475353000.000000,598000.000000,-36160000.000000,5.537000,-1.797000,1728773000.000000,4544000.000000,1724229000.000000,1728773000.000000,33847000.000000,2665000.000000,0.000000,0.000000,0.000000,-11745000.000000,-9080000.000000,-0.043000,-9080000.000000,-11745000.000000,-35216000.000000,-0.200000,-0.200000,-0.200000,-1049528000.000000,,-1049528000.000000,6444385672.000000,-14.000000,-14.544000,-220232000.000000,-1.232000,1.000000,210522000.000000,0.997000,25721000.000000,23471000.000000,1935555000.000000,,0.000000,44469000.000000,44469000.000000,0.000000,1886191000.000000,141477000.000000,1744714000.000000,82764000.000000,0.000000,314682000.000000,-35671000.000000,0.000000,279548000.000000,22753000.000000,24245000.000000,-219537000.000000,0.000000,-35216000.000000,-35216000.000000,-35216000.000000,0.000000,-944000.000000,-0.167000,200696000.000000,9826000.000000,4728000.000000,0.000000,-4.946000,-9.644000,-8.615000,19466000.000000,0.000000,27.740000,23.747000,22.678000,235494000.000000,-2595717000.000000,211120000.000000,211120000.000000,140972000.000000,,,,,17057000.000000,65807000.000000,1.000000,187129260.000000,178705310.000000,178705310.000000,1.181000,823612000.000000,0.000000,0.000000,0.000000,4.609000
ARQ,2024-06-30,2024-08-01,2024-06-30,2024-Q2,481872000.000000,4922697081.000000,2025-04-29,-4000.000000,794375000.000000,,616236000.000000,178139000.000000,,-5.826000,-54000.000000,547367000.000000,547367000.000000,598000.000000,-75544000.000000,4.586000,-1.717000,1729281000.000000,4623000.000000,1724658000.000000,1729281000.000000,32059000.000000,2598000.000000,0.000000,0.000000,0.000000,-50519000.000000,-47921000.000000,-22.104000,-47921000.000000,-50519000.000000,-73456000.000000,-0.390000,-0.390000,-0.390000,-1092925000.000000,,-1092925000.000000,6104611081.000000,-17.000000,-17.131000,74649000.000000,0.398000,1.000000,1570000.000000,0.724000,25123000.000000,22937000.000000,1816802000.000000,,0.000000,156819000.000000,39813000.000000,117006000.000000,1876468000.000000,134364000.000000,1742104000.000000,72013000.000000,-98000.000000,-2238000.000000,-3732000.000000,0.000000,-5729000.000000,3039000.000000,5584000.000000,74703000.000000,0.000000,-73456000.000000,-73456000.000000,-73456000.000000,0.000000,-2088000.000000,-33.882000,177109000.000000,-175539000.000000,18126000.000000,0.000000,-4.504000,-10.847000,-9.954000,17107000.000000,0.000000,26.180000,22.465000,22.412000,660000.000000,-2669173000.000000,2168000.000000,2168000.000000,114695000.000000,,,,,21454000.000000,59523000.000000,1.000000,188032738.000000,187586680.000000,187586680.000000,0.012000,769252000.000000,0.000000,0.000000,0.000000,4.101000
ARQ,2024-09-30,2024-11-12,2024-09-30,2024-Q3,305362000.000000,4652928925.000000,2025-04-29,5000.000000,664977000.000000,,444578000.000000,220399000.000000,,-6.524000,-137000.000000,405733000.000000,405733000.000000,598000.000000,-164254000.000000,3.193000,-1.531000,1729749000.000000,4600000.000000,1725149000.000000,1729749000.000000,30398000.000000,2564000.000000,0.000000,0.000000,0.000000,-138979000.000000,-136415000.000000,-49.932000,-136415000.000000,-138979000.000000,-162040000.000000,-0.860000,-0.860000,-0.860000,-1229922000.000000,,-1229922000.000000,5976944925.000000,-17.000000,-17.647000,-180703000.000000,-0.959000,1.000000,2134000.000000,0.781000,24525000.000000,23061000.000000,1825252000.000000,,0.000000,160443000.000000,0.000000,160443000.000000,1883369000.000000,139216000.000000,1744153000.000000,-141633000.000000,-42000.000000,677000.000000,0.000000,0.000000,707000.000000,38226000.000000,40000000.000000,-180566000.000000,0.000000,-162040000.000000,-162040000.000000,-162040000.000000,0.000000,-2214000.000000,-59.312000,193884000.000000,-191750000.000000,13363000.000000,0.000000,-3.783000,-10.602000,-10.216000,15140000.000000,0.000000,24.620000,21.367000,21.313000,478000.000000,-2831213000.000000,2732000.000000,2732000.000000,120444000.000000,,,,,27162000.000000,68819000.000000,1.000000,188989802.000000,188510372.000000,188510372.000000,0.014000,640452000.000000,0.000000,0.000000,0.000000,3.397000
ARQ,2024-12-31,2025-02-20,2024-12-31,2024-Q4,566292000.000000,6999892380.000000,2025-04-29,8000.000000,919338000.000000,,720692000.000000,198646000.000000,,-7.748000,-47000.000000,681227000.000000,681227000.000000,2084000.000000,-267389000.000000,4.668000,-1.619000,2209675000.000000,4506000.000000,2205169000.000000,2209675000.000000,31699000.000000,2358000.000000,0.000000,0.000000,0.000000,-234076000.000000,-231718000.000000,-39.394000,-231718000.000000,-234076000.000000,-263897000.000000,-1.420000,-1.420000,-1.420000,-1467904000.000000,,-1467904000.000000,8528340380.000000,-20.000000,-20.060000,-195373000.000000,-1.031000,1.000000,3798000.000000,0.646000,23926000.000000,29821000.000000,2269460000.000000,,0.000000,143747000.000000,0.000000,143747000.000000,2376950000.000000,154400000.000000,2222550000.000000,275368000.000000,0.000000,-1404000.000000,472487000.000000,0.000000,473931000.000000,-3237000.000000,0.000000,-195326000.000000,0.000000,-265050000.000000,-265050000.000000,-265050000.000000,0.000000,-2339000.000000,-45.061000,229825000.000000,-226027000.000000,9618000.000000,0.000000,-4.769000,-13.065000,-12.780000,12778000.000000,0.000000,36.805000,31.545000,30.863000,4722000.000000,-3096263000.000000,5882000.000000,5882000.000000,130350000.000000,,,,,30127000.000000,94782000.000000,1.000000,190188626.000000,189461973.000000,189461973.000000,0.031000,895412000.000000,0.000000,1153000.000000,0.000000,4.726000
ARQ,2025-03-31,2025-04-29,2025-03-31,2025-Q1,543068000.000000,6915455822.000000,2025-04-29,0.000000,881638000.000000,,695173000.000000,186465000.000000,,-8.669000,0.000000,540599000.000000,540599000.000000,2639000.000000,-169608000.000000,4.570000,-1.529000,2355547000.000000,5209000.000000,2350338000.000000,2355547000.000000,29128000.000000,2278000.000000,0.000000,0.000000,0.000000,-125281000.000000,-123003000.000000,-1.055000,-123003000.000000,-125281000.000000,-167422000.000000,-0.880000,-0.880000,-0.880000,-1648395000.000000,,-1648395000.000000,8730403822.000000,-16.000000,-16.196000,-199235000.000000,-1.048000,1.000000,113994000.000000,0.977000,27802000.000000,42141000.000000,2516679000.000000,,3954000.000000,128191000.000000,0.000000,128191000.000000,2520303000.000000,152105000.000000,2368198000.000000,-140502000.000000,0.000000,-46815000.000000,103966000.000000,0.000000,60328000.000000,-1595000.000000,0.000000,-199235000.000000,0.000000,-167422000.000000,-167422000.000000,-167422000.000000,0.000000,-2186000.000000,-1.435000,218366000.000000,-104372000.000000,27525000.000000,0.000000,-4.195000,-10.353000,-10.259000,13864000.000000,0.000000,36.420000,54.275000,54.351000,115265000.000000,-3263685000.000000,116633000.000000,116633000.000000,111431000.000000,,,,,25882000.000000,106365000.000000,1.000000,189880720.000000,190145253.000000,190145253.000000,0.613000,853836000.000000,0.000000,0.000000,0.000000,4.490000
ART,2018-12-31,2019-06-17,2018-12-31,2018-Q4,412646000.000000,,2025-04-29,0.000000,464941000.000000,,445223000.000000,19718000.000000,,-9.481000,-2178000.000000,436086000.000000,436086000.000000,0.000000,-208153000.000000,13.667000,-0.513000,54507000.000000,0.000000,54507000.000000,54507000.000000,0.000000,245000.000000,0.000000,,0.000000,-166904000.000000,-166659000.000000,,-166659000.000000,-166904000.000000,-169451000.000000,-8.010000,-8.010000,-8.010000,-170580000.000000,,-170580000.000000,,,,-138821000.000000,-7.716000,1.000000,0.000000,,0.000000,2547000.000000,50785000.000000,,0.000000,17050000.000000,0.000000,17050000.000000,87579000.000000,32577000.000000,55002000.000000,343869000.000000,-18858000.000000,95536000.000000,56341000.000000,0.000000,501548000.000000,-21036000.000000,0.000000,-136643000.000000,0.000000,-169451000.000000,-144036000.000000,-144036000.000000,0.000000,-38702000.000000,,183660000.000000,-183660000.000000,13509000.000000,0.000000,,,,1575000.000000,13287000.000000,,,,0.000000,-170580000.000000,0.000000,0.000000,140073000.000000,,,,,6067000.000000,43587000.000000,1.000000,114999967.000000,17991781.000000,17991781.000000,0.000000,464941000.000000,0.000000,0.000000,0.000000,25.842000
ART,2019-03-31,2019-06-26,2019-03-31,2019-Q1,347001000.000000,,2025-04-29,0.000000,401374000.000000,,382473000.000000,18901000.000000,,-12.468000,,373027000.000000,373027000.000000,,,10.782000,-0.386000,54861000.000000,0.000000,54861000.000000,54861000.000000,0.000000,,0.000000,,0.000000,,,,,,,,,,-234733000.000000,,-234733000.000000,,,,,,1.000000,,,0.000000,,47736000.000000,,0.000000,12452000.000000,0.000000,12452000.000000,90713000.000000,35472000.000000,55241000.000000,,,,,,,,,,,,,,,,,,,12344000.000000,,,,,1882000.000000,,,,,0.000000,-234733000.000000,,,,,,,,,,1.000000,114999967.000000,18827234.000000,,,401374000.000000,0.000000,,0.000000,21.319000
ART,2019-06-30,2019-08-14,2019-06-30,2019-Q2,268004000.000000,3022800206.000000,2025-04-29,0.000000,325540000.000000,,306709000.000000,18831000.000000,,-17.131000,,293803000.000000,293803000.000000,,,7.924000,-0.350000,74997000.000000,0.000000,74997000.000000,74997000.000000,0.000000,,0.000000,0.000000,0.000000,,,,,,,,,,-326068000.000000,,-326068000.000000,2803994206.000000,,,,,1.000000,,,0.000000,,68029000.000000,,0.000000,7495000.000000,0.000000,7495000.000000,114049000.000000,38705000.000000,75344000.000000,,,,,,,,,,,,,,,,,,,16065000.000000,,-9.270000,,,1865000.000000,,25.890000,,,0.000000,-326068000.000000,,,,,,,,,,1.000000,116755512.000000,19033838.000000,,,325540000.000000,0.000000,,0.000000,17.103000
ART,2019-09-30,2019-11-08,2019-09-30,2019-Q3,518297000.000000,3343938607.000000,2025-04-29,152000.000000,640530000.000000,458096250.000000,558155000.000000,82375000.000000,,3.927000,,413973000.000000,413973000.000000,,,14.004000,0.253000,75017000.000000,0.000000,75017000.000000,75017000.000000,0.000000,,0.000000,0.000000,0.000000,,,,,,,,,,459758000.000000,-67905750.000000,459758000.000000,3004982607.000000,,,,,1.000000,,,0.000000,,261716000.000000,107066500.000000,0.000000,198873000.000000,122080000.000000,76793000.000000,116263000.000000,39858000.000000,76405000.000000,,,,,,,,,,,,,,,,,,,10270000.000000,,7.273000,,,2984000.000000,,27.060000,,,0.000000,-366573000.000000,,,,,,,,,,1.000000,123574967.000000,117071188.000000,,,640530000.000000,0.000000,,0.000000,5.471000
ART,2019-12-31,2020-03-03,2019-12-31,2019-Q4,508237000.000000,4033516504.000000,2025-04-29,254000.000000,631679000.000000,499780750.000000,568622000.000000,63057000.000000,0.081000,3.886000,-2638000.000000,363773000.000000,363773000.000000,2500000.000000,-288585000.000000,9.417000,0.381000,91791000.000000,0.000000,91791000.000000,91791000.000000,0.000000,0.000000,0.000000,0.000000,0.000000,-251822000.000000,-251822000.000000,-6.209000,-251822000.000000,-251822000.000000,-260587000.000000,-2.480000,-2.480000,-2.480000,408454000.000000,76852750.000000,408454000.000000,3761534504.000000,-15.000000,-14.937000,-256225000.000000,-2.438000,1.000000,38060000.000000,0.938000,0.000000,8765000.000000,299312000.000000,169198250.000000,0.000000,213364000.000000,182220000.000000,31144000.000000,155703000.000000,60385000.000000,95318000.000000,-72048000.000000,-1716000.000000,368946000.000000,37118000.000000,0.000000,398792000.000000,-217253000.000000,-212899000.000000,-253587000.000000,0.000000,-260587000.000000,-260587000.000000,-260587000.000000,0.000000,-27998000.000000,-6.425000,304300000.000000,-266240000.000000,8852000.000000,0.000000,9.875000,-15.479000,-13.141000,5625000.000000,0.000000,32.590000,99.446000,84.447000,0.000000,-440031000.000000,40560000.000000,40560000.000000,209947000.000000,-0.521000,-3.391000,-1.488000,-6.209000,21374000.000000,94353000.000000,1.000000,123765465.000000,105099089.000000,105099089.000000,0.386000,631679000.000000,0.000000,0.000000,0.000000,6.010000
ART,2020-03-31,2020-05-14,2020-03-31,2020-Q1,860043000.000000,3713921755.000000,2025-04-29,726000.000000,989799000.000000,646887000.000000,924957000.000000,64842000.000000,0.063000,3.232000,-6688000.000000,757049000.000000,757049000.000000,2500000.000000,-331532000.000000,14.249000,1.412000,472527000.000000,2510000.000000,470017000.000000,472527000.000000,0.000000,-112000.000000,0.000000,0.000000,0.000000,-288449000.000000,-288561000.000000,-7.114000,-288561000.000000,-288449000.000000,-299553000.000000,-5.370000,-5.370000,-5.370000,380715000.000000,230714750.000000,380715000.000000,3429399755.000000,-12.000000,-11.884000,-285055000.000000,-2.420000,1.000000,38060000.000000,0.938000,0.000000,11104000.000000,640363000.000000,317355000.000000,0.000000,171336000.000000,148126000.000000,23210000.000000,537728000.000000,64914000.000000,472814000.000000,384446000.000000,284000.000000,293946000.000000,574564000.000000,0.000000,839616000.000000,-176803000.000000,-170399000.000000,-278367000.000000,0.000000,-299553000.000000,-291183000.000000,-291183000.000000,0.000000,-31979000.000000,-7.179000,342966000.000000,-304906000.000000,13086000.000000,0.000000,9.755000,-12.755000,-5.698000,24610000.000000,0.000000,30.600000,91.566000,88.875000,0.000000,-531881000.000000,40560000.000000,40560000.000000,233319000.000000,-0.450000,-1.262000,-0.909000,-7.112000,29364000.000000,109647000.000000,1.000000,121369992.000000,117803438.000000,117803438.000000,0.344000,989799000.000000,0.000000,0.000000,0.000000,8.402000
ART,2020-06-30,2020-08-11,2020-06-30,2020-Q2,769295000.000000,3473847073.000000,2025-04-29,858000.000000,905227000.000000,791808750.000000,861935000.000000,43292000.000000,0.051000,2.271000,-6804000.000000,540919000.000000,540919000.000000,2500000.000000,-385111000.000000,9.304000,2.174000,479303000.000000,3627000.000000,475676000.000000,479303000.000000,0.000000,-244000.000000,0.000000,0.000000,0.000000,-326405000.000000,-326649000.000000,-8.053000,-326649000.000000,-326405000.000000,-346322000.000000,-2.940000,-2.940000,-2.940000,265759000.000000,378671500.000000,265759000.000000,3412231073.000000,-10.000000,-10.446000,-304772000.000000,-2.605000,1.000000,38060000.000000,0.938000,0.000000,19917000.000000,750971000.000000,488090500.000000,0.000000,300020000.000000,300020000.000000,0.000000,577715000.000000,92640000.000000,485075000.000000,247116000.000000,784000.000000,293946000.000000,554113000.000000,0.000000,850288000.000000,-305204000.000000,-299184000.000000,-297968000.000000,0.000000,-346322000.000000,-346322000.000000,-346322000.000000,0.000000,-38789000.000000,-8.539000,398284000.000000,-360224000.000000,12835000.000000,0.000000,13.071000,-10.031000,-9.656000,26038000.000000,0.000000,28.390000,85.647000,81.903000,0.000000,-652915000.000000,40560000.000000,40560000.000000,267586000.000000,-0.437000,-0.915000,-0.669000,-8.047000,44467000.000000,130698000.000000,1.000000,122361644.000000,117012062.000000,117012062.000000,0.347000,905227000.000000,0.000000,0.000000,0.000000,7.736000
ART,2020-09-30,2020-11-05,2020-09-30,2020-Q3,669677000.000000,5024071174.000000,2025-04-29,461000.000000,787693000.000000,828599500.000000,745384000.000000,42309000.000000,0.026000,1.386000,-6972000.000000,366967000.000000,366967000.000000,0.000000,-454614000.000000,9.846000,3.477000,483747000.000000,3617000.000000,480130000.000000,483747000.000000,0.000000,-618000.000000,0.000000,0.000000,0.000000,-373468000.000000,-374086000.000000,-17.046000,-374086000.000000,-373468000.000000,-402201000.000000,-3.410000,-3.410000,-3.410000,163756000.000000,304671000.000000,163756000.000000,5140851174.000000,-14.000000,-13.742000,-386628000.000000,-3.272000,1.000000,21946000.000000,1.000000,0.000000,28733000.000000,828766000.000000,629853000.000000,0.000000,343714000.000000,343714000.000000,0.000000,569306000.000000,75707000.000000,493599000.000000,-47006000.000000,0.000000,-71329000.000000,554113000.000000,0.000000,485562000.000000,-152912000.000000,-145940000.000000,-379656000.000000,0.000000,-402201000.000000,-402201000.000000,-402201000.000000,0.000000,-52413000.000000,-18.327000,447577000.000000,-425631000.000000,9839000.000000,0.000000,30.680000,-12.491000,-12.021000,25826000.000000,0.000000,40.990000,228.929000,220.710000,8000000.000000,-768774000.000000,21946000.000000,21946000.000000,304358000.000000,-0.485000,-1.320000,-0.593000,-17.018000,56320000.000000,143219000.000000,1.000000,122568216.000000,118168063.000000,118168063.000000,0.186000,787693000.000000,0.000000,0.000000,0.000000,6.666000
ART,2020-12-31,2021-02-25,2020-12-31,2020-Q4,547176000.000000,9701525708.000000,2025-04-29,192000.000000,703588000.000000,846576750.000000,642824000.000000,60764000.000000,0.010000,0.491000,-7371000.000000,356082000.000000,356082000.000000,0.000000,-505488000.000000,6.721000,10.287000,495787000.000000,5253000.000000,490534000.000000,495787000.000000,0.000000,3088000.000000,0.000000,0.000000,0.000000,-412069000.000000,-408981000.000000,-49.579000,-408981000.000000,-412069000.000000,-448724000.000000,-3.800000,-3.800000,-3.800000,57906000.000000,217034000.000000,57906000.000000,9841230708.000000,-24.000000,-24.063000,-407085000.000000,-3.450000,1.000000,8249000.000000,1.000000,0.000000,36655000.000000,747645000.000000,741936250.000000,0.000000,251011000.000000,251011000.000000,0.000000,595702000.000000,95648000.000000,500054000.000000,-5518000.000000,-6907000.000000,-74509000.000000,536961000.000000,0.000000,447189000.000000,-52993000.000000,-38715000.000000,-399714000.000000,0.000000,-448724000.000000,-448724000.000000,-448724000.000000,0.000000,-56764000.000000,-54.397000,482731000.000000,-474482000.000000,8945000.000000,0.000000,167.539000,-21.620000,-17.139000,36833000.000000,0.000000,65.130000,1176.085000,931.633000,0.000000,-888755000.000000,8249000.000000,8249000.000000,337047000.000000,-0.530000,-2.068000,-0.555000,-49.954000,58459000.000000,145684000.000000,1.000000,148956329.000000,117995457.000000,117995457.000000,0.070000,703588000.000000,0.000000,0.000000,0.000000,5.963000
ART,2021-03-31,2021-05-06,2021-03-31,2021-Q1,850385000.000000,7403002685.000000,2025-04-29,-57000.000000,1093308000.000000,872454000.000000,945114000.000000,148194000.000000,0.010000,-2.851000,-4855000.000000,471176000.000000,471176000.000000,0.000000,-572488000.000000,9.977000,-3.748000,1382514000.000000,7453000.000000,1375061000.000000,1382514000.000000,0.000000,4453000.000000,0.000000,0.000000,0.000000,-477570000.000000,-473117000.000000,-54.313000,-473117000.000000,-477570000.000000,-519953000.000000,-4.200000,-4.200000,-4.200000,-395294000.000000,23031750.000000,-395294000.000000,8314340685.000000,-17.000000,-17.574000,-471414000.000000,-3.401000,1.000000,8711000.000000,1.000000,0.000000,42383000.000000,1909917000.000000,1059324750.000000,0.000000,530144000.000000,447942000.000000,82202000.000000,1481402000.000000,94729000.000000,1386673000.000000,-283699000.000000,-6907000.000000,-48878000.000000,730772000.000000,0.000000,555928000.000000,-373068000.000000,-361306000.000000,-466559000.000000,0.000000,-519953000.000000,-519953000.000000,-519953000.000000,0.000000,-52535000.000000,-59.689000,548210000.000000,-539499000.000000,10340000.000000,0.000000,-18.728000,-14.238000,-11.807000,35813000.000000,0.000000,49.590000,849.845000,789.180000,462000.000000,-1037506000.000000,8711000.000000,8711000.000000,391381000.000000,-0.596000,-22.575000,-0.451000,-54.824000,81814000.000000,156829000.000000,1.000000,149284184.000000,138627729.000000,138627729.000000,0.063000,1093308000.000000,0.000000,0.000000,0.000000,7.887000
ART,2021-06-30,2021-08-05,2021-06-30,2021-Q2,777962000.000000,8406332688.000000,2025-04-29,36000.000000,1081486000.000000,916518750.000000,909871000.000000,171615000.000000,0.068000,-3.164000,-6943000.000000,378420000.000000,378420000.000000,109000.000000,-538348000.000000,6.898000,-3.311000,1396477000.000000,4540000.000000,1391937000.000000,1396477000.000000,0.000000,7140000.000000,0.000000,0.000000,0.000000,-452799000.000000,-445659000.000000,-7.104000,-445659000.000000,-452799000.000000,-495267000.000000,-3.830000,-3.830000,-3.830000,-464294000.000000,-159481500.000000,-464294000.000000,9424389688.000000,-21.000000,-21.147000,-477366000.000000,-3.253000,1.000000,62626000.000000,0.998000,0.000000,42468000.000000,1967634000.000000,1363490500.000000,0.000000,538825000.000000,459243000.000000,79582000.000000,1537111000.000000,131909000.000000,1405202000.000000,-160215000.000000,6747000.000000,-56467000.000000,738328000.000000,0.000000,553834000.000000,-243626000.000000,-243430000.000000,-470423000.000000,0.000000,-495267000.000000,-495267000.000000,-495267000.000000,0.000000,-43081000.000000,-7.895000,571573000.000000,-508947000.000000,22329000.000000,0.000000,-18.106000,-16.973000,-14.655000,42236000.000000,0.000000,56.130000,133.997000,131.303000,45538000.000000,-1133854000.000000,62735000.000000,62735000.000000,406743000.000000,-0.540000,3.105000,-0.332000,-7.218000,93534000.000000,164830000.000000,1.000000,149765414.000000,146754299.000000,146754299.000000,0.427000,1081486000.000000,0.000000,0.000000,0.000000,7.369000
ART,2021-09-30,2021-11-04,2021-09-30,2021-Q3,543887000.000000,7573191847.000000,2025-04-29,19000.000000,781524000.000000,914976500.000000,639710000.000000,141814000.000000,0.062000,-5.069000,-12856000.000000,180347000.000000,180347000.000000,1563000.000000,-569197000.000000,6.676000,-2.041000,1398996000.000000,4999000.000000,1393997000.000000,1398996000.000000,0.000000,11483000.000000,0.000000,0.000000,0.000000,-492737000.000000,-481254000.000000,-8.450000,-481254000.000000,-492737000.000000,-535343000.000000,-3.910000,-3.910000,-3.910000,-743397000.000000,-386269750.000000,-743397000.000000,8791840847.000000,-18.000000,-18.269000,-473156000.000000,-3.226000,1.000000,55389000.000000,0.973000,46204000.000000,42606000.000000,1858146000.000000,1620835500.000000,0.000000,436971000.000000,419264000.000000,17707000.000000,1517398000.000000,95823000.000000,1421575000.000000,-184312000.000000,6747000.000000,-199143000.000000,738328000.000000,0.000000,415596000.000000,-139608000.000000,-98499000.000000,-460300000.000000,0.000000,-535343000.000000,-535343000.000000,-535343000.000000,0.000000,-33854000.000000,-9.400000,593896000.000000,-538507000.000000,12035000.000000,0.000000,-10.187000,-14.146000,-13.161000,44849000.000000,0.000000,51.460000,132.975000,132.520000,8172000.000000,-1289789000.000000,56952000.000000,56952000.000000,418998000.000000,-0.585000,1.386000,-0.304000,-8.652000,91877000.000000,174898000.000000,1.000000,147166573.000000,146662756.000000,146662756.000000,0.388000,735320000.000000,0.000000,0.000000,0.000000,5.014000
ART,2021-12-31,2022-02-25,2021-12-31,2021-Q4,753789000.000000,1166101778.000000,2025-04-29,-132000.000000,1012792000.000000,992277500.000000,888858000.000000,123934000.000000,0.070000,-6.030000,-13246000.000000,393772000.000000,393772000.000000,3114000.000000,-586454000.000000,6.581000,-2.158000,1726171000.000000,4938000.000000,1721233000.000000,1726171000.000000,0.000000,11454000.000000,0.000000,0.000000,0.000000,-515761000.000000,-504307000.000000,-7.234000,-504307000.000000,-515761000.000000,-562539000.000000,-3.900000,-3.900000,-3.900000,-870414000.000000,-618349750.000000,-870414000.000000,2498500778.000000,-5.000000,-4.954000,-511180000.000000,-3.541000,1.000000,66602000.000000,0.955000,44934000.000000,46778000.000000,2165188000.000000,1975221250.000000,0.000000,442891000.000000,442891000.000000,0.000000,1878371000.000000,135069000.000000,1743302000.000000,37686000.000000,13654000.000000,-200925000.000000,1063613000.000000,0.000000,736446000.000000,-200826000.000000,-166234000.000000,-497934000.000000,0.000000,-562539000.000000,-562539000.000000,-562539000.000000,0.000000,-23915000.000000,-8.069000,643234000.000000,-576632000.000000,11884000.000000,0.000000,-1.340000,-2.073000,-2.026000,45973000.000000,0.000000,7.900000,16.726000,16.358000,19749000.000000,-1436966000.000000,69716000.000000,69716000.000000,451024000.000000,-0.567000,0.910000,-0.261000,-7.398000,99505000.000000,192210000.000000,1.000000,147607820.000000,144356619.000000,144356619.000000,0.483000,967858000.000000,0.000000,0.000000,0.000000,6.705000
ART,2022-03-31,2022-05-05,2022-03-31,2022-Q1,612767000.000000,1109180874.000000,2025-04-29,-383000.000000,813149000.000000,922237750.000000,716230000.000000,96919000.000000,0.077000,-7.136000,-12144000.000000,371550000.000000,371550000.000000,4462000.000000,-616702000.000000,6.923000,-1.781000,1727907000.000000,4363000.000000,1723544000.000000,1727907000.000000,0.000000,13518000.000000,0.000000,0.000000,0.000000,-538473000.000000,-524955000.000000,-7.399000,-524955000.000000,-538473000.000000,-595857000.000000,-4.090000,-4.090000,-4.090000,-1040996000.000000,-779775250.000000,-1040996000.000000,2465537874.000000,-5.000000,-4.697000,-519948000.000000,-3.564000,1.000000,66486000.000000,0.937000,30476000.000000,57384000.000000,2035567000.000000,2006633750.000000,0.000000,299676000.000000,299676000.000000,0.000000,1853836000.000000,103463000.000000,1750373000.000000,-99581000.000000,23654000.000000,-150700000.000000,331057000.000000,0.000000,188374000.000000,219849000.000000,243339000.000000,-507804000.000000,0.000000,-595857000.000000,-595857000.000000,-595857000.000000,0.000000,-20845000.000000,-8.399000,649292000.000000,-582806000.000000,10107000.000000,0.000000,-1.065000,-1.861000,-1.836000,31118000.000000,0.000000,7.510000,15.634000,15.442000,10983000.000000,-1633363000.000000,70948000.000000,70948000.000000,436114000.000000,-0.646000,0.764000,-0.268000,-7.590000,90050000.000000,190516000.000000,1.000000,147693858.000000,145882149.000000,145882149.000000,0.486000,782673000.000000,0.000000,0.000000,0.000000,5.365000
ART,2022-06-30,2022-08-04,2022-06-30,2022-Q2,630120000.000000,1479498164.000000,2025-04-29,-427000.000000,862233000.000000,867424500.000000,771280000.000000,90953000.000000,0.105000,-6.991000,97741000.000000,470098000.000000,470098000.000000,5053000.000000,-517187000.000000,5.464000,-1.831000,1711765000.000000,4310000.000000,1707455000.000000,1711765000.000000,7190000.000000,10868000.000000,0.000000,0.000000,0.000000,-442541000.000000,-431673000.000000,-4.761000,-431673000.000000,-442541000.000000,-509365000.000000,-3.500000,-3.500000,-3.500000,-1025532000.000000,-920084750.000000,-1025532000.000000,2721165164.000000,-6.000000,-6.304000,-348803000.000000,-2.378000,1.000000,85617000.000000,0.944000,29908000.000000,66824000.000000,1932832000.000000,1997933250.000000,0.000000,245607000.000000,245607000.000000,0.000000,1877246000.000000,141160000.000000,1736086000.000000,91518000.000000,10000000.000000,-143477000.000000,303679000.000000,0.000000,168969000.000000,369093000.000000,297852000.000000,-446544000.000000,0.000000,-509365000.000000,-509365000.000000,-509365000.000000,0.000000,-7822000.000000,-5.618000,654584000.000000,-568967000.000000,8793000.000000,0.000000,-1.443000,-2.905000,-2.851000,29723000.000000,0.000000,9.980000,16.317000,16.146000,22821000.000000,-1643219000.000000,90670000.000000,90670000.000000,442554000.000000,-0.587000,0.554000,-0.221000,-4.881000,88225000.000000,180972000.000000,1.000000,148246309.000000,146684804.000000,146684804.000000,0.618000,832325000.000000,0.000000,0.000000,0.000000,5.674000
ART,2022-09-30,2022-11-03,2022-09-30,2022-Q3,523025000.000000,1473903701.000000,2025-04-29,-348000.000000,728740000.000000,854228500.000000,642219000.000000,86521000.000000,0.104000,-7.695000,103444000.000000,483235000.000000,483235000.000000,4338000.000000,-496364000.000000,5.388000,-1.633000,1715737000.000000,4044000.000000,1711693000.000000,1715737000.000000,7518000.000000,8170000.000000,0.000000,0.000000,0.000000,-415187000.000000,-407017000.000000,-4.591000,-407017000.000000,-415187000.000000,-490769000.000000,-3.370000,-3.370000,-3.370000,-1138417000.000000,-1018839750.000000,-1138417000.000000,2706405701.000000,-7.000000,-6.649000,-356702000.000000,-2.411000,1.000000,84326000.000000,0.951000,29310000.000000,75582000.000000,1812738000.000000,1986581250.000000,0.000000,108742000.000000,108742000.000000,0.000000,1859113000.000000,119194000.000000,1739919000.000000,302706000.000000,10000000.000000,-767000.000000,303679000.000000,0.000000,305870000.000000,456982000.000000,345038000.000000,-460146000.000000,0.000000,-490769000.000000,-490769000.000000,-490769000.000000,0.000000,-5595000.000000,-5.535000,632910000.000000,-548584000.000000,10158000.000000,0.000000,-1.295000,-3.003000,-2.926000,27341000.000000,0.000000,9.860000,16.623000,16.452000,24581000.000000,-1780558000.000000,88664000.000000,88664000.000000,430760000.000000,-0.575000,0.482000,-0.209000,-4.683000,89544000.000000,166076000.000000,1.000000,149483134.000000,147937817.000000,147937817.000000,0.599000,699430000.000000,0.000000,0.000000,0.000000,4.728000
ART,2022-12-31,2023-02-23,2022-12-31,2022-Q4,427425000.000000,1766523423.000000,2025-04-29,-328000.000000,623036000.000000,756789500.000000,548853000.000000,74183000.000000,0.103000,-8.507000,105179000.000000,414619000.000000,414619000.000000,3434000.000000,-484652000.000000,4.520000,-1.489000,1723564000.000000,3675000.000000,1719889000.000000,1723564000.000000,8156000.000000,11943000.000000,0.000000,0.000000,0.000000,-400745000.000000,-388802000.000000,-5.007000,-388802000.000000,-400745000.000000,-481183000.000000,-3.260000,-3.260000,-3.260000,-1254617000.000000,-1114890500.000000,-1254617000.000000,3075468423.000000,-8.000000,-7.910000,-314315000.000000,-2.131000,1.000000,74214000.000000,0.956000,28712000.000000,80438000.000000,1781841000.000000,1890744500.000000,0.000000,95233000.000000,95233000.000000,0.000000,1867960000.000000,121428000.000000,1746532000.000000,20519000.000000,10000000.000000,5849000.000000,-20486000.000000,0.000000,-13134000.000000,453147000.000000,339468000.000000,-419494000.000000,0.000000,-481183000.000000,-481183000.000000,-481183000.000000,0.000000,-3469000.000000,-6.197000,586416000.000000,-512202000.000000,11558000.000000,0.000000,-1.408000,-3.671000,-3.580000,25247000.000000,0.000000,11.670000,22.750000,22.164000,17079000.000000,-1918149000.000000,77648000.000000,77648000.000000,399462000.000000,-0.636000,0.432000,-0.212000,-5.161000,91559000.000000,143189000.000000,1.000000,151373044.000000,147473076.000000,147473076.000000,0.527000,594324000.000000,0.000000,0.000000,0.000000,4.030000
ART,2023-03-31,2023-05-04,2023-03-31,2023-Q1,456106000.000000,2166763486.000000,2025-04-29,-12000.000000,625680000.000000,709922250.000000,552702000.000000,72978000.000000,0.110000,-8.029000,106026000.000000,432871000.000000,432871000.000000,2737000.000000,-426054000.000000,5.722000,-1.501000,1728870000.000000,3674000.000000,1725196000.000000,1728870000.000000,6675000.000000,11179000.000000,0.000000,0.000000,0.000000,-344727000.000000,-333548000.000000,-4.288000,-333548000.000000,-344727000.000000,-424942000.000000,-2.840000,-2.840000,-2.840000,-1225665000.000000,-1161057750.000000,-1225665000.000000,3462762486.000000,-10.000000,-10.382000,-297155000.000000,-1.947000,1.000000,75043000.000000,0.965000,28113000.000000,80215000.000000,1796970000.000000,1831095250.000000,0.000000,83925000.000000,83925000.000000,0.000000,1839293000.000000,96596000.000000,1742697000.000000,60916000.000000,-503000.000000,149306000.000000,-19366000.000000,0.000000,137275000.000000,326822000.000000,222799000.000000,-403181000.000000,0.000000,-424942000.000000,-424942000.000000,-424942000.000000,0.000000,-1112000.000000,-5.463000,539730000.000000,-464687000.000000,4076000.000000,0.000000,-1.768000,-5.099000,-4.754000,24098000.000000,0.000000,13.500000,27.858000,26.494000,10761000.000000,-2057455000.000000,77780000.000000,77780000.000000,384674000.000000,-0.599000,0.366000,-0.188000,-4.432000,89344000.000000,130584000.000000,1.000000,160500999.000000,152645635.000000,152645635.000000,0.510000,597567000.000000,0.000000,0.000000,0.000000,3.915000
ART,2023-06-30,2023-08-03,2023-06-30,2023-Q2,322764000.000000,5215364008.000000,2025-04-29,63000.000000,503661000.000000,620279250.000000,432884000.000000,70777000.000000,0.009000,-8.484000,-2000000.000000,322368000.000000,322368000.000000,2636000.000000,-584198000.000000,3.931000,-1.361000,1733629000.000000,3776000.000000,1729853000.000000,1733629000.000000,6210000.000000,13771000.000000,0.000000,0.000000,0.000000,-492455000.000000,-478684000.000000,-84.350000,-478684000.000000,-492455000.000000,-572985000.000000,-3.750000,-3.750000,-3.750000,-1362023000.000000,-1245180500.000000,-1362023000.000000,6626625008.000000,-13.000000,-13.843000,-488081000.000000,-3.040000,1.000000,3039000.000000,0.536000,27515000.000000,80530000.000000,1777287000.000000,1792209000.000000,0.000000,81356000.000000,81356000.000000,0.000000,1853299000.000000,110120000.000000,1743179000.000000,-148002000.000000,-503000.000000,149502000.000000,1120000.000000,0.000000,156840000.000000,181239000.000000,183742000.000000,-486081000.000000,0.000000,-572985000.000000,-572985000.000000,-572985000.000000,0.000000,-11213000.000000,-100.967000,533649000.000000,-530610000.000000,3874000.000000,0.000000,-3.829000,-9.102000,-8.560000,22861000.000000,0.000000,32.100000,919.007000,908.051000,8614000.000000,-2215354000.000000,5675000.000000,5675000.000000,383762000.000000,-0.924000,0.460000,-0.275000,-86.776000,88235000.000000,130280000.000000,1.000000,162472399.000000,160535435.000000,160535435.000000,0.035000,476146000.000000,0.000000,0.000000,0.000000,2.966000
ART,2023-09-30,2023-11-02,2023-09-30,2023-Q3,481605000.000000,4683193040.000000,2025-04-29,34000.000000,655008000.000000,601846250.000000,587670000.000000,67338000.000000,0.016000,-7.394000,-1672000.000000,521865000.000000,521865000.000000,2495000.000000,-623493000.000000,5.541000,-1.531000,1735030000.000000,4137000.000000,1730893000.000000,1735030000.000000,6592000.000000,14765000.000000,0.000000,0.000000,0.000000,-531634000.000000,-516869000.000000,-54.823000,-516869000.000000,-531634000.000000,-612645000.000000,-3.900000,-3.900000,-3.900000,-1207543000.000000,-1262462000.000000,-1207543000.000000,5896358040.000000,-11.000000,-11.408000,-497816000.000000,-3.048000,1.000000,6933000.000000,0.735000,26917000.000000,81011000.000000,1735191000.000000,1772822250.000000,0.000000,38052000.000000,38052000.000000,0.000000,1848743000.000000,106065000.000000,1742678000.000000,38355000.000000,-503000.000000,453699000.000000,1120000.000000,0.000000,462435000.000000,72064000.000000,74239000.000000,-496144000.000000,0.000000,-612645000.000000,-612645000.000000,-612645000.000000,0.000000,-10848000.000000,-64.981000,566119000.000000,-559186000.000000,4472000.000000,0.000000,-3.878000,-7.644000,-6.903000,21745000.000000,0.000000,26.920000,496.732000,466.299000,5170000.000000,-2392353000.000000,9428000.000000,9428000.000000,416387000.000000,-1.018000,0.485000,-0.300000,-56.389000,93474000.000000,134869000.000000,1.000000,173967052.000000,163308632.000000,163308632.000000,0.058000,628091000.000000,0.000000,0.000000,0.000000,3.846000
ART,2023-12-31,2024-02-22,2023-12-31,2023-Q4,333749000.000000,5907939610.000000,2025-04-29,31000.000000,546380000.000000,582682250.000000,477593000.000000,68787000.000000,0.016000,-8.319000,-1306000.000000,392588000.000000,392588000.000000,2446000.000000,-653251000.000000,3.320000,-1.395000,1739838000.000000,4128000.000000,1735710000.000000,1739838000.000000,6096000.000000,10526000.000000,0.000000,0.000000,0.000000,-561913000.000000,-551387000.000000,-59.270000,-551387000.000000,-561913000.000000,-643202000.000000,-3.950000,-3.950000,-3.950000,-1354257000.000000,-1287372000.000000,-1354257000.000000,7255189610.000000,-13.000000,-13.158000,-529026000.000000,-3.250000,1.000000,6857000.000000,0.737000,26319000.000000,81289000.000000,1723467000.000000,1758228750.000000,0.000000,58949000.000000,58949000.000000,0.000000,1888915000.000000,143844000.000000,1745071000.000000,-22152000.000000,-503000.000000,446328000.000000,0.000000,0.000000,451535000.000000,54033000.000000,55842000.000000,-527720000.000000,0.000000,-643202000.000000,-643202000.000000,-643202000.000000,0.000000,-10049000.000000,-69.139000,614227000.000000,-607370000.000000,10655000.000000,0.000000,-4.362000,-9.185000,-8.506000,19843000.000000,0.000000,33.600000,635.057000,587.960000,1751000.000000,-2560501000.000000,9303000.000000,9303000.000000,455711000.000000,-1.104000,0.500000,-0.320000,-60.401000,108710000.000000,150590000.000000,1.000000,175831536.000000,162791511.000000,162791511.000000,0.057000,520061000.000000,0.000000,0.000000,0.000000,3.195000
ART,2024-03-31,2024-05-02,2024-03-31,2024-Q1,641947000.000000,5190965672.000000,2025-04-29,2000.000000,849333000.000000,638595500.000000,783424000.000000,65909000.000000,0.342000,-5.873000,-1989000.000000,475353000.000000,475353000.000000,2393000.000000,-546679000.000000,5.537000,-1.797000,1728773000.000000,4544000.000000,1724229000.000000,1728773000.000000,33847000.000000,10526000.000000,0.000000,0.000000,0.000000,-453623000.000000,-443097000.000000,-2.027000,-443097000.000000,-453623000.000000,-538262000.000000,-3.220000,-3.220000,-3.220000,-1049528000.000000,-1243337750.000000,-1049528000.000000,6444385672.000000,-14.000000,-14.544000,-604924000.000000,-3.385000,1.000000,216204000.000000,0.989000,25721000.000000,84639000.000000,1935555000.000000,1792875000.000000,0.000000,44469000.000000,44469000.000000,0.000000,1886191000.000000,141477000.000000,1744714000.000000,42387000.000000,0.000000,616697000.000000,-35671000.000000,0.000000,580834000.000000,64488000.000000,67274000.000000,-602935000.000000,0.000000,-538262000.000000,-538262000.000000,-538262000.000000,0.000000,-8417000.000000,-2.462000,687585000.000000,-471381000.000000,4728000.000000,0.000000,-4.946000,-9.644000,-8.615000,19466000.000000,0.000000,27.740000,23.747000,22.678000,235494000.000000,-2595717000.000000,218597000.000000,218597000.000000,503822000.000000,-0.843000,0.433000,-0.253000,-2.075000,103860000.000000,185289000.000000,1.000000,187129260.000000,178705310.000000,178705310.000000,1.223000,823612000.000000,0.000000,0.000000,0.000000,4.609000
ART,2024-06-30,2024-08-01,2024-06-30,2024-Q2,481872000.000000,4922697081.000000,2025-04-29,-4000.000000,794375000.000000,711274000.000000,616236000.000000,178139000.000000,0.308000,-5.826000,-1615000.000000,547367000.000000,547367000.000000,2392000.000000,-461520000.000000,4.586000,-1.717000,1729281000.000000,4623000.000000,1724658000.000000,1729281000.000000,32059000.000000,10495000.000000,0.000000,0.000000,0.000000,-366837000.000000,-356342000.000000,-1.626000,-356342000.000000,-366837000.000000,-453819000.000000,-2.630000,-2.630000,-2.630000,-1092925000.000000,-1176063250.000000,-1092925000.000000,6104611081.000000,-17.000000,-17.131000,-416494000.000000,-2.220000,1.000000,216732000.000000,0.989000,25123000.000000,86982000.000000,1816802000.000000,1802753750.000000,0.000000,156819000.000000,39813000.000000,117006000.000000,1876468000.000000,134364000.000000,1742104000.000000,224865000.000000,-98000.000000,614629000.000000,-39403000.000000,0.000000,576336000.000000,63408000.000000,68311000.000000,-414879000.000000,0.000000,-453819000.000000,-453819000.000000,-453819000.000000,0.000000,-7701000.000000,-2.071000,717553000.000000,-500821000.000000,18126000.000000,0.000000,-4.504000,-10.847000,-9.954000,17107000.000000,0.000000,26.180000,22.465000,22.412000,660000.000000,-2669173000.000000,219124000.000000,219124000.000000,511029000.000000,-0.638000,0.386000,-0.203000,-1.674000,98136000.000000,208690000.000000,1.000000,188032738.000000,187586680.000000,187586680.000000,1.168000,769252000.000000,0.000000,0.000000,0.000000,4.101000
ART,2024-09-30,2024-11-12,2024-09-30,2024-Q3,305362000.000000,4652928925.000000,2025-04-29,5000.000000,664977000.000000,713766250.000000,444578000.000000,220399000.000000,0.305000,-6.524000,-1321000.000000,405733000.000000,405733000.000000,2392000.000000,-446286000.000000,3.193000,-1.531000,1729749000.000000,4600000.000000,1725149000.000000,1729749000.000000,30398000.000000,10420000.000000,0.000000,0.000000,0.000000,-349123000.000000,-338703000.000000,-1.555000,-338703000.000000,-349123000.000000,-438860000.000000,-2.410000,-2.410000,-2.410000,-1229922000.000000,-1181658000.000000,-1229922000.000000,5976944925.000000,-17.000000,-17.647000,-451540000.000000,-2.395000,1.000000,215373000.000000,0.989000,24525000.000000,89737000.000000,1825252000.000000,1825269000.000000,0.000000,160443000.000000,0.000000,160443000.000000,1883369000.000000,139216000.000000,1744153000.000000,-116264000.000000,-140000.000000,310113000.000000,-39403000.000000,0.000000,270003000.000000,63952000.000000,70198000.000000,-450219000.000000,0.000000,-438860000.000000,-438860000.000000,-438860000.000000,0.000000,-7426000.000000,-2.015000,750252000.000000,-534879000.000000,13363000.000000,0.000000,-3.783000,-10.602000,-10.216000,15140000.000000,0.000000,24.620000,21.367000,21.313000,478000.000000,-2831213000.000000,217765000.000000,217765000.000000,506337000.000000,-0.615000,0.371000,-0.191000,-1.603000,102698000.000000,241732000.000000,1.000000,188989802.000000,188510372.000000,188510372.000000,1.155000,640452000.000000,0.000000,0.000000,0.000000,3.397000
ART,2024-12-31,2025-02-20,2024-12-31,2024-Q4,566292000.000000,6999892380.000000,2025-04-29,8000.000000,919338000.000000,807005750.000000,720692000.000000,198646000.000000,0.275000,-7.889000,-933000.000000,681227000.000000,681227000.000000,3878000.000000,-543347000.000000,4.668000,-1.619000,2209675000.000000,4506000.000000,2205169000.000000,2209675000.000000,31699000.000000,10185000.000000,0.000000,0.000000,0.000000,-435319000.000000,-425134000.000000,-1.916000,-425134000.000000,-435319000.000000,-534609000.000000,-2.880000,-2.880000,-2.880000,-1467904000.000000,-1210069750.000000,-1467904000.000000,8528340380.000000,-20.000000,-20.060000,-521659000.000000,-2.803000,1.000000,218024000.000000,0.983000,23926000.000000,99290000.000000,2269460000.000000,1961767250.000000,0.000000,143747000.000000,0.000000,143747000.000000,2376950000.000000,154400000.000000,2222550000.000000,288512000.000000,-140000.000000,311717000.000000,433084000.000000,0.000000,748457000.000000,60781000.000000,69829000.000000,-520726000.000000,0.000000,-535762000.000000,-535762000.000000,-535762000.000000,0.000000,-7585000.000000,-2.414000,810997000.000000,-592973000.000000,9618000.000000,0.000000,-4.769000,-13.065000,-12.780000,12778000.000000,0.000000,36.805000,31.545000,30.863000,4722000.000000,-3096263000.000000,221902000.000000,221902000.000000,506461000.000000,-0.664000,0.443000,-0.222000,-1.962000,95800000.000000,288931000.000000,1.000000,190188626.000000,186075873.000000,186075873.000000,1.193000,895412000.000000,0.000000,1153000.000000,0.000000,4.812000
ART,2025-03-31,2025-04-29,2025-03-31,2025-Q1,543068000.000000,6915455822.000000,2025-04-29,0.000000,881638000.000000,815082000.000000,695173000.000000,186465000.000000,0.156000,-8.669000,-238000.000000,540599000.000000,540599000.000000,5919000.000000,-676795000.000000,4.570000,-1.529000,2355547000.000000,5209000.000000,2350338000.000000,2355547000.000000,29128000.000000,9798000.000000,0.000000,0.000000,0.000000,-548855000.000000,-539057000.000000,-4.231000,-539057000.000000,-548855000.000000,-666815000.000000,-3.550000,-3.550000,-3.550000,-1648395000.000000,-1359786500.000000,-1648395000.000000,8730403822.000000,-16.000000,-16.196000,-500662000.000000,-2.633000,1.000000,121496000.000000,0.954000,27802000.000000,117960000.000000,2516679000.000000,2107048250.000000,3954000.000000,128191000.000000,0.000000,128191000.000000,2520303000.000000,152105000.000000,2368198000.000000,65246000.000000,-140000.000000,-49780000.000000,572721000.000000,0.000000,529237000.000000,36433000.000000,45584000.000000,-500424000.000000,0.000000,-667968000.000000,-667968000.000000,-667968000.000000,0.000000,-8827000.000000,-5.242000,819184000.000000,-697688000.000000,27525000.000000,0.000000,-4.195000,-10.353000,-10.259000,13864000.000000,0.000000,36.420000,54.275000,54.351000,115265000.000000,-3263685000.000000,127415000.000000,127415000.000000,476920000.000000,-0.820000,0.491000,-0.260000,-4.308000,104625000.000000,329489000.000000,1.000000,189880720.000000,190145253.000000,190145253.000000,0.670000,853836000.000000,0.000000,1153000.000000,0.000000,4.490000
ARY,2018-12-31,2019-06-17,2018-12-31,2018-FY,412646000.000000,,2025-04-29,0.000000,464941000.000000,,445223000.000000,19718000.000000,,-9.481000,-2178000.000000,436086000.000000,436086000.000000,0.000000,-208153000.000000,13.667000,-0.513000,54507000.000000,0.000000,54507000.000000,54507000.000000,0.000000,245000.000000,0.000000,,0.000000,-166904000.000000,-166659000.000000,,-166659000.000000,-166904000.000000,-169451000.000000,-8.010000,-8.010000,-8.010000,-170580000.000000,,-170580000.000000,,,,-138821000.000000,-7.716000,1.000000,0.000000,,0.000000,2547000.000000,50785000.000000,,0.000000,17050000.000000,0.000000,17050000.000000,87579000.000000,32577000.000000,55002000.000000,343869000.000000,-18858000.000000,95536000.000000,56341000.000000,0.000000,501548000.000000,-21036000.000000,0.000000,-136643000.000000,0.000000,-169451000.000000,-144036000.000000,-144036000.000000,0.000000,-38702000.000000,,183660000.000000,-183660000.000000,13509000.000000,0.000000,,,,1575000.000000,13287000.000000,,,,0.000000,-170580000.000000,0.000000,0.000000,140073000.000000,,,,,6067000.000000,43587000.000000,1.000000,114999967.000000,17991781.000000,17991781.000000,0.000000,464941000.000000,0.000000,0.000000,0.000000,25.842000
ARY,2019-12-31,2020-03-03,2019-12-31,2019-FY,508237000.000000,4033516504.000000,2025-04-29,254000.000000,631679000.000000,499780750.000000,568622000.000000,63057000.000000,0.081000,3.886000,-2638000.000000,363773000.000000,363773000.000000,2500000.000000,-288585000.000000,9.417000,0.381000,91791000.000000,0.000000,91791000.000000,91791000.000000,0.000000,0.000000,0.000000,0.000000,0.000000,-251822000.000000,-251822000.000000,-6.209000,-251822000.000000,-251822000.000000,-260587000.000000,-2.480000,-2.480000,-2.480000,408454000.000000,76852750.000000,408454000.000000,3761534504.000000,-15.000000,-14.937000,-256225000.000000,-2.438000,1.000000,38060000.000000,0.938000,0.000000,8765000.000000,299312000.000000,169198250.000000,0.000000,213364000.000000,182220000.000000,31144000.000000,155703000.000000,60385000.000000,95318000.000000,-72048000.000000,-1716000.000000,368946000.000000,37118000.000000,0.000000,398792000.000000,-217253000.000000,-212899000.000000,-253587000.000000,0.000000,-260587000.000000,-260587000.000000,-260587000.000000,0.000000,-27998000.000000,-6.425000,304300000.000000,-266240000.000000,8852000.000000,0.000000,9.875000,-15.479000,-13.141000,5625000.000000,0.000000,32.590000,99.446000,84.447000,0.000000,-440031000.000000,40560000.000000,40560000.000000,209947000.000000,-0.521000,-3.391000,-1.488000,-6.209000,21374000.000000,94353000.000000,1.000000,123765465.000000,105099089.000000,105099089.000000,0.386000,631679000.000000,0.000000,0.000000,0.000000,6.010000
ARY,2020-12-31,2021-02-25,2020-12-31,2020-FY,547176000.000000,9701525708.000000,2025-04-29,192000.000000,703588000.000000,846576750.000000,642824000.000000,60764000.000000,0.010000,0.491000,-7371000.000000,356082000.000000,356082000.000000,0.000000,-505488000.000000,6.721000,10.287000,495787000.000000,5253000.000000,490534000.000000,495787000.000000,0.000000,3088000.000000,0.000000,0.000000,0.000000,-412069000.000000,-408981000.000000,-49.579000,-408981000.000000,-412069000.000000,-448724000.000000,-3.800000,-3.800000,-3.800000,57906000.000000,217034000.000000,57906000.000000,9841230708.000000,-24.000000,-24.063000,-407085000.000000,-3.450000,1.000000,8249000.000000,1.000000,0.000000,36655000.000000,747645000.000000,741936250.000000,0.000000,251011000.000000,251011000.000000,0.000000,595702000.000000,95648000.000000,500054000.000000,-5518000.000000,-6907000.000000,-74509000.000000,536961000.000000,0.000000,447189000.000000,-52993000.000000,-38715000.000000,-399714000.000000,0.000000,-448724000.000000,-448724000.000000,-448724000.000000,0.000000,-56764000.000000,-54.397000,482731000.000000,-474482000.000000,8945000.000000,0.000000,167.539000,-21.620000,-17.139000,36833000.000000,0.000000,65.130000,1176.085000,931.633000,0.000000,-888755000.000000,8249000.000000,8249000.000000,337047000.000000,-0.530000,-2.068000,-0.555000,-49.954000,58459000.000000,145684000.000000,1.000000,148956329.000000,117995457.000000,117995457.000000,0.070000,703588000.000000,0.000000,0.000000,0.000000,5.963000
ARY,2021-12-31,2022-02-25,2021-12-31,2021-FY,753789000.000000,1166101778.000000,2025-04-29,-132000.000000,1012792000.000000,992277500.000000,888858000.000000,123934000.000000,0.070000,-6.030000,-13246000.000000,393772000.000000,393772000.000000,3114000.000000,-586454000.000000,6.581000,-2.158000,1726171000.000000,4938000.000000,1721233000.000000,1726171000.000000,0.000000,11454000.000000,0.000000,0.000000,0.000000,-515761000.000000,-504307000.000000,-7.234000,-504307000.000000,-515761000.000000,-562539000.000000,-3.900000,-3.900000,-3.900000,-870414000.000000,-618349750.000000,-870414000.000000,2498500778.000000,-5.000000,-4.954000,-511180000.000000,-3.541000,1.000000,66602000.000000,0.955000,44934000.000000,46778000.000000,2165188000.000000,1975221250.000000,0.000000,442891000.000000,442891000.000000,0.000000,1878371000.000000,135069000.000000,1743302000.000000,37686000.000000,13654000.000000,-200925000.000000,1063613000.000000,0.000000,736446000.000000,-200826000.000000,-166234000.000000,-497934000.000000,0.000000,-562539000.000000,-562539000.000000,-562539000.000000,0.000000,-23915000.000000,-8.069000,643234000.000000,-576632000.000000,11884000.000000,0.000000,-1.340000,-2.073000,-2.026000,45973000.000000,0.000000,7.900000,16.726000,16.358000,19749000.000000,-1436966000.000000,69716000.000000,69716000.000000,451024000.000000,-0.567000,0.910000,-0.261000,-7.398000,99505000.000000,192210000.000000,1.000000,147607820.000000,144356619.000000,144356619.000000,0.483000,967858000.000000,0.000000,0.000000,0.000000,6.705000
ARY,2022-12-31,2023-02-23,2022-12-31,2022-FY,427425000.000000,1766523423.000000,2025-04-29,-328000.000000,623036000.000000,756789500.000000,548853000.000000,74183000.000000,0.103000,-8.507000,105179000.000000,414619000.000000,414619000.000000,3434000.000000,-484652000.000000,4.520000,-1.489000,1723564000.000000,3675000.000000,1719889000.000000,1723564000.000000,8156000.000000,11943000.000000,0.000000,0.000000,0.000000,-400745000.000000,-388802000.000000,-5.007000,-388802000.000000,-400745000.000000,-481183000.000000,-3.260000,-3.260000,-3.260000,-1254617000.000000,-1114890500.000000,-1254617000.000000,3075468423.000000,-8.000000,-7.910000,-314315000.000000,-2.131000,1.000000,74214000.000000,0.956000,28712000.000000,80438000.000000,1781841000.000000,1890744500.000000,0.000000,95233000.000000,95233000.000000,0.000000,1867960000.000000,121428000.000000,1746532000.000000,20519000.000000,10000000.000000,5849000.000000,-20486000.000000,0.000000,-13134000.000000,453147000.000000,339468000.000000,-419494000.000000,0.000000,-481183000.000000,-481183000.000000,-481183000.000000,0.000000,-3469000.000000,-6.197000,586416000.000000,-512202000.000000,11558000.000000,0.000000,-1.408000,-3.671000,-3.580000,25247000.000000,0.000000,11.670000,22.750000,22.164000,17079000.000000,-1918149000.000000,77648000.000000,77648000.000000,399462000.000000,-0.636000,0.432000,-0.212000,-5.161000,91559000.000000,143189000.000000,1.000000,151373044.000000,147473076.000000,147473076.000000,0.527000,594324000.000000,0.000000,0.000000,0.000000,4.030000
ARY,2023-12-31,2024-02-22,2023-12-31,2023-FY,333749000.000000,5907939610.000000,2025-04-29,31000.000000,546380000.000000,582682250.000000,477593000.000000,68787000.000000,0.016000,-8.319000,-1306000.000000,392588000.000000,392588000.000000,2446000.000000,-653251000.000000,3.320000,-1.395000,1739838000.000000,4128000.000000,1735710000.000000,1739838000.000000,6096000.000000,10526000.000000,0.000000,0.000000,0.000000,-561913000.000000,-551387000.000000,-59.270000,-551387000.000000,-561913000.000000,-643202000.000000,-3.950000,-3.950000,-3.950000,-1354257000.000000,-1287372000.000000,-1354257000.000000,7255189610.000000,-13.000000,-13.158000,-529026000.000000,-3.250000,1.000000,6857000.000000,0.737000,26319000.000000,81289000.000000,1723467000.000000,1758228750.000000,0.000000,58949000.000000,58949000.000000,0.000000,1888915000.000000,143844000.000000,1745071000.000000,-22152000.000000,-503000.000000,446328000.000000,0.000000,0.000000,451535000.000000,54033000.000000,55842000.000000,-527720000.000000,0.000000,-643202000.000000,-643202000.000000,-643202000.000000,0.000000,-10049000.000000,-69.139000,614227000.000000,-607370000.000000,10655000.000000,0.000000,-4.362000,-9.185000,-8.506000,19843000.000000,0.000000,33.600000,635.057000,587.960000,1751000.000000,-2560501000.000000,9303000.000000,9303000.000000,455711000.000000,-1.104000,0.500000,-0.320000,-60.401000,108710000.000000,150590000.000000,1.000000,175831536.000000,162791511.000000,162791511.000000,0.057000,520061000.000000,0.000000,0.000000,0.000000,3.195000
ARY,2024-12-31,2025-02-20,2024-12-31,2024-FY,566292000.000000,6999892380.000000,2025-04-29,8000.000000,919338000.000000,807005750.000000,720692000.000000,198646000.000000,0.275000,-7.889000,-933000.000000,681227000.000000,681227000.000000,3878000.000000,-543347000.000000,4.668000,-1.619000,2209675000.000000,4506000.000000,2205169000.000000,2209675000.000000,31699000.000000,10185000.000000,0.000000,0.000000,0.000000,-435319000.000000,-425134000.000000,-1.916000,-425134000.000000,-435319000.000000,-534609000.000000,-2.880000,-2.880000,-2.880000,-1467904000.000000,-1210069750.000000,-1467904000.000000,8528340380.000000,-20.000000,-20.060000,-521659000.000000,-2.803000,1.000000,218024000.000000,0.983000,23926000.000000,99290000.000000,2269460000.000000,1961767250.000000,0.000000,143747000.000000,0.000000,143747000.000000,2376950000.000000,154400000.000000,2222550000.000000,288512000.000000,-140000.000000,311717000.000000,433084000.000000,0.000000,748457000.000000,60781000.000000,69829000.000000,-520726000.000000,0.000000,-535762000.000000,-535762000.000000,-535762000.000000,0.000000,-7585000.000000,-2.414000,810997000.000000,-592973000.000000,9618000.000000,0.000000,-4.769000,-13.065000,-12.780000,12778000.000000,0.000000,36.805000,31.545000,30.863000,4722000.000000,-3096263000.000000,221902000.000000,221902000.000000,506461000.000000,-0.664000,0.443000,-0.222000,-1.962000,95800000.000000,288931000.000000,1.000000,190188626.000000,186075873.000000,186075873.000000,1.193000,895412000.000000,0.000000,1153000.000000,0.000000,4.812000
MRQ,2017-12-31,2017-12-31,2017-12-31,2017-Q4,88581000.000000,,2025-04-29,0.000000,98044000.000000,,97131000.000000,913000.000000,,-2.007000,,91995000.000000,91995000.000000,,,11.360000,-0.144000,0.000000,0.000000,0.000000,0.000000,0.000000,,0.000000,,0.000000,,,,,,,,,,-61427000.000000,,-61427000.000000,,,,,,1.000000,,,0.000000,,-2501000.000000,,0.000000,0.000000,0.000000,0.000000,8862000.000000,8550000.000000,312000.000000,,,,,,,,,,,,,,,,,,,1885000.000000,,,,,440000.000000,,,,,0.000000,-61427000.000000,,,,,,,,,,1.000000,,30598983.000000,,,98044000.000000,0.000000,,0.000000,3.204000
MRQ,2018-03-31,2018-03-31,2018-03-31,2018-Q1,,,2025-04-29,,,,,,,,-177000.000000,,,0.000000,-50704000.000000,,,,,,,,26000.000000,,,0.000000,-42423000.000000,-42397000.000000,,-42397000.000000,-42423000.000000,-42430000.000000,-2.130000,-2.130000,-2.130000,,,,,,,-18128000.000000,-1.037000,1.000000,0.000000,,,7000.000000,,,,,,,,,,-17435000.000000,-15000000.000000,0.000000,3463000.000000,0.000000,15693000.000000,-15177000.000000,0.000000,-17951000.000000,0.000000,-42430000.000000,-37277000.000000,-37277000.000000,0.000000,-8274000.000000,,41838000.000000,-41838000.000000,,0.000000,,,,,3121000.000000,,,,,,0.000000,0.000000,33831000.000000,,,,,751000.000000,8007000.000000,1.000000,,17485526.000000,17485526.000000,0.000000,,,0.000000,,
MRQ,2018-06-30,2018-06-30,2018-06-30,2018-Q2,,,2025-04-29,,,,,,,,-655000.000000,,,0.000000,-44853000.000000,,,,,,,,42000.000000,,,0.000000,-35497000.000000,-35455000.000000,,-35455000.000000,-35497000.000000,-35702000.000000,-1.710000,-1.710000,-1.710000,,,,,,,-34611000.000000,-1.942000,1.000000,0.000000,,,205000.000000,,,,,,,,,,177797000.000000,-1000000.000000,96723000.000000,34127000.000000,0.000000,213408000.000000,-1655000.000000,0.000000,-33956000.000000,0.000000,-35702000.000000,-30405000.000000,-30405000.000000,0.000000,-9151000.000000,,34783000.000000,-34783000.000000,,0.000000,,,,,3854000.000000,,,,,,0.000000,0.000000,23892000.000000,,,,,1017000.000000,10891000.000000,1.000000,,17821117.000000,17821117.000000,0.000000,,,0.000000,,
MRQ,2018-09-30,2018-09-30,2018-09-30,2018-Q3,,,2025-04-29,,,,,,,,-605000.000000,,,0.000000,-42078000.000000,,,,,,,,77000.000000,,,0.000000,-30245000.000000,-30168000.000000,,-30168000.000000,-30245000.000000,-31401000.000000,-0.520000,-0.520000,-0.520000,,,,,,,-38927000.000000,-0.639000,1.000000,0.000000,,,1156000.000000,,,,,,,,,,-40654000.000000,0.000000,35113000.000000,-656000.000000,0.000000,-1727000.000000,-605000.000000,0.000000,-38322000.000000,0.000000,-31401000.000000,-31401000.000000,-31401000.000000,0.000000,-10677000.000000,,41456000.000000,-41456000.000000,,0.000000,,,,,0.000000,,,,,,0.000000,0.000000,31148000.000000,,,,,1186000.000000,10308000.000000,1.000000,,60950572.000000,60950572.000000,0.000000,,,0.000000,,
MRQ,2018-12-31,2018-12-31,2018-12-31,2018-Q4,412646000.000000,,2025-04-29,0.000000,464941000.000000,,445223000.000000,19718000.000000,,5.098000,-741000.000000,436086000.000000,436086000.000000,0.000000,-49241000.000000,13.667000,0.278000,54507000.000000,0.000000,54507000.000000,54507000.000000,0.000000,-145000.000000,0.000000,,0.000000,-37462000.000000,-37607000.000000,,-37607000.000000,-37462000.000000,-38641000.000000,-0.520000,-0.520000,-0.520000,314879000.000000,,314879000.000000,,,,-47155000.000000,-0.763000,1.000000,0.000000,,0.000000,1179000.000000,50785000.000000,,0.000000,17050000.000000,0.000000,17050000.000000,87579000.000000,32577000.000000,55002000.000000,224161000.000000,-2858000.000000,-36300000.000000,19407000.000000,0.000000,274174000.000000,-3599000.000000,0.000000,-46414000.000000,0.000000,-38641000.000000,-38641000.000000,-38641000.000000,0.000000,-10600000.000000,,65583000.000000,-65583000.000000,13509000.000000,0.000000,,,,1575000.000000,0.000000,,,,0.000000,-179444000.000000,0.000000,0.000000,51202000.000000,,,,,3113000.000000,14381000.000000,1.000000,114999967.000000,61767414.000000,61767414.000000,0.000000,464941000.000000,0.000000,0.000000,0.000000,7.527000
MRQ,2019-03-31,2019-03-31,2019-03-31,2019-Q1,347001000.000000,,2025-04-29,0.000000,401374000.000000,,382473000.000000,18901000.000000,,-2.542000,-427000.000000,373027000.000000,373027000.000000,0.000000,-69436000.000000,10.782000,-0.386000,54861000.000000,0.000000,54861000.000000,54861000.000000,0.000000,0.000000,0.000000,,0.000000,-59514000.000000,-59514000.000000,,-59514000.000000,-59514000.000000,-61185000.000000,-0.660000,-0.660000,-0.660000,-234733000.000000,,-234733000.000000,,,,-59567000.000000,-0.645000,1.000000,0.000000,,0.000000,1671000.000000,47736000.000000,,0.000000,12452000.000000,0.000000,12452000.000000,90713000.000000,35472000.000000,55241000.000000,-63218000.000000,-2000000.000000,0.000000,179000.000000,0.000000,-1651000.000000,-2427000.000000,0.000000,-59140000.000000,0.000000,-61185000.000000,-61185000.000000,-61185000.000000,0.000000,-8251000.000000,,63752000.000000,-63752000.000000,12344000.000000,0.000000,,,,1882000.000000,0.000000,,,,0.000000,-234733000.000000,0.000000,0.000000,44853000.000000,,,,,2232000.000000,18899000.000000,1.000000,114999967.000000,92330072.000000,92330072.000000,0.000000,401374000.000000,0.000000,0.000000,0.000000,4.347000
MRQ,2019-06-30,2019-06-30,2019-06-30,2019-Q2,268004000.000000,3101549110.000000,2025-04-29,0.000000,325540000.000000,,306709000.000000,18831000.000000,,-3.510000,-83000.000000,293803000.000000,293803000.000000,0.000000,-74334000.000000,7.924000,-0.350000,74997000.000000,0.000000,74997000.000000,74997000.000000,0.000000,0.000000,0.000000,0.000000,0.000000,-64023000.000000,-64023000.000000,,-64023000.000000,-64023000.000000,-65964000.000000,-0.710000,-0.710000,-0.710000,-326068000.000000,,-326068000.000000,2783383110.000000,-15.000000,-14.549000,-68331000.000000,-0.736000,1.000000,0.000000,,0.000000,1941000.000000,68029000.000000,,0.000000,7495000.000000,0.000000,7495000.000000,114049000.000000,38705000.000000,75344000.000000,-78800000.000000,-500000.000000,0.000000,19787000.000000,0.000000,-9969000.000000,-583000.000000,0.000000,-68248000.000000,0.000000,-65964000.000000,-65964000.000000,-65964000.000000,0.000000,-8370000.000000,,69318000.000000,-69318000.000000,16065000.000000,0.000000,-9.512000,-15.729000,-11.191000,1865000.000000,0.000000,26.970000,,,0.000000,-326068000.000000,0.000000,0.000000,52331000.000000,,,,,3358000.000000,16987000.000000,1.000000,114999967.000000,92893303.000000,92893303.000000,0.000000,325540000.000000,0.000000,0.000000,0.000000,3.504000
MRQ,2019-09-30,2019-09-30,2019-09-30,2019-Q3,518297000.000000,2506740843.000000,2025-04-29,152000.000000,640530000.000000,,558155000.000000,82375000.000000,,3.927000,-381000.000000,413973000.000000,413973000.000000,2500000.000000,-60664000.000000,14.004000,0.253000,75017000.000000,0.000000,75017000.000000,75017000.000000,0.000000,0.000000,0.000000,0.000000,0.000000,-57867000.000000,-57867000.000000,-2.164000,-57867000.000000,-57867000.000000,-59980000.000000,-0.510000,-0.510000,-0.510000,459758000.000000,,459758000.000000,2287934843.000000,-10.000000,-10.447000,-50377000.000000,-0.430000,1.000000,24241000.000000,0.907000,0.000000,2113000.000000,261716000.000000,,0.000000,198873000.000000,122080000.000000,76793000.000000,116263000.000000,39858000.000000,76405000.000000,120170000.000000,784000.000000,366237000.000000,0.000000,0.000000,367508000.000000,-197342000.000000,-197745000.000000,-49996000.000000,0.000000,-59980000.000000,-59980000.000000,-59980000.000000,0.000000,-684000.000000,-2.243000,78773000.000000,-54532000.000000,10270000.000000,0.000000,5.452000,-11.103000,-8.946000,2984000.000000,0.000000,21.470000,93.741000,93.995000,0.000000,-366573000.000000,26741000.000000,26741000.000000,55278000.000000,,,,,5777000.000000,23495000.000000,1.000000,116755512.000000,117071188.000000,117071188.000000,0.228000,640530000.000000,0.000000,0.000000,0.000000,5.471000
MRQ,2019-12-31,2019-12-31,2019-12-31,2019-Q4,508237000.000000,4331302593.000000,2025-04-29,254000.000000,631679000.000000,,568622000.000000,63057000.000000,,3.466000,-1747000.000000,363773000.000000,363773000.000000,0.000000,-84151000.000000,9.417000,0.381000,91791000.000000,0.000000,91791000.000000,91791000.000000,0.000000,859000.000000,0.000000,0.000000,0.000000,-70418000.000000,-69559000.000000,-5.034000,-69559000.000000,-70418000.000000,-73458000.000000,-0.620000,-0.620000,-0.620000,408454000.000000,,408454000.000000,3992346593.000000,-16.000000,-15.908000,-77950000.000000,-0.662000,1.000000,13819000.000000,1.000000,0.000000,3040000.000000,299312000.000000,,0.000000,213364000.000000,182220000.000000,31144000.000000,155703000.000000,60385000.000000,95318000.000000,-50200000.000000,1716000.000000,921000.000000,16973000.000000,0.000000,42904000.000000,-16901000.000000,-15154000.000000,-76203000.000000,0.000000,-73458000.000000,-73458000.000000,-73458000.000000,0.000000,-10693000.000000,-5.316000,92457000.000000,-78638000.000000,8852000.000000,0.000000,10.604000,-16.621000,-14.133000,5625000.000000,0.000000,35.050000,106.788000,90.822000,2845000.000000,-440031000.000000,13819000.000000,13819000.000000,57485000.000000,,,,,10007000.000000,34972000.000000,1.000000,123574967.000000,117829913.000000,117829913.000000,0.117000,631679000.000000,0.000000,0.000000,0.000000,5.361000
MRQ,2020-03-31,2020-03-31,2020-03-31,2020-Q1,860043000.000000,3589198485.000000,2025-04-29,726000.000000,989799000.000000,,924957000.000000,64842000.000000,,3.232000,-4477000.000000,757049000.000000,757049000.000000,0.000000,-104082000.000000,14.249000,1.412000,472527000.000000,2510000.000000,470017000.000000,472527000.000000,0.000000,541000.000000,0.000000,0.000000,0.000000,-87840000.000000,-87299000.000000,,-87299000.000000,-87840000.000000,-91850000.000000,-0.780000,-0.780000,-0.780000,380715000.000000,,380715000.000000,3317216485.000000,-12.000000,-11.900000,-88397000.000000,-0.750000,1.000000,0.000000,,0.000000,4010000.000000,640363000.000000,,0.000000,171336000.000000,148126000.000000,23210000.000000,537728000.000000,64914000.000000,472814000.000000,393276000.000000,0.000000,-75000000.000000,537625000.000000,0.000000,439173000.000000,38023000.000000,42500000.000000,-83920000.000000,0.000000,-91850000.000000,-91850000.000000,-91850000.000000,0.000000,-12232000.000000,,102487000.000000,-102487000.000000,13086000.000000,0.000000,9.428000,-12.323000,-11.069000,24610000.000000,0.000000,29.000000,88.491000,84.228000,0.000000,-531881000.000000,0.000000,0.000000,68225000.000000,,,,,10222000.000000,34262000.000000,1.000000,123765465.000000,117803438.000000,117803438.000000,0.000000,989799000.000000,0.000000,0.000000,0.000000,8.402000
MRQ,2020-06-30,2020-06-30,2020-06-30,2020-Q2,769295000.000000,3957875439.000000,2025-04-29,858000.000000,905227000.000000,,861935000.000000,43292000.000000,,2.271000,-199000.000000,540919000.000000,540919000.000000,0.000000,-136214000.000000,9.304000,2.174000,479303000.000000,3627000.000000,475676000.000000,479303000.000000,0.000000,1495000.000000,0.000000,0.000000,0.000000,-110280000.000000,-108785000.000000,,-108785000.000000,-110280000.000000,-121034000.000000,-1.030000,-1.030000,-1.030000,265759000.000000,,265759000.000000,3673353439.000000,-11.000000,-11.355000,-88048000.000000,-0.752000,1.000000,0.000000,,0.000000,10754000.000000,750971000.000000,,0.000000,300020000.000000,300020000.000000,0.000000,577715000.000000,92640000.000000,485075000.000000,-216130000.000000,0.000000,0.000000,-664000.000000,0.000000,703000.000000,-128984000.000000,-128785000.000000,-87849000.000000,0.000000,-121034000.000000,-121034000.000000,-121034000.000000,0.000000,-15180000.000000,,124567000.000000,-124567000.000000,12835000.000000,0.000000,14.893000,-11.428000,-11.092000,26038000.000000,0.000000,32.610000,97.581000,94.077000,0.000000,-652915000.000000,0.000000,0.000000,86598000.000000,,,,,18392000.000000,37969000.000000,1.000000,121369992.000000,117012062.000000,117012062.000000,0.000000,905227000.000000,0.000000,0.000000,0.000000,7.736000
MRQ,2020-09-30,2020-09-30,2020-09-30,2020-Q3,669677000.000000,4591008883.000000,2025-04-29,461000.000000,787693000.000000,,745384000.000000,42309000.000000,,1.386000,-549000.000000,366967000.000000,366967000.000000,0.000000,-130167000.000000,9.846000,3.477000,483747000.000000,3617000.000000,480130000.000000,483747000.000000,0.000000,1154000.000000,0.000000,0.000000,0.000000,-104930000.000000,-103776000.000000,-12.769000,-103776000.000000,-104930000.000000,-115859000.000000,-0.980000,-0.980000,-0.980000,163756000.000000,,163756000.000000,4529392883.000000,-12.000000,-12.261000,-132233000.000000,-1.119000,1.000000,8127000.000000,1.000000,0.000000,10929000.000000,828766000.000000,,0.000000,343714000.000000,343714000.000000,0.000000,569306000.000000,75707000.000000,493599000.000000,-173952000.000000,0.000000,962000.000000,0.000000,0.000000,2782000.000000,-45050000.000000,-44501000.000000,-131684000.000000,0.000000,-115859000.000000,-115859000.000000,-115859000.000000,0.000000,-14308000.000000,-14.256000,128066000.000000,-119939000.000000,9839000.000000,0.000000,28.036000,-11.415000,-11.003000,25826000.000000,0.000000,37.520000,209.196000,202.026000,8000000.000000,-768774000.000000,8127000.000000,8127000.000000,92050000.000000,,,,,17699000.000000,36016000.000000,1.000000,122361644.000000,118168063.000000,118168063.000000,0.069000,787693000.000000,0.000000,0.000000,0.000000,6.666000
MRQ,2020-12-31,2020-12-31,2020-12-31,2020-Q4,547176000.000000,8715825840.000000,2025-04-29,192000.000000,703588000.000000,,642824000.000000,60764000.000000,,0.487000,-2293000.000000,356082000.000000,356082000.000000,0.000000,-135025000.000000,6.721000,10.287000,495787000.000000,5253000.000000,490534000.000000,495787000.000000,0.000000,1354000.000000,0.000000,0.000000,0.000000,-109019000.000000,-107665000.000000,-882.500000,-107665000.000000,-109019000.000000,-119981000.000000,-1.010000,-1.010000,-1.010000,57906000.000000,,57906000.000000,8832605840.000000,-21.000000,-21.674000,-98554000.000000,-0.828000,1.000000,122000.000000,1.000000,0.000000,10962000.000000,747645000.000000,,0.000000,251011000.000000,251011000.000000,0.000000,595702000.000000,95648000.000000,500054000.000000,-8712000.000000,0.000000,-471000.000000,0.000000,0.000000,4531000.000000,83018000.000000,92071000.000000,-96261000.000000,0.000000,-119981000.000000,-119981000.000000,-119981000.000000,0.000000,-15044000.000000,-983.451000,127611000.000000,-127489000.000000,8945000.000000,0.000000,150.517000,-19.424000,-18.713000,36833000.000000,0.000000,71.110000,1056.592000,1017.173000,0.000000,-888755000.000000,122000.000000,122000.000000,90174000.000000,,,,,12146000.000000,37437000.000000,1.000000,122568216.000000,118992714.000000,118992714.000000,0.001000,703588000.000000,0.000000,0.000000,0.000000,5.913000
MRQ,2021-03-31,2021-03-31,2021-03-31,2021-Q1,850385000.000000,9175709866.000000,2025-04-29,-57000.000000,1093308000.000000,,945114000.000000,148194000.000000,,-2.851000,-1961000.000000,471176000.000000,471176000.000000,0.000000,-171082000.000000,9.977000,-3.748000,1382514000.000000,7453000.000000,1375061000.000000,1382514000.000000,0.000000,1931000.000000,0.000000,0.000000,0.000000,-153341000.000000,-151410000.000000,-327.727000,-151410000.000000,-153341000.000000,-163079000.000000,-1.180000,-1.180000,-1.180000,-395294000.000000,,-395294000.000000,9315414866.000000,-20.000000,-19.751000,-152726000.000000,-1.102000,1.000000,462000.000000,1.000000,0.000000,9738000.000000,1909917000.000000,,0.000000,530144000.000000,447942000.000000,82202000.000000,1481402000.000000,94729000.000000,1386673000.000000,115095000.000000,0.000000,-49369000.000000,731436000.000000,0.000000,547912000.000000,-282052000.000000,-280091000.000000,-150765000.000000,0.000000,-163079000.000000,-163079000.000000,-163079000.000000,0.000000,-8003000.000000,-352.985000,167966000.000000,-167504000.000000,10340000.000000,0.000000,-23.212000,-17.647000,-14.667000,35813000.000000,0.000000,61.600000,1053.347000,980.309000,462000.000000,-1037506000.000000,462000.000000,462000.000000,122559000.000000,,,,,33577000.000000,45407000.000000,1.000000,148956329.000000,138627729.000000,138627729.000000,0.003000,1093308000.000000,0.000000,0.000000,0.000000,7.887000
MRQ,2021-06-30,2021-06-30,2021-06-30,2021-Q2,777962000.000000,9100363857.000000,2025-04-29,36000.000000,1081486000.000000,,909871000.000000,171615000.000000,,-3.164000,-2287000.000000,378420000.000000,378420000.000000,109000.000000,-102074000.000000,6.898000,-3.311000,1396477000.000000,4540000.000000,1391937000.000000,1396477000.000000,0.000000,2121000.000000,0.000000,0.000000,0.000000,-85509000.000000,-83388000.000000,-1.544000,-83388000.000000,-85509000.000000,-96348000.000000,-0.660000,-0.660000,-0.660000,-464294000.000000,,-464294000.000000,10011701857.000000,-22.000000,-22.436000,-94000000.000000,-0.641000,1.000000,53915000.000000,0.998000,0.000000,10839000.000000,1967634000.000000,,0.000000,538825000.000000,459243000.000000,79582000.000000,1537111000.000000,131909000.000000,1405202000.000000,-92646000.000000,13654000.000000,-7589000.000000,6892000.000000,0.000000,-1391000.000000,458000.000000,-10909000.000000,-91713000.000000,0.000000,-96348000.000000,-96348000.000000,-96348000.000000,0.000000,-5726000.000000,-1.783000,147930000.000000,-94015000.000000,22329000.000000,0.000000,-19.600000,-18.375000,-15.916000,42236000.000000,0.000000,60.960000,145.060000,142.602000,45538000.000000,-1133854000.000000,54024000.000000,54024000.000000,101960000.000000,,,,,30112000.000000,45970000.000000,1.000000,149284184.000000,146754299.000000,146754299.000000,0.368000,1081486000.000000,0.000000,0.000000,0.000000,7.369000
MRQ,2021-09-30,2021-09-30,2021-09-30,2021-Q3,543887000.000000,7019504954.000000,2025-04-29,19000.000000,781524000.000000,,639710000.000000,141814000.000000,,-5.069000,-6462000.000000,180347000.000000,180347000.000000,1454000.000000,-161016000.000000,6.676000,-2.041000,1398996000.000000,4999000.000000,1393997000.000000,1398996000.000000,0.000000,265000.000000,0.000000,0.000000,0.000000,-144868000.000000,-144603000.000000,-61.691000,-144603000.000000,-144868000.000000,-155935000.000000,-1.060000,-1.060000,-1.060000,-743397000.000000,,-743397000.000000,8037561954.000000,-16.000000,-16.502000,-128023000.000000,-0.873000,1.000000,890000.000000,0.380000,46204000.000000,11067000.000000,1858146000.000000,,0.000000,436971000.000000,419264000.000000,17707000.000000,1517398000.000000,95823000.000000,1421575000.000000,-198049000.000000,0.000000,-141714000.000000,0.000000,0.000000,-135456000.000000,58968000.000000,100430000.000000,-121561000.000000,0.000000,-155935000.000000,-155935000.000000,-155935000.000000,0.000000,-5081000.000000,-66.525000,150389000.000000,-149499000.000000,12035000.000000,0.000000,-9.442000,-13.112000,-11.987000,44849000.000000,0.000000,46.870000,123.253000,120.700000,8172000.000000,-1289789000.000000,2344000.000000,2344000.000000,104305000.000000,,,,,16042000.000000,46084000.000000,1.000000,149765414.000000,146662756.000000,146662756.000000,0.016000,735320000.000000,0.000000,0.000000,0.000000,5.014000
MRQ,2021-12-31,2021-12-31,2021-12-31,2021-Q4,753789000.000000,2454738438.000000,2025-04-29,-132000.000000,1012792000.000000,,888858000.000000,123934000.000000,,-5.991000,-2536000.000000,393949000.000000,393949000.000000,1551000.000000,-152282000.000000,6.581000,-2.158000,1726171000.000000,4938000.000000,1721233000.000000,1726171000.000000,0.000000,7137000.000000,0.000000,0.000000,0.000000,-132043000.000000,-124906000.000000,-9.693000,-124906000.000000,-132043000.000000,-147177000.000000,-1.020000,-1.020000,-1.020000,-870414000.000000,,-870414000.000000,3673387438.000000,-7.000000,-7.284000,-136431000.000000,-0.939000,1.000000,11335000.000000,0.880000,44934000.000000,15134000.000000,2165011000.000000,,0.000000,442891000.000000,442891000.000000,0.000000,1878371000.000000,135069000.000000,1743302000.000000,213286000.000000,0.000000,-2253000.000000,325285000.000000,0.000000,325381000.000000,21800000.000000,24336000.000000,-133895000.000000,0.000000,-147177000.000000,-147177000.000000,-147177000.000000,0.000000,-5105000.000000,-11.421000,176949000.000000,-165614000.000000,11884000.000000,0.000000,-2.820000,-4.364000,-4.277000,45973000.000000,0.000000,16.680000,35.211000,34.538000,19749000.000000,-1436966000.000000,12886000.000000,12886000.000000,122200000.000000,,,,,19774000.000000,54749000.000000,1.000000,147166573.000000,145293396.000000,145293396.000000,0.089000,967858000.000000,0.000000,0.000000,0.000000,6.661000
MRQ,2022-03-31,2022-03-31,2022-03-31,2022-Q1,612767000.000000,1498219373.000000,2025-04-29,-383000.000000,813149000.000000,,716230000.000000,96919000.000000,,-7.136000,-859000.000000,371550000.000000,371550000.000000,1348000.000000,-201330000.000000,6.923000,-1.781000,1727907000.000000,4363000.000000,1723544000.000000,1727907000.000000,0.000000,3429000.000000,0.000000,0.000000,0.000000,-176053000.000000,-172624000.000000,-101.903000,-172624000.000000,-176053000.000000,-196397000.000000,-1.350000,-1.350000,-1.350000,-1040996000.000000,,-1040996000.000000,2830618373.000000,-5.000000,-5.386000,-161494000.000000,-1.107000,1.000000,346000.000000,0.204000,30476000.000000,20344000.000000,2035567000.000000,,0.000000,299676000.000000,299676000.000000,0.000000,1853836000.000000,103463000.000000,1750373000.000000,-22172000.000000,10000000.000000,856000.000000,-1120000.000000,0.000000,-160000.000000,138623000.000000,129482000.000000,-160635000.000000,0.000000,-196397000.000000,-196397000.000000,-196397000.000000,0.000000,-4933000.000000,-115.937000,174024000.000000,-173678000.000000,10107000.000000,0.000000,-1.439000,-2.514000,-2.482000,31118000.000000,0.000000,10.150000,21.117000,20.870000,10983000.000000,-1633363000.000000,1694000.000000,1694000.000000,107649000.000000,,,,,24122000.000000,43713000.000000,1.000000,147607820.000000,145882149.000000,145882149.000000,0.012000,782673000.000000,0.000000,0.000000,0.000000,5.365000
MRQ,2022-06-30,2022-06-30,2022-06-30,2022-Q2,630120000.000000,1341060231.000000,2025-04-29,-427000.000000,862233000.000000,,771280000.000000,90953000.000000,,-6.991000,107598000.000000,470098000.000000,470098000.000000,700000.000000,-2559000.000000,5.464000,-1.831000,1711765000.000000,4310000.000000,1707455000.000000,1711765000.000000,7190000.000000,2926000.000000,0.000000,0.000000,0.000000,10423000.000000,13349000.000000,0.181000,13349000.000000,10423000.000000,-9856000.000000,-0.070000,-0.070000,-0.070000,-1025532000.000000,,-1025532000.000000,2697417231.000000,-6.000000,-6.291000,77145000.000000,0.526000,1.000000,73046000.000000,0.991000,29908000.000000,20279000.000000,1932832000.000000,,0.000000,245607000.000000,245607000.000000,0.000000,1877246000.000000,141160000.000000,1736086000.000000,98453000.000000,0.000000,-366000.000000,-20486000.000000,0.000000,-20796000.000000,149702000.000000,43604000.000000,-30453000.000000,0.000000,-9856000.000000,-9856000.000000,-9856000.000000,0.000000,7297000.000000,-0.134000,153222000.000000,-80176000.000000,8793000.000000,0.000000,-1.308000,-2.633000,-2.594000,29723000.000000,0.000000,9.080000,14.791000,14.690000,22821000.000000,-1643219000.000000,73746000.000000,73746000.000000,108400000.000000,,,,,28287000.000000,36426000.000000,1.000000,147693858.000000,146684804.000000,146684804.000000,0.503000,832325000.000000,0.000000,0.000000,0.000000,5.674000
MRQ,2022-09-30,2022-09-30,2022-09-30,2022-Q3,523025000.000000,1473568311.000000,2025-04-29,-348000.000000,728740000.000000,,642219000.000000,86521000.000000,,-7.695000,-759000.000000,483235000.000000,483235000.000000,739000.000000,-140193000.000000,5.388000,-1.633000,1715737000.000000,4044000.000000,1711693000.000000,1715737000.000000,7518000.000000,2773000.000000,0.000000,0.000000,0.000000,-117514000.000000,-114741000.000000,-339.470000,-114741000.000000,-117514000.000000,-137339000.000000,-0.930000,-0.930000,-0.930000,-1138417000.000000,,-1138417000.000000,2715235311.000000,-7.000000,-6.806000,-135922000.000000,-0.919000,1.000000,-401000.000000,-1.186000,29310000.000000,19825000.000000,1812738000.000000,,0.000000,108742000.000000,108742000.000000,0.000000,1859113000.000000,119194000.000000,1739919000.000000,13139000.000000,0.000000,996000.000000,0.000000,0.000000,1445000.000000,146857000.000000,147616000.000000,-135163000.000000,0.000000,-137339000.000000,-137339000.000000,-137339000.000000,0.000000,-2854000.000000,-406.328000,128715000.000000,-129116000.000000,10158000.000000,0.000000,-1.294000,-3.003000,-2.950000,27341000.000000,0.000000,9.940000,16.620000,16.585000,24581000.000000,-1780558000.000000,338000.000000,338000.000000,92511000.000000,,,,,17361000.000000,31188000.000000,1.000000,148246309.000000,147937817.000000,147937817.000000,0.002000,699430000.000000,0.000000,0.000000,0.000000,4.728000
MRQ,2022-12-31,2022-12-31,2022-12-31,2022-Q4,427425000.000000,1139061481.000000,2025-04-29,-328000.000000,623036000.000000,,548853000.000000,74183000.000000,,-8.400000,-801000.000000,414619000.000000,414619000.000000,647000.000000,-140570000.000000,4.520000,-1.489000,1723564000.000000,3675000.000000,1719889000.000000,1723564000.000000,8156000.000000,2815000.000000,0.000000,0.000000,0.000000,-117601000.000000,-114786000.000000,-61.383000,-114786000.000000,-117601000.000000,-137591000.000000,-0.920000,-0.920000,-0.920000,-1254617000.000000,,-1254617000.000000,2371563481.000000,-6.000000,-6.100000,-94044000.000000,-0.630000,1.000000,1223000.000000,0.654000,28712000.000000,19990000.000000,1781841000.000000,,0.000000,95233000.000000,95233000.000000,0.000000,1867960000.000000,121428000.000000,1746532000.000000,-68901000.000000,0.000000,4363000.000000,1120000.000000,0.000000,6377000.000000,17965000.000000,18766000.000000,-93243000.000000,0.000000,-137591000.000000,-137591000.000000,-137591000.000000,0.000000,-2979000.000000,-73.578000,130455000.000000,-129232000.000000,11558000.000000,0.000000,-0.908000,-2.367000,-2.337000,25247000.000000,0.000000,7.620000,14.670000,14.472000,17079000.000000,-1918149000.000000,1870000.000000,1870000.000000,90902000.000000,,,,,21789000.000000,31862000.000000,1.000000,149483134.000000,149364945.000000,149364945.000000,0.013000,594324000.000000,0.000000,0.000000,0.000000,3.979000
MRQ,2023-03-31,2023-03-31,2023-03-31,2023-Q1,456106000.000000,2509765070.000000,2025-04-29,-12000.000000,625680000.000000,,552702000.000000,72978000.000000,,-8.029000,-12000.000000,432871000.000000,432871000.000000,651000.000000,-142732000.000000,5.722000,-1.501000,1728870000.000000,3674000.000000,1725196000.000000,1728870000.000000,6675000.000000,2665000.000000,0.000000,0.000000,0.000000,-120035000.000000,-117370000.000000,-64.277000,-117370000.000000,-120035000.000000,-140156000.000000,-0.920000,-0.920000,-0.920000,-1225665000.000000,,-1225665000.000000,3818710070.000000,-11.000000,-11.449000,-144334000.000000,-0.946000,1.000000,1175000.000000,0.643000,28113000.000000,20121000.000000,1796970000.000000,,0.000000,83925000.000000,83925000.000000,0.000000,1839293000.000000,96596000.000000,1742697000.000000,18225000.000000,-503000.000000,144313000.000000,0.000000,0.000000,150249000.000000,12298000.000000,12813000.000000,-144322000.000000,0.000000,-140156000.000000,-140156000.000000,-140156000.000000,0.000000,-2576000.000000,-76.756000,127939000.000000,-126764000.000000,4076000.000000,0.000000,-2.048000,-5.906000,-5.838000,24098000.000000,0.000000,16.580000,32.267000,32.539000,10761000.000000,-2057455000.000000,1826000.000000,1826000.000000,92861000.000000,,,,,21907000.000000,31108000.000000,1.000000,151373044.000000,152645635.000000,152645635.000000,0.012000,597567000.000000,0.000000,0.000000,0.000000,3.915000
MRQ,2023-06-30,2023-06-30,2023-06-30,2023-Q2,322764000.000000,2760617183.000000,2025-04-29,63000.000000,503661000.000000,,432884000.000000,70777000.000000,,-8.484000,-428000.000000,322368000.000000,322368000.000000,599000.000000,-160703000.000000,3.931000,-1.361000,1733629000.000000,3776000.000000,1729853000.000000,1733629000.000000,6210000.000000,2629000.000000,0.000000,0.000000,0.000000,-137305000.000000,-134676000.000000,-82.069000,-134676000.000000,-137305000.000000,-157899000.000000,-0.980000,-0.980000,-0.980000,-1362023000.000000,,-1362023000.000000,4056616183.000000,-8.000000,-8.424000,-113781000.000000,-0.709000,1.000000,1042000.000000,0.635000,27515000.000000,20594000.000000,1777287000.000000,,0.000000,81356000.000000,81356000.000000,0.000000,1853299000.000000,110120000.000000,1743179000.000000,-110465000.000000,0.000000,-170000.000000,0.000000,0.000000,-1231000.000000,4119000.000000,4547000.000000,-113353000.000000,0.000000,-157899000.000000,-157899000.000000,-157899000.000000,0.000000,-2804000.000000,-96.221000,147141000.000000,-146099000.000000,3874000.000000,0.000000,-2.027000,-4.818000,-4.587000,22861000.000000,0.000000,17.200000,486.452000,486.557000,8614000.000000,-2215354000.000000,1641000.000000,1641000.000000,107488000.000000,,,,,27178000.000000,36122000.000000,1.000000,160500999.000000,160535435.000000,160535435.000000,0.010000,476146000.000000,0.000000,0.000000,0.000000,2.966000
MRQ,2023-09-30,2023-09-30,2023-09-30,2023-Q3,481605000.000000,4284397162.000000,2025-04-29,34000.000000,655008000.000000,,587670000.000000,67338000.000000,,-7.394000,-431000.000000,521865000.000000,521865000.000000,598000.000000,-179488000.000000,5.541000,-1.531000,1735030000.000000,4137000.000000,1730893000.000000,1735030000.000000,6592000.000000,2639000.000000,0.000000,0.000000,0.000000,-156693000.000000,-154054000.000000,-37.657000,-154054000.000000,-156693000.000000,-176999000.000000,-1.080000,-1.080000,-1.080000,-1207543000.000000,,-1207543000.000000,5695658162.000000,-11.000000,-10.935000,-145657000.000000,-0.892000,1.000000,3493000.000000,0.854000,26917000.000000,20306000.000000,1735191000.000000,,0.000000,38052000.000000,38052000.000000,0.000000,1848743000.000000,106065000.000000,1742678000.000000,199496000.000000,0.000000,305193000.000000,0.000000,0.000000,307040000.000000,37682000.000000,38113000.000000,-145226000.000000,0.000000,-176999000.000000,-176999000.000000,-176999000.000000,0.000000,-2489000.000000,-43.265000,161185000.000000,-157692000.000000,4472000.000000,0.000000,-3.548000,-6.993000,-6.762000,21745000.000000,0.000000,26.370000,454.433000,456.772000,5170000.000000,-2392353000.000000,4091000.000000,4091000.000000,125136000.000000,,,,,22600000.000000,35777000.000000,1.000000,162472399.000000,163308632.000000,163308632.000000,0.025000,628091000.000000,0.000000,0.000000,0.000000,3.846000
MRQ,2023-12-31,2023-12-31,2023-12-31,2023-Q4,333749000.000000,7023049889.000000,2025-04-29,31000.000000,546380000.000000,,477593000.000000,68787000.000000,,-7.761000,-435000.000000,392588000.000000,392588000.000000,598000.000000,-170328000.000000,3.320000,-1.395000,1739838000.000000,4128000.000000,1735710000.000000,1739838000.000000,9823000.000000,2593000.000000,0.000000,0.000000,0.000000,-147880000.000000,-145287000.000000,-83.259000,-145287000.000000,-147880000.000000,-168148000.000000,-0.960000,-0.960000,-0.960000,-1354257000.000000,,-1354257000.000000,8236214889.000000,-15.000000,-14.937000,-125254000.000000,-0.718000,1.000000,1147000.000000,0.657000,26319000.000000,20268000.000000,1723467000.000000,,0.000000,58949000.000000,58949000.000000,0.000000,1888915000.000000,143844000.000000,1745071000.000000,-129408000.000000,0.000000,-3008000.000000,0.000000,0.000000,-4523000.000000,-66000.000000,369000.000000,-124819000.000000,0.000000,-168148000.000000,-168148000.000000,-168148000.000000,0.000000,-2180000.000000,-96.360000,178563000.000000,-177416000.000000,10655000.000000,0.000000,-5.186000,-10.919000,-10.220000,19843000.000000,0.000000,40.370000,754.923000,706.427000,1751000.000000,-2560501000.000000,1745000.000000,1745000.000000,130226000.000000,,,,,37025000.000000,47583000.000000,1.000000,173967052.000000,174492588.000000,174492588.000000,0.010000,520061000.000000,0.000000,0.000000,0.000000,2.980000
MRQ,2024-03-31,2024-03-31,2024-03-31,2024-Q1,641947000.000000,5436711093.000000,2025-04-29,2000.000000,849333000.000000,,783424000.000000,65909000.000000,,-5.873000,-695000.000000,475353000.000000,475353000.000000,598000.000000,-36160000.000000,5.537000,-1.797000,1728773000.000000,4544000.000000,1724229000.000000,1728773000.000000,33847000.000000,2665000.000000,0.000000,0.000000,0.000000,-11745000.000000,-9080000.000000,-0.043000,-9080000.000000,-11745000.000000,-35216000.000000,-0.200000,-0.200000,-0.200000,-1049528000.000000,,-1049528000.000000,6783961093.000000,-15.000000,-15.310000,-220232000.000000,-1.232000,1.000000,210522000.000000,0.997000,25721000.000000,23471000.000000,1935555000.000000,,0.000000,44469000.000000,44469000.000000,0.000000,1886191000.000000,141477000.000000,1744714000.000000,82764000.000000,0.000000,314682000.000000,-35671000.000000,0.000000,279548000.000000,22753000.000000,24245000.000000,-219537000.000000,0.000000,-35216000.000000,-35216000.000000,-35216000.000000,0.000000,-944000.000000,-0.167000,210179000.000000,343000.000000,4728000.000000,0.000000,-5.180000,-10.100000,-9.602000,19466000.000000,0.000000,30.920000,24.871000,25.277000,235494000.000000,-2595717000.000000,211120000.000000,211120000.000000,140972000.000000,,,,,17057000.000000,65807000.000000,1.000000,175831536.000000,178705310.000000,178705310.000000,1.181000,823612000.000000,0.000000,0.000000,0.000000,4.609000
MRQ,2024-06-30,2024-06-30,2024-06-30,2024-Q2,481872000.000000,4739984156.000000,2025-04-29,-4000.000000,794375000.000000,,616236000.000000,178139000.000000,,-5.826000,-54000.000000,547367000.000000,547367000.000000,598000.000000,-75544000.000000,4.586000,-1.717000,1729281000.000000,4623000.000000,1724658000.000000,1729281000.000000,32059000.000000,2598000.000000,0.000000,0.000000,0.000000,-50519000.000000,-47921000.000000,-22.104000,-47921000.000000,-50519000.000000,-73456000.000000,-0.390000,-0.390000,-0.390000,-1092925000.000000,,-1092925000.000000,5993404156.000000,-16.000000,-16.819000,74649000.000000,0.398000,1.000000,1570000.000000,0.724000,25123000.000000,22937000.000000,1816802000.000000,,0.000000,156819000.000000,39813000.000000,117006000.000000,1876468000.000000,134364000.000000,1742104000.000000,72013000.000000,-98000.000000,-2238000.000000,-3732000.000000,0.000000,-5729000.000000,3039000.000000,5584000.000000,74703000.000000,0.000000,-73456000.000000,-73456000.000000,-73456000.000000,0.000000,-2088000.000000,-33.882000,177109000.000000,-175539000.000000,18126000.000000,0.000000,-4.337000,-10.445000,-9.631000,17107000.000000,0.000000,25.330000,21.632000,21.684000,660000.000000,-2669173000.000000,2168000.000000,2168000.000000,114695000.000000,,,,,21454000.000000,59523000.000000,1.000000,187129260.000000,187586680.000000,187586680.000000,0.012000,769252000.000000,0.000000,0.000000,0.000000,4.101000
MRQ,2024-09-30,2024-09-30,2024-09-30,2024-Q3,305362000.000000,4787313509.000000,2025-04-29,5000.000000,664977000.000000,,444578000.000000,220399000.000000,,-6.524000,-137000.000000,405733000.000000,405733000.000000,598000.000000,-164254000.000000,3.193000,-1.531000,1729749000.000000,4600000.000000,1725149000.000000,1729749000.000000,30398000.000000,2564000.000000,0.000000,0.000000,0.000000,-138979000.000000,-136415000.000000,-49.932000,-136415000.000000,-138979000.000000,-162040000.000000,-0.860000,-0.860000,-0.860000,-1229922000.000000,,-1229922000.000000,5969227509.000000,-17.000000,-17.624000,-180703000.000000,-0.959000,1.000000,2134000.000000,0.781000,24525000.000000,23061000.000000,1825252000.000000,,0.000000,160443000.000000,0.000000,160443000.000000,1883369000.000000,139216000.000000,1744153000.000000,-141633000.000000,-42000.000000,677000.000000,0.000000,0.000000,707000.000000,38226000.000000,40000000.000000,-180566000.000000,0.000000,-162040000.000000,-162040000.000000,-162040000.000000,0.000000,-2214000.000000,-59.312000,193884000.000000,-191750000.000000,13363000.000000,0.000000,-3.892000,-10.909000,-10.564000,15140000.000000,0.000000,25.460000,21.984000,22.040000,478000.000000,-2831213000.000000,2732000.000000,2732000.000000,120444000.000000,,,,,27162000.000000,68819000.000000,1.000000,188032738.000000,188510372.000000,188510372.000000,0.014000,640452000.000000,0.000000,0.000000,0.000000,3.397000
MRQ,2024-12-31,2024-12-31,2024-12-31,2024-Q4,566292000.000000,5185880167.000000,2025-04-29,8000.000000,919338000.000000,,720692000.000000,198646000.000000,,-7.748000,-47000.000000,681101000.000000,681101000.000000,2084000.000000,-267389000.000000,4.668000,-1.619000,2209675000.000000,4506000.000000,2205169000.000000,2209675000.000000,31699000.000000,2358000.000000,0.000000,0.000000,0.000000,-234076000.000000,-231718000.000000,-39.394000,-231718000.000000,-234076000.000000,-263897000.000000,-1.420000,-1.420000,-1.420000,-1467904000.000000,,-1467904000.000000,6509896167.000000,-15.000000,-15.313000,-195373000.000000,-1.031000,1.000000,3798000.000000,0.646000,23926000.000000,29821000.000000,2269586000.000000,,0.000000,143747000.000000,0.000000,143747000.000000,2376950000.000000,154400000.000000,2222550000.000000,275368000.000000,0.000000,-1404000.000000,472487000.000000,0.000000,473931000.000000,-3237000.000000,0.000000,-195326000.000000,0.000000,-265050000.000000,-265050000.000000,-265050000.000000,0.000000,-2339000.000000,-45.061000,229825000.000000,-226027000.000000,9618000.000000,0.000000,-3.533000,-9.679000,-9.528000,12778000.000000,0.000000,27.440000,23.370000,23.010000,4722000.000000,-3096263000.000000,5882000.000000,5882000.000000,130350000.000000,,,,,30127000.000000,94782000.000000,1.000000,188989802.000000,189461973.000000,189461973.000000,0.031000,895412000.000000,0.000000,1153000.000000,0.000000,4.726000
MRQ,2025-03-31,2025-03-31,2025-03-31,2025-Q1,543068000.000000,6574820801.000000,2025-04-29,0.000000,881638000.000000,,695173000.000000,186465000.000000,,-8.669000,0.000000,540599000.000000,540599000.000000,2639000.000000,-169608000.000000,4.570000,-1.529000,2355547000.000000,5209000.000000,2350338000.000000,2355547000.000000,29128000.000000,2278000.000000,0.000000,0.000000,0.000000,-125281000.000000,-123003000.000000,-1.055000,-123003000.000000,-125281000.000000,-167422000.000000,-0.880000,-0.880000,-0.880000,-1648395000.000000,,-1648395000.000000,8103268801.000000,-15.000000,-15.032000,-199235000.000000,-1.048000,1.000000,113994000.000000,0.977000,27802000.000000,42141000.000000,2516679000.000000,,3954000.000000,128191000.000000,0.000000,128191000.000000,2520303000.000000,152105000.000000,2368198000.000000,-140502000.000000,0.000000,-46815000.000000,103966000.000000,0.000000,60328000.000000,-1595000.000000,0.000000,-199235000.000000,0.000000,-167422000.000000,-167422000.000000,-167422000.000000,0.000000,-2186000.000000,-1.435000,218366000.000000,-104372000.000000,27525000.000000,0.000000,-3.989000,-9.843000,-9.738000,13864000.000000,0.000000,34.570000,51.602000,51.590000,115265000.000000,-3263685000.000000,116633000.000000,116633000.000000,111431000.000000,,,,,25882000.000000,106365000.000000,1.000000,190188626.000000,190145253.000000,190145253.000000,0.613000,853836000.000000,0.000000,0.000000,0.000000,4.490000
MRT,2017-12-31,2017-12-31,2017-12-31,2017-Q4,88581000.000000,,2025-04-29,0.000000,98044000.000000,,97131000.000000,913000.000000,,-2.007000,-464000.000000,91995000.000000,91995000.000000,0.000000,-43832000.000000,11.360000,-0.144000,0.000000,0.000000,0.000000,0.000000,0.000000,0.000000,0.000000,,0.000000,-30552000.000000,-30552000.000000,,-30552000.000000,-30552000.000000,-30565000.000000,-1.000000,-1.000000,-1.000000,-61427000.000000,,-61427000.000000,,,,-40952000.000000,-1.338000,1.000000,0.000000,,0.000000,13000.000000,-2501000.000000,,0.000000,0.000000,0.000000,0.000000,8862000.000000,8550000.000000,312000.000000,72031000.000000,0.000000,144000.000000,4132000.000000,0.000000,112983000.000000,-464000.000000,0.000000,-40488000.000000,0.000000,-30565000.000000,-30565000.000000,-30565000.000000,0.000000,-13267000.000000,,43858000.000000,-43858000.000000,1885000.000000,0.000000,,,,440000.000000,0.000000,,,,0.000000,-61427000.000000,0.000000,0.000000,30556000.000000,,,,,1841000.000000,13302000.000000,1.000000,,30598983.000000,30598983.000000,0.000000,98044000.000000,0.000000,0.000000,0.000000,3.204000
MRT,2018-03-31,2018-03-31,2018-03-31,2018-Q1,,,2025-04-29,,,,,,,,,,,,,,,,,,,,,,,0.000000,,,,,,,,,,,,,,,,,,1.000000,,,,,,,,,,,,,,,,,,,,,,,,,,,,,,,,,,,,,,,,,,,,,,,,,,,,,1.000000,,17485526.000000,,,,,,,
MRT,2018-06-30,2018-06-30,2018-06-30,2018-Q2,,,2025-04-29,,,,,,,,,,,,,,,,,,,,,,,0.000000,,,,,,,,,,,,,,,,,,1.000000,,,,,,,,,,,,,,,,,,,,,,,,,,,,,,,,,,,,,,,,,,,,,,,,,,,,,1.000000,,17821117.000000,,,,,,,
MRT,2018-09-30,2018-09-30,2018-09-30,2018-Q3,,,2025-04-29,,,,,,,,,,,,,,,,,,,,,,,0.000000,,,,,,,,,,,,,,,,,,1.000000,,,,,,,,,,,,,,,,,,,,,,,,,,,,,,,,,,,,,,,,,,,,,,,,,,,,,1.000000,,60950572.000000,,,,,,,
MRT,2018-12-31,2018-12-31,2018-12-31,2018-Q4,412646000.000000,,2025-04-29,0.000000,464941000.000000,281492500.000000,445223000.000000,19718000.000000,0.000000,5.098000,-2178000.000000,436086000.000000,436086000.000000,0.000000,-169451000.000000,13.667000,0.278000,54507000.000000,0.000000,54507000.000000,54507000.000000,0.000000,0.000000,0.000000,,0.000000,-128202000.000000,-128202000.000000,,-128202000.000000,-128202000.000000,-130749000.000000,-2.120000,-2.120000,-2.120000,314879000.000000,126726000.000000,314879000.000000,,,,-138821000.000000,-2.247000,1.000000,0.000000,,0.000000,2547000.000000,50785000.000000,24142000.000000,0.000000,17050000.000000,0.000000,17050000.000000,87579000.000000,32577000.000000,55002000.000000,343869000.000000,-18858000.000000,95536000.000000,56341000.000000,0.000000,501548000.000000,-21036000.000000,0.000000,-136643000.000000,0.000000,-130749000.000000,-130749000.000000,-130749000.000000,0.000000,-38702000.000000,,183660000.000000,-183660000.000000,13509000.000000,0.000000,,,,1575000.000000,0.000000,,,,0.000000,-179444000.000000,0.000000,0.000000,140073000.000000,-0.464000,-1.032000,-5.310000,,6067000.000000,43587000.000000,1.000000,114999967.000000,61767414.000000,61767414.000000,0.000000,464941000.000000,0.000000,0.000000,0.000000,7.527000
MRT,2019-03-31,2019-03-31,2019-03-31,2019-Q1,347001000.000000,,2025-04-29,0.000000,401374000.000000,,382473000.000000,18901000.000000,,-2.542000,-2428000.000000,373027000.000000,373027000.000000,0.000000,-205608000.000000,10.782000,-0.386000,54861000.000000,0.000000,54861000.000000,54861000.000000,0.000000,-26000.000000,0.000000,,0.000000,-162718000.000000,-162744000.000000,,-162744000.000000,-162718000.000000,-166929000.000000,-3.410000,-3.410000,-3.410000,-234733000.000000,,-234733000.000000,,,,-180260000.000000,-1.952000,1.000000,0.000000,,0.000000,4211000.000000,47736000.000000,,0.000000,12452000.000000,0.000000,12452000.000000,90713000.000000,35472000.000000,55241000.000000,298086000.000000,-5858000.000000,95536000.000000,53057000.000000,0.000000,484204000.000000,-8286000.000000,0.000000,-177832000.000000,0.000000,-166929000.000000,-161632000.000000,-161632000.000000,0.000000,-38679000.000000,,205574000.000000,-205574000.000000,12344000.000000,0.000000,,,,1882000.000000,3854000.000000,,,,0.000000,-234733000.000000,0.000000,0.000000,151095000.000000,,,,,7548000.000000,54479000.000000,1.000000,114999967.000000,92330072.000000,92330072.000000,0.000000,401374000.000000,0.000000,0.000000,0.000000,4.347000
MRT,2019-06-30,2019-06-30,2019-06-30,2019-Q2,268004000.000000,3101549110.000000,2025-04-29,0.000000,325540000.000000,,306709000.000000,18831000.000000,,-3.510000,-1856000.000000,293803000.000000,293803000.000000,0.000000,-235089000.000000,7.924000,-0.350000,74997000.000000,0.000000,74997000.000000,74997000.000000,0.000000,-68000.000000,0.000000,0.000000,0.000000,-191244000.000000,-191312000.000000,,-191312000.000000,-191244000.000000,-197191000.000000,-2.410000,-2.410000,-2.410000,-326068000.000000,,-326068000.000000,2783383110.000000,-15.000000,-14.549000,-213980000.000000,-2.304000,1.000000,0.000000,,0.000000,5947000.000000,68029000.000000,,0.000000,7495000.000000,0.000000,7495000.000000,114049000.000000,38705000.000000,75344000.000000,41489000.000000,-5358000.000000,-1187000.000000,38717000.000000,0.000000,260827000.000000,-7214000.000000,0.000000,-212124000.000000,0.000000,-197191000.000000,-197191000.000000,-197191000.000000,0.000000,-37898000.000000,,240109000.000000,-240109000.000000,16065000.000000,0.000000,-9.512000,-15.729000,-11.191000,1865000.000000,0.000000,26.970000,,,0.000000,-326068000.000000,0.000000,0.000000,179534000.000000,,,,,9889000.000000,60575000.000000,1.000000,114999967.000000,92893303.000000,92893303.000000,0.000000,325540000.000000,0.000000,0.000000,0.000000,3.504000
MRT,2019-09-30,2019-09-30,2019-09-30,2019-Q3,518297000.000000,2506740843.000000,2025-04-29,152000.000000,640530000.000000,458096250.000000,558155000.000000,82375000.000000,0.058000,3.927000,-1632000.000000,413973000.000000,413973000.000000,2500000.000000,-253675000.000000,14.004000,0.253000,75017000.000000,0.000000,75017000.000000,75017000.000000,0.000000,-145000.000000,0.000000,0.000000,0.000000,-218866000.000000,-219011000.000000,-8.190000,-219011000.000000,-218866000.000000,-225770000.000000,-2.400000,-2.400000,-2.400000,459758000.000000,53459000.000000,459758000.000000,2287934843.000000,-10.000000,-10.447000,-225430000.000000,-1.926000,1.000000,24241000.000000,0.907000,0.000000,6904000.000000,261716000.000000,107066500.000000,0.000000,198873000.000000,122080000.000000,76793000.000000,116263000.000000,39858000.000000,76405000.000000,202313000.000000,-4574000.000000,329937000.000000,39373000.000000,0.000000,630062000.000000,-203951000.000000,-197745000.000000,-223798000.000000,0.000000,-225770000.000000,-225770000.000000,-225770000.000000,0.000000,-27905000.000000,-8.443000,277426000.000000,-253185000.000000,10270000.000000,0.000000,5.452000,-11.103000,-8.946000,2984000.000000,0.000000,21.470000,93.741000,93.995000,0.000000,-366573000.000000,26741000.000000,26741000.000000,203664000.000000,-0.493000,-4.223000,-2.044000,-8.185000,14480000.000000,73762000.000000,1.000000,116755512.000000,117071188.000000,117071188.000000,0.228000,640530000.000000,0.000000,0.000000,0.000000,5.471000
MRT,2019-12-31,2019-12-31,2019-12-31,2019-Q4,508237000.000000,4331302593.000000,2025-04-29,254000.000000,631679000.000000,499780750.000000,568622000.000000,63057000.000000,0.081000,3.886000,-2638000.000000,363773000.000000,363773000.000000,2500000.000000,-288585000.000000,9.417000,0.381000,91791000.000000,0.000000,91791000.000000,91791000.000000,0.000000,859000.000000,0.000000,0.000000,0.000000,-251822000.000000,-250963000.000000,-6.187000,-250963000.000000,-251822000.000000,-260587000.000000,-2.480000,-2.480000,-2.480000,408454000.000000,76852750.000000,408454000.000000,3992346593.000000,-16.000000,-15.908000,-256225000.000000,-2.438000,1.000000,38060000.000000,0.938000,0.000000,8765000.000000,299312000.000000,169198250.000000,0.000000,213364000.000000,182220000.000000,31144000.000000,155703000.000000,60385000.000000,95318000.000000,-72048000.000000,0.000000,367158000.000000,36939000.000000,0.000000,398792000.000000,-217253000.000000,-212899000.000000,-253587000.000000,0.000000,-260587000.000000,-260587000.000000,-260587000.000000,0.000000,-27998000.000000,-6.425000,304300000.000000,-266240000.000000,8852000.000000,0.000000,10.604000,-16.621000,-14.133000,5625000.000000,0.000000,35.050000,106.788000,90.822000,2845000.000000,-440031000.000000,40560000.000000,40560000.000000,209947000.000000,-0.521000,-3.391000,-1.488000,-6.209000,21374000.000000,94353000.000000,1.000000,123574967.000000,105099089.000000,105099089.000000,0.386000,631679000.000000,0.000000,0.000000,0.000000,6.010000
MRT,2020-03-31,2020-03-31,2020-03-31,2020-Q1,860043000.000000,3589198485.000000,2025-04-29,726000.000000,989799000.000000,646887000.000000,924957000.000000,64842000.000000,0.063000,3.232000,-6688000.000000,757049000.000000,757049000.000000,2500000.000000,-323231000.000000,14.249000,1.412000,472527000.000000,2510000.000000,470017000.000000,472527000.000000,0.000000,1400000.000000,0.000000,0.000000,0.000000,-280148000.000000,-278748000.000000,-6.872000,-278748000.000000,-280148000.000000,-291252000.000000,-2.620000,-2.620000,-2.620000,380715000.000000,230714750.000000,380715000.000000,3317216485.000000,-12.000000,-11.900000,-285055000.000000,-2.420000,1.000000,38060000.000000,0.938000,0.000000,11104000.000000,640363000.000000,317355000.000000,0.000000,171336000.000000,148126000.000000,23210000.000000,537728000.000000,64914000.000000,472814000.000000,384446000.000000,2000000.000000,292158000.000000,574385000.000000,0.000000,839616000.000000,-176803000.000000,-170399000.000000,-278367000.000000,0.000000,-291252000.000000,-291252000.000000,-291252000.000000,0.000000,-31979000.000000,-7.181000,343035000.000000,-304975000.000000,13086000.000000,0.000000,9.428000,-12.323000,-11.069000,24610000.000000,0.000000,29.000000,88.491000,84.228000,0.000000,-531881000.000000,40560000.000000,40560000.000000,233319000.000000,-0.450000,-1.262000,-0.883000,-6.907000,29364000.000000,109716000.000000,1.000000,123765465.000000,117803438.000000,117803438.000000,0.344000,989799000.000000,0.000000,0.000000,0.000000,8.402000
MRT,2020-06-30,2020-06-30,2020-06-30,2020-Q2,769295000.000000,3957875439.000000,2025-04-29,858000.000000,905227000.000000,791808750.000000,861935000.000000,43292000.000000,0.051000,2.271000,-6804000.000000,540919000.000000,540919000.000000,2500000.000000,-385111000.000000,9.304000,2.174000,479303000.000000,3627000.000000,475676000.000000,479303000.000000,0.000000,2895000.000000,0.000000,0.000000,0.000000,-326405000.000000,-323510000.000000,-7.976000,-323510000.000000,-326405000.000000,-346322000.000000,-2.940000,-2.940000,-2.940000,265759000.000000,378671500.000000,265759000.000000,3673353439.000000,-11.000000,-11.355000,-304772000.000000,-2.605000,1.000000,38060000.000000,0.938000,0.000000,19917000.000000,750971000.000000,488090500.000000,0.000000,300020000.000000,300020000.000000,0.000000,577715000.000000,92640000.000000,485075000.000000,247116000.000000,2500000.000000,292158000.000000,553934000.000000,0.000000,850288000.000000,-305204000.000000,-299184000.000000,-297968000.000000,0.000000,-346322000.000000,-346322000.000000,-346322000.000000,0.000000,-38789000.000000,-8.539000,398284000.000000,-360224000.000000,12835000.000000,0.000000,14.893000,-11.428000,-11.092000,26038000.000000,0.000000,32.610000,97.581000,94.077000,0.000000,-652915000.000000,40560000.000000,40560000.000000,267586000.000000,-0.437000,-0.915000,-0.669000,-8.047000,44398000.000000,130698000.000000,1.000000,121369992.000000,117012062.000000,117012062.000000,0.347000,905227000.000000,0.000000,0.000000,0.000000,7.736000
MRT,2020-09-30,2020-09-30,2020-09-30,2020-Q3,669677000.000000,4591008883.000000,2025-04-29,461000.000000,787693000.000000,828599500.000000,745384000.000000,42309000.000000,0.026000,1.386000,-6972000.000000,366967000.000000,366967000.000000,0.000000,-454614000.000000,9.846000,3.477000,483747000.000000,3617000.000000,480130000.000000,483747000.000000,0.000000,4049000.000000,0.000000,0.000000,0.000000,-373468000.000000,-369419000.000000,-16.833000,-369419000.000000,-373468000.000000,-402201000.000000,-3.410000,-3.410000,-3.410000,163756000.000000,304671000.000000,163756000.000000,4529392883.000000,-12.000000,-12.261000,-386628000.000000,-3.272000,1.000000,21946000.000000,1.000000,0.000000,28733000.000000,828766000.000000,629853000.000000,0.000000,343714000.000000,343714000.000000,0.000000,569306000.000000,75707000.000000,493599000.000000,-47006000.000000,1716000.000000,-73117000.000000,553934000.000000,0.000000,485562000.000000,-152912000.000000,-145940000.000000,-379656000.000000,0.000000,-402201000.000000,-402201000.000000,-402201000.000000,0.000000,-52413000.000000,-18.327000,447577000.000000,-425631000.000000,9839000.000000,0.000000,28.036000,-11.415000,-11.003000,25826000.000000,0.000000,37.520000,209.196000,202.026000,8000000.000000,-768774000.000000,21946000.000000,21946000.000000,304358000.000000,-0.485000,-1.320000,-0.593000,-17.018000,56320000.000000,143219000.000000,1.000000,122361644.000000,118168063.000000,118168063.000000,0.186000,787693000.000000,0.000000,0.000000,0.000000,6.666000
MRT,2020-12-31,2020-12-31,2020-12-31,2020-Q4,547176000.000000,8715825840.000000,2025-04-29,192000.000000,703588000.000000,846576750.000000,642824000.000000,60764000.000000,0.010000,0.491000,-7518000.000000,356082000.000000,356082000.000000,0.000000,-505488000.000000,6.721000,10.287000,495787000.000000,5253000.000000,490534000.000000,495787000.000000,0.000000,4544000.000000,0.000000,0.000000,0.000000,-412069000.000000,-407525000.000000,-49.403000,-407525000.000000,-412069000.000000,-448724000.000000,-3.800000,-3.800000,-3.800000,57906000.000000,217034000.000000,57906000.000000,8832605840.000000,-21.000000,-21.674000,-407232000.000000,-3.451000,1.000000,8249000.000000,1.000000,0.000000,36655000.000000,747645000.000000,741936250.000000,0.000000,251011000.000000,251011000.000000,0.000000,595702000.000000,95648000.000000,500054000.000000,-5518000.000000,0.000000,-74509000.000000,536961000.000000,0.000000,447189000.000000,-52993000.000000,-38715000.000000,-399714000.000000,0.000000,-448724000.000000,-448724000.000000,-448724000.000000,0.000000,-56764000.000000,-54.397000,482731000.000000,-474482000.000000,8945000.000000,0.000000,150.517000,-19.424000,-18.713000,36833000.000000,0.000000,71.110000,1056.592000,1017.173000,0.000000,-888755000.000000,8249000.000000,8249000.000000,337047000.000000,-0.530000,-2.068000,-0.555000,-49.954000,58459000.000000,145684000.000000,1.000000,122568216.000000,117995457.000000,117995457.000000,0.070000,703588000.000000,0.000000,0.000000,0.000000,5.963000
MRT,2021-03-31,2021-03-31,2021-03-31,2021-Q1,850385000.000000,9175709866.000000,2025-04-29,-57000.000000,1093308000.000000,872454000.000000,945114000.000000,148194000.000000,0.010000,-2.851000,-5002000.000000,471176000.000000,471176000.000000,0.000000,-572488000.000000,9.977000,-3.748000,1382514000.000000,7453000.000000,1375061000.000000,1382514000.000000,0.000000,5934000.000000,0.000000,0.000000,0.000000,-477570000.000000,-471636000.000000,-54.143000,-471636000.000000,-477570000.000000,-519953000.000000,-4.200000,-4.200000,-4.200000,-395294000.000000,23031750.000000,-395294000.000000,9315414866.000000,-20.000000,-19.751000,-471561000.000000,-3.402000,1.000000,8711000.000000,1.000000,0.000000,42383000.000000,1909917000.000000,1059324750.000000,0.000000,530144000.000000,447942000.000000,82202000.000000,1481402000.000000,94729000.000000,1386673000.000000,-283699000.000000,0.000000,-48878000.000000,730772000.000000,0.000000,555928000.000000,-373068000.000000,-361306000.000000,-466559000.000000,0.000000,-519953000.000000,-519953000.000000,-519953000.000000,0.000000,-52535000.000000,-59.689000,548210000.000000,-539499000.000000,10340000.000000,0.000000,-23.212000,-17.647000,-14.667000,35813000.000000,0.000000,61.600000,1053.347000,980.309000,462000.000000,-1037506000.000000,8711000.000000,8711000.000000,391381000.000000,-0.596000,-22.575000,-0.451000,-54.824000,81814000.000000,156829000.000000,1.000000,148956329.000000,138627729.000000,138627729.000000,0.063000,1093308000.000000,0.000000,0.000000,0.000000,7.887000
MRT,2021-06-30,2021-06-30,2021-06-30,2021-Q2,777962000.000000,9100363857.000000,2025-04-29,36000.000000,1081486000.000000,916518750.000000,909871000.000000,171615000.000000,0.068000,-3.164000,-7090000.000000,378420000.000000,378420000.000000,109000.000000,-538348000.000000,6.898000,-3.311000,1396477000.000000,4540000.000000,1391937000.000000,1396477000.000000,0.000000,6560000.000000,0.000000,0.000000,0.000000,-452799000.000000,-446239000.000000,-7.113000,-446239000.000000,-452799000.000000,-495267000.000000,-3.830000,-3.830000,-3.830000,-464294000.000000,-159481500.000000,-464294000.000000,10011701857.000000,-22.000000,-22.436000,-477513000.000000,-3.254000,1.000000,62626000.000000,0.998000,0.000000,42468000.000000,1967634000.000000,1363490500.000000,0.000000,538825000.000000,459243000.000000,79582000.000000,1537111000.000000,131909000.000000,1405202000.000000,-160215000.000000,13654000.000000,-56467000.000000,738328000.000000,0.000000,553834000.000000,-243626000.000000,-243430000.000000,-470423000.000000,0.000000,-495267000.000000,-495267000.000000,-495267000.000000,0.000000,-43081000.000000,-7.895000,571573000.000000,-508947000.000000,22329000.000000,0.000000,-19.600000,-18.375000,-15.916000,42236000.000000,0.000000,60.960000,145.060000,142.602000,45538000.000000,-1133854000.000000,62735000.000000,62735000.000000,406743000.000000,-0.540000,3.105000,-0.332000,-7.218000,93534000.000000,164830000.000000,1.000000,149284184.000000,146754299.000000,146754299.000000,0.427000,1081486000.000000,0.000000,0.000000,0.000000,7.369000
MRT,2021-09-30,2021-09-30,2021-09-30,2021-Q3,543887000.000000,7019504954.000000,2025-04-29,19000.000000,781524000.000000,914976500.000000,639710000.000000,141814000.000000,0.062000,-5.069000,-13003000.000000,180347000.000000,180347000.000000,1563000.000000,-569197000.000000,6.676000,-2.041000,1398996000.000000,4999000.000000,1393997000.000000,1398996000.000000,0.000000,5671000.000000,0.000000,0.000000,0.000000,-492737000.000000,-487066000.000000,-8.552000,-487066000.000000,-492737000.000000,-535343000.000000,-3.910000,-3.910000,-3.910000,-743397000.000000,-386269750.000000,-743397000.000000,8037561954.000000,-16.000000,-16.502000,-473303000.000000,-3.227000,1.000000,55389000.000000,0.973000,46204000.000000,42606000.000000,1858146000.000000,1620835500.000000,0.000000,436971000.000000,419264000.000000,17707000.000000,1517398000.000000,95823000.000000,1421575000.000000,-184312000.000000,13654000.000000,-199143000.000000,738328000.000000,0.000000,415596000.000000,-139608000.000000,-98499000.000000,-460300000.000000,0.000000,-535343000.000000,-535343000.000000,-535343000.000000,0.000000,-33854000.000000,-9.400000,593896000.000000,-538507000.000000,12035000.000000,0.000000,-9.442000,-13.112000,-11.987000,44849000.000000,0.000000,46.870000,123.253000,120.700000,8172000.000000,-1289789000.000000,56952000.000000,56952000.000000,418998000.000000,-0.585000,1.386000,-0.304000,-8.652000,91877000.000000,174898000.000000,1.000000,149765414.000000,146662756.000000,146662756.000000,0.388000,735320000.000000,0.000000,0.000000,0.000000,5.014000
MRT,2021-12-31,2021-12-31,2021-12-31,2021-Q4,753789000.000000,2454738438.000000,2025-04-29,-132000.000000,1012792000.000000,992277500.000000,888858000.000000,123934000.000000,0.070000,-6.030000,-13246000.000000,393949000.000000,393949000.000000,3114000.000000,-586454000.000000,6.581000,-2.158000,1726171000.000000,4938000.000000,1721233000.000000,1726171000.000000,0.000000,11454000.000000,0.000000,0.000000,0.000000,-515761000.000000,-504307000.000000,-7.234000,-504307000.000000,-515761000.000000,-562539000.000000,-3.900000,-3.900000,-3.900000,-870414000.000000,-618349750.000000,-870414000.000000,3673387438.000000,-7.000000,-7.284000,-511180000.000000,-3.541000,1.000000,66602000.000000,0.955000,44934000.000000,46778000.000000,2165011000.000000,1975177000.000000,0.000000,442891000.000000,442891000.000000,0.000000,1878371000.000000,135069000.000000,1743302000.000000,37686000.000000,13654000.000000,-200925000.000000,1063613000.000000,0.000000,736446000.000000,-200826000.000000,-166234000.000000,-497934000.000000,0.000000,-562539000.000000,-562539000.000000,-562539000.000000,0.000000,-23915000.000000,-8.069000,643234000.000000,-576632000.000000,11884000.000000,0.000000,-2.820000,-4.364000,-4.277000,45973000.000000,0.000000,16.680000,35.211000,34.538000,19749000.000000,-1436966000.000000,69716000.000000,69716000.000000,451024000.000000,-0.567000,0.910000,-0.261000,-7.398000,99505000.000000,192210000.000000,1.000000,147166573.000000,144356619.000000,144356619.000000,0.483000,967858000.000000,0.000000,0.000000,0.000000,6.705000
MRT,2022-03-31,2022-03-31,2022-03-31,2022-Q1,612767000.000000,1498219373.000000,2025-04-29,-383000.000000,813149000.000000,922237750.000000,716230000.000000,96919000.000000,0.077000,-7.136000,-12144000.000000,371550000.000000,371550000.000000,4462000.000000,-616702000.000000,6.923000,-1.781000,1727907000.000000,4363000.000000,1723544000.000000,1727907000.000000,0.000000,12952000.000000,0.000000,0.000000,0.000000,-538473000.000000,-525521000.000000,-7.407000,-525521000.000000,-538473000.000000,-595857000.000000,-4.090000,-4.090000,-4.090000,-1040996000.000000,-779775250.000000,-1040996000.000000,2830618373.000000,-5.000000,-5.386000,-519948000.000000,-3.564000,1.000000,66486000.000000,0.937000,30476000.000000,57384000.000000,2035567000.000000,2006589500.000000,0.000000,299676000.000000,299676000.000000,0.000000,1853836000.000000,103463000.000000,1750373000.000000,-99581000.000000,23654000.000000,-150700000.000000,331057000.000000,0.000000,188374000.000000,219849000.000000,243339000.000000,-507804000.000000,0.000000,-595857000.000000,-595857000.000000,-595857000.000000,0.000000,-20845000.000000,-8.399000,649292000.000000,-582806000.000000,10107000.000000,0.000000,-1.439000,-2.514000,-2.482000,31118000.000000,0.000000,10.150000,21.117000,20.870000,10983000.000000,-1633363000.000000,70948000.000000,70948000.000000,436114000.000000,-0.646000,0.764000,-0.268000,-7.590000,90050000.000000,190516000.000000,1.000000,147607820.000000,145882149.000000,145882149.000000,0.486000,782673000.000000,0.000000,0.000000,0.000000,5.365000
MRT,2022-06-30,2022-06-30,2022-06-30,2022-Q2,630120000.000000,1341060231.000000,2025-04-29,-427000.000000,862233000.000000,867424500.000000,771280000.000000,90953000.000000,0.105000,-6.991000,97741000.000000,470098000.000000,470098000.000000,5053000.000000,-517187000.000000,5.464000,-1.831000,1711765000.000000,4310000.000000,1707455000.000000,1711765000.000000,7190000.000000,13757000.000000,0.000000,0.000000,0.000000,-442541000.000000,-428784000.000000,-4.729000,-428784000.000000,-442541000.000000,-509365000.000000,-3.500000,-3.500000,-3.500000,-1025532000.000000,-920084750.000000,-1025532000.000000,2697417231.000000,-6.000000,-6.291000,-348803000.000000,-2.378000,1.000000,85617000.000000,0.944000,29908000.000000,66824000.000000,1932832000.000000,1997889000.000000,0.000000,245607000.000000,245607000.000000,0.000000,1877246000.000000,141160000.000000,1736086000.000000,91518000.000000,10000000.000000,-143477000.000000,303679000.000000,0.000000,168969000.000000,369093000.000000,297852000.000000,-446544000.000000,0.000000,-509365000.000000,-509365000.000000,-509365000.000000,0.000000,-7822000.000000,-5.618000,654584000.000000,-568967000.000000,8793000.000000,0.000000,-1.308000,-2.633000,-2.594000,29723000.000000,0.000000,9.080000,14.791000,14.690000,22821000.000000,-1643219000.000000,90670000.000000,90670000.000000,442554000.000000,-0.587000,0.554000,-0.222000,-4.881000,88225000.000000,180972000.000000,1.000000,147693858.000000,146684804.000000,146684804.000000,0.618000,832325000.000000,0.000000,0.000000,0.000000,5.674000
MRT,2022-09-30,2022-09-30,2022-09-30,2022-Q3,523025000.000000,1473568311.000000,2025-04-29,-348000.000000,728740000.000000,854228500.000000,642219000.000000,86521000.000000,0.104000,-7.695000,103444000.000000,483235000.000000,483235000.000000,4338000.000000,-496364000.000000,5.388000,-1.633000,1715737000.000000,4044000.000000,1711693000.000000,1715737000.000000,7518000.000000,16265000.000000,0.000000,0.000000,0.000000,-415187000.000000,-398922000.000000,-4.499000,-398922000.000000,-415187000.000000,-490769000.000000,-3.370000,-3.370000,-3.370000,-1138417000.000000,-1018839750.000000,-1138417000.000000,2715235311.000000,-7.000000,-6.806000,-356702000.000000,-2.411000,1.000000,84326000.000000,0.951000,29310000.000000,75582000.000000,1812738000.000000,1986537000.000000,0.000000,108742000.000000,108742000.000000,0.000000,1859113000.000000,119194000.000000,1739919000.000000,302706000.000000,10000000.000000,-767000.000000,303679000.000000,0.000000,305870000.000000,456982000.000000,345038000.000000,-460146000.000000,0.000000,-490769000.000000,-490769000.000000,-490769000.000000,0.000000,-5595000.000000,-5.535000,632910000.000000,-548584000.000000,10158000.000000,0.000000,-1.294000,-3.003000,-2.950000,27341000.000000,0.000000,9.940000,16.620000,16.585000,24581000.000000,-1780558000.000000,88664000.000000,88664000.000000,430760000.000000,-0.575000,0.482000,-0.209000,-4.683000,89544000.000000,166076000.000000,1.000000,148246309.000000,147937817.000000,147937817.000000,0.599000,699430000.000000,0.000000,0.000000,0.000000,4.728000
MRT,2022-12-31,2022-12-31,2022-12-31,2022-Q4,427425000.000000,1139061481.000000,2025-04-29,-328000.000000,623036000.000000,756789500.000000,548853000.000000,74183000.000000,0.103000,-8.507000,105179000.000000,414619000.000000,414619000.000000,3434000.000000,-484652000.000000,4.520000,-1.489000,1723564000.000000,3675000.000000,1719889000.000000,1723564000.000000,8156000.000000,11943000.000000,0.000000,0.000000,0.000000,-400745000.000000,-388802000.000000,-5.007000,-388802000.000000,-400745000.000000,-481183000.000000,-3.260000,-3.260000,-3.260000,-1254617000.000000,-1114890500.000000,-1254617000.000000,2371563481.000000,-6.000000,-6.100000,-314315000.000000,-2.131000,1.000000,74214000.000000,0.956000,28712000.000000,80438000.000000,1781841000.000000,1890744500.000000,0.000000,95233000.000000,95233000.000000,0.000000,1867960000.000000,121428000.000000,1746532000.000000,20519000.000000,10000000.000000,5849000.000000,-20486000.000000,0.000000,-13134000.000000,453147000.000000,339468000.000000,-419494000.000000,0.000000,-481183000.000000,-481183000.000000,-481183000.000000,0.000000,-3469000.000000,-6.197000,586416000.000000,-512202000.000000,11558000.000000,0.000000,-0.908000,-2.367000,-2.337000,25247000.000000,0.000000,7.620000,14.670000,14.472000,17079000.000000,-1918149000.000000,77648000.000000,77648000.000000,399462000.000000,-0.636000,0.432000,-0.212000,-5.161000,91559000.000000,143189000.000000,1.000000,149483134.000000,147473076.000000,147473076.000000,0.527000,594324000.000000,0.000000,0.000000,0.000000,4.030000
MRT,2023-03-31,2023-03-31,2023-03-31,2023-Q1,456106000.000000,2509765070.000000,2025-04-29,-12000.000000,625680000.000000,709922250.000000,552702000.000000,72978000.000000,0.110000,-8.029000,106026000.000000,432871000.000000,432871000.000000,2737000.000000,-426054000.000000,5.722000,-1.501000,1728870000.000000,3674000.000000,1725196000.000000,1728870000.000000,6675000.000000,11179000.000000,0.000000,0.000000,0.000000,-344727000.000000,-333548000.000000,-4.288000,-333548000.000000,-344727000.000000,-424942000.000000,-2.840000,-2.840000,-2.840000,-1225665000.000000,-1161057750.000000,-1225665000.000000,3818710070.000000,-11.000000,-11.449000,-297155000.000000,-1.947000,1.000000,75043000.000000,0.965000,28113000.000000,80215000.000000,1796970000.000000,1831095250.000000,0.000000,83925000.000000,83925000.000000,0.000000,1839293000.000000,96596000.000000,1742697000.000000,60916000.000000,-503000.000000,149306000.000000,-19366000.000000,0.000000,137275000.000000,326822000.000000,222799000.000000,-403181000.000000,0.000000,-424942000.000000,-424942000.000000,-424942000.000000,0.000000,-1112000.000000,-5.463000,540331000.000000,-465288000.000000,4076000.000000,0.000000,-2.048000,-5.906000,-5.838000,24098000.000000,0.000000,16.580000,32.267000,32.539000,10761000.000000,-2057455000.000000,77780000.000000,77780000.000000,384674000.000000,-0.599000,0.366000,-0.188000,-4.432000,89344000.000000,130584000.000000,1.000000,151373044.000000,152645635.000000,152645635.000000,0.510000,597567000.000000,0.000000,0.000000,0.000000,3.915000
MRT,2023-06-30,2023-06-30,2023-06-30,2023-Q2,322764000.000000,2760617183.000000,2025-04-29,63000.000000,503661000.000000,620279250.000000,432884000.000000,70777000.000000,0.009000,-8.484000,-2000000.000000,322368000.000000,322368000.000000,2636000.000000,-584198000.000000,3.931000,-1.361000,1733629000.000000,3776000.000000,1729853000.000000,1733629000.000000,6210000.000000,10882000.000000,0.000000,0.000000,0.000000,-492455000.000000,-481573000.000000,-84.859000,-481573000.000000,-492455000.000000,-572985000.000000,-3.750000,-3.750000,-3.750000,-1362023000.000000,-1245180500.000000,-1362023000.000000,4056616183.000000,-8.000000,-8.424000,-488081000.000000,-3.040000,1.000000,3039000.000000,0.536000,27515000.000000,80530000.000000,1777287000.000000,1792209000.000000,0.000000,81356000.000000,81356000.000000,0.000000,1853299000.000000,110120000.000000,1743179000.000000,-148002000.000000,-503000.000000,149502000.000000,1120000.000000,0.000000,156840000.000000,181239000.000000,183742000.000000,-486081000.000000,0.000000,-572985000.000000,-572985000.000000,-572985000.000000,0.000000,-11213000.000000,-100.967000,534250000.000000,-531211000.000000,3874000.000000,0.000000,-2.027000,-4.818000,-4.587000,22861000.000000,0.000000,17.200000,486.452000,486.557000,8614000.000000,-2215354000.000000,5675000.000000,5675000.000000,383762000.000000,-0.924000,0.460000,-0.275000,-86.776000,88235000.000000,130280000.000000,1.000000,160500999.000000,160535435.000000,160535435.000000,0.035000,476146000.000000,0.000000,0.000000,0.000000,2.966000
MRT,2023-09-30,2023-09-30,2023-09-30,2023-Q3,481605000.000000,4284397162.000000,2025-04-29,34000.000000,655008000.000000,601846250.000000,587670000.000000,67338000.000000,0.016000,-7.394000,-1672000.000000,521865000.000000,521865000.000000,2495000.000000,-623493000.000000,5.541000,-1.531000,1735030000.000000,4137000.000000,1730893000.000000,1735030000.000000,6592000.000000,10748000.000000,0.000000,0.000000,0.000000,-531634000.000000,-520886000.000000,-55.249000,-520886000.000000,-531634000.000000,-612645000.000000,-3.900000,-3.900000,-3.900000,-1207543000.000000,-1262462000.000000,-1207543000.000000,5695658162.000000,-11.000000,-10.935000,-497816000.000000,-3.048000,1.000000,6933000.000000,0.735000,26917000.000000,81011000.000000,1735191000.000000,1772822250.000000,0.000000,38052000.000000,38052000.000000,0.000000,1848743000.000000,106065000.000000,1742678000.000000,38355000.000000,-503000.000000,453699000.000000,1120000.000000,0.000000,462435000.000000,72064000.000000,74239000.000000,-496144000.000000,0.000000,-612645000.000000,-612645000.000000,-612645000.000000,0.000000,-10848000.000000,-64.981000,566720000.000000,-559787000.000000,4472000.000000,0.000000,-3.548000,-6.993000,-6.762000,21745000.000000,0.000000,26.370000,454.433000,456.772000,5170000.000000,-2392353000.000000,9428000.000000,9428000.000000,416387000.000000,-1.018000,0.485000,-0.300000,-56.389000,93474000.000000,134869000.000000,1.000000,162472399.000000,163308632.000000,163308632.000000,0.058000,628091000.000000,0.000000,0.000000,0.000000,3.846000
MRT,2023-12-31,2023-12-31,2023-12-31,2023-Q4,333749000.000000,7023049889.000000,2025-04-29,31000.000000,546380000.000000,582682250.000000,477593000.000000,68787000.000000,0.016000,-8.319000,-1306000.000000,392588000.000000,392588000.000000,2446000.000000,-653251000.000000,3.320000,-1.395000,1739838000.000000,4128000.000000,1735710000.000000,1739838000.000000,9823000.000000,10526000.000000,0.000000,0.000000,0.000000,-561913000.000000,-551387000.000000,-59.270000,-551387000.000000,-561913000.000000,-643202000.000000,-3.950000,-3.950000,-3.950000,-1354257000.000000,-1287372000.000000,-1354257000.000000,8236214889.000000,-15.000000,-14.937000,-529026000.000000,-3.250000,1.000000,6857000.000000,0.737000,26319000.000000,81289000.000000,1723467000.000000,1758228750.000000,0.000000,58949000.000000,58949000.000000,0.000000,1888915000.000000,143844000.000000,1745071000.000000,-22152000.000000,-503000.000000,446328000.000000,0.000000,0.000000,451535000.000000,54033000.000000,55842000.000000,-527720000.000000,0.000000,-643202000.000000,-643202000.000000,-643202000.000000,0.000000,-10049000.000000,-69.139000,614227000.000000,-607370000.000000,10655000.000000,0.000000,-5.186000,-10.919000,-10.220000,19843000.000000,0.000000,40.370000,754.923000,706.427000,1751000.000000,-2560501000.000000,9303000.000000,9303000.000000,455711000.000000,-1.104000,0.500000,-0.320000,-60.401000,108710000.000000,150590000.000000,1.000000,173967052.000000,162791511.000000,162791511.000000,0.057000,520061000.000000,0.000000,0.000000,0.000000,3.195000
MRT,2024-03-31,2024-03-31,2024-03-31,2024-Q1,641947000.000000,5436711093.000000,2025-04-29,2000.000000,849333000.000000,638595500.000000,783424000.000000,65909000.000000,0.342000,-5.873000,-1989000.000000,475353000.000000,475353000.000000,2393000.000000,-546679000.000000,5.537000,-1.797000,1728773000.000000,4544000.000000,1724229000.000000,1728773000.000000,33847000.000000,10526000.000000,0.000000,0.000000,0.000000,-453623000.000000,-443097000.000000,-2.027000,-443097000.000000,-453623000.000000,-538262000.000000,-3.220000,-3.220000,-3.220000,-1049528000.000000,-1243337750.000000,-1049528000.000000,6783961093.000000,-15.000000,-15.310000,-604924000.000000,-3.385000,1.000000,216204000.000000,0.989000,25721000.000000,84639000.000000,1935555000.000000,1792875000.000000,0.000000,44469000.000000,44469000.000000,0.000000,1886191000.000000,141477000.000000,1744714000.000000,42387000.000000,0.000000,616697000.000000,-35671000.000000,0.000000,580834000.000000,64488000.000000,67274000.000000,-602935000.000000,0.000000,-538262000.000000,-538262000.000000,-538262000.000000,0.000000,-8417000.000000,-2.462000,697068000.000000,-480864000.000000,4728000.000000,0.000000,-5.180000,-10.100000,-9.602000,19466000.000000,0.000000,30.920000,24.871000,25.277000,235494000.000000,-2595717000.000000,218597000.000000,218597000.000000,503822000.000000,-0.843000,0.433000,-0.253000,-2.075000,103860000.000000,185289000.000000,1.000000,175831536.000000,178705310.000000,178705310.000000,1.223000,823612000.000000,0.000000,0.000000,0.000000,4.609000
MRT,2024-06-30,2024-06-30,2024-06-30,2024-Q2,481872000.000000,4739984156.000000,2025-04-29,-4000.000000,794375000.000000,711274000.000000,616236000.000000,178139000.000000,0.308000,-5.826000,-1615000.000000,547367000.000000,547367000.000000,2392000.000000,-461520000.000000,4.586000,-1.717000,1729281000.000000,4623000.000000,1724658000.000000,1729281000.000000,32059000.000000,10495000.000000,0.000000,0.000000,0.000000,-366837000.000000,-356342000.000000,-1.626000,-356342000.000000,-366837000.000000,-453819000.000000,-2.630000,-2.630000,-2.630000,-1092925000.000000,-1176063250.000000,-1092925000.000000,5993404156.000000,-16.000000,-16.819000,-416494000.000000,-2.220000,1.000000,216732000.000000,0.989000,25123000.000000,86982000.000000,1816802000.000000,1802753750.000000,0.000000,156819000.000000,39813000.000000,117006000.000000,1876468000.000000,134364000.000000,1742104000.000000,224865000.000000,-98000.000000,614629000.000000,-39403000.000000,0.000000,576336000.000000,63408000.000000,68311000.000000,-414879000.000000,0.000000,-453819000.000000,-453819000.000000,-453819000.000000,0.000000,-7701000.000000,-2.071000,727036000.000000,-510304000.000000,18126000.000000,0.000000,-4.337000,-10.445000,-9.631000,17107000.000000,0.000000,25.330000,21.632000,21.684000,660000.000000,-2669173000.000000,219124000.000000,219124000.000000,511029000.000000,-0.638000,0.386000,-0.203000,-1.674000,98136000.000000,208690000.000000,1.000000,187129260.000000,187586680.000000,187586680.000000,1.168000,769252000.000000,0.000000,0.000000,0.000000,4.101000
MRT,2024-09-30,2024-09-30,2024-09-30,2024-Q3,305362000.000000,4787313509.000000,2025-04-29,5000.000000,664977000.000000,713766250.000000,444578000.000000,220399000.000000,0.305000,-6.524000,-1321000.000000,405733000.000000,405733000.000000,2392000.000000,-446286000.000000,3.193000,-1.531000,1729749000.000000,4600000.000000,1725149000.000000,1729749000.000000,30398000.000000,10420000.000000,0.000000,0.000000,0.000000,-349123000.000000,-338703000.000000,-1.555000,-338703000.000000,-349123000.000000,-438860000.000000,-2.410000,-2.410000,-2.410000,-1229922000.000000,-1181658000.000000,-1229922000.000000,5969227509.000000,-17.000000,-17.624000,-451540000.000000,-2.395000,1.000000,215373000.000000,0.989000,24525000.000000,89737000.000000,1825252000.000000,1825269000.000000,0.000000,160443000.000000,0.000000,160443000.000000,1883369000.000000,139216000.000000,1744153000.000000,-116264000.000000,-140000.000000,310113000.000000,-39403000.000000,0.000000,270003000.000000,63952000.000000,70198000.000000,-450219000.000000,0.000000,-438860000.000000,-438860000.000000,-438860000.000000,0.000000,-7426000.000000,-2.015000,759735000.000000,-544362000.000000,13363000.000000,0.000000,-3.892000,-10.909000,-10.564000,15140000.000000,0.000000,25.460000,21.984000,22.040000,478000.000000,-2831213000.000000,217765000.000000,217765000.000000,506337000.000000,-0.615000,0.371000,-0.191000,-1.603000,102698000.000000,241732000.000000,1.000000,188032738.000000,188510372.000000,188510372.000000,1.155000,640452000.000000,0.000000,0.000000,0.000000,3.397000
MRT,2024-12-31,2024-12-31,2024-12-31,2024-Q4,566292000.000000,5185880167.000000,2025-04-29,8000.000000,919338000.000000,807005750.000000,720692000.000000,198646000.000000,0.275000,-7.889000,-933000.000000,681101000.000000,681101000.000000,3878000.000000,-543347000.000000,4.668000,-1.619000,2209675000.000000,4506000.000000,2205169000.000000,2209675000.000000,31699000.000000,10185000.000000,0.000000,0.000000,0.000000,-435319000.000000,-425134000.000000,-1.916000,-425134000.000000,-435319000.000000,-534609000.000000,-2.880000,-2.880000,-2.880000,-1467904000.000000,-1210069750.000000,-1467904000.000000,6509896167.000000,-15.000000,-15.313000,-521659000.000000,-2.803000,1.000000,218024000.000000,0.983000,23926000.000000,99290000.000000,2269586000.000000,1961798750.000000,0.000000,143747000.000000,0.000000,143747000.000000,2376950000.000000,154400000.000000,2222550000.000000,288512000.000000,-140000.000000,311717000.000000,433084000.000000,0.000000,748457000.000000,60781000.000000,69829000.000000,-520726000.000000,0.000000,-535762000.000000,-535762000.000000,-535762000.000000,0.000000,-7585000.000000,-2.414000,810997000.000000,-592973000.000000,9618000.000000,0.000000,-3.533000,-9.679000,-9.528000,12778000.000000,0.000000,27.440000,23.370000,23.010000,4722000.000000,-3096263000.000000,221902000.000000,221902000.000000,506461000.000000,-0.664000,0.443000,-0.222000,-1.962000,95800000.000000,288931000.000000,1.000000,188989802.000000,186075873.000000,186075873.000000,1.193000,895412000.000000,0.000000,1153000.000000,0.000000,4.812000
MRT,2025-03-31,2025-03-31,2025-03-31,2025-Q1,543068000.000000,6574820801.000000,2025-04-29,0.000000,881638000.000000,815082000.000000,695173000.000000,186465000.000000,0.156000,-8.669000,-238000.000000,540599000.000000,540599000.000000,5919000.000000,-676795000.000000,4.570000,-1.529000,2355547000.000000,5209000.000000,2350338000.000000,2355547000.000000,29128000.000000,9798000.000000,0.000000,0.000000,0.000000,-548855000.000000,-539057000.000000,-4.231000,-539057000.000000,-548855000.000000,-666815000.000000,-3.550000,-3.550000,-3.550000,-1648395000.000000,-1359786500.000000,-1648395000.000000,8103268801.000000,-15.000000,-15.032000,-500662000.000000,-2.633000,1.000000,121496000.000000,0.954000,27802000.000000,117960000.000000,2516679000.000000,2107079750.000000,3954000.000000,128191000.000000,0.000000,128191000.000000,2520303000.000000,152105000.000000,2368198000.000000,65246000.000000,-140000.000000,-49780000.000000,572721000.000000,0.000000,529237000.000000,36433000.000000,45584000.000000,-500424000.000000,0.000000,-667968000.000000,-667968000.000000,-667968000.000000,0.000000,-8827000.000000,-5.242000,819184000.000000,-697688000.000000,27525000.000000,0.000000,-3.989000,-9.843000,-9.738000,13864000.000000,0.000000,34.570000,51.602000,51.590000,115265000.000000,-3263685000.000000,127415000.000000,127415000.000000,476920000.000000,-0.820000,0.491000,-0.260000,-4.308000,104625000.000000,329489000.000000,1.000000,190188626.000000,190145253.000000,190145253.000000,0.670000,853836000.000000,0.000000,1153000.000000,0.000000,4.490000
MRY,2017-12-31,2017-12-31,2017-12-31,2017-FY,88581000.000000,,2025-04-29,0.000000,98044000.000000,,97131000.000000,913000.000000,,-2.007000,-464000.000000,91995000.000000,91995000.000000,0.000000,-43832000.000000,11.360000,-0.144000,0.000000,0.000000,0.000000,0.000000,0.000000,0.000000,0.000000,,0.000000,-30552000.000000,-30552000.000000,,-30552000.000000,-30552000.000000,-30565000.000000,-1.000000,-1.000000,-1.000000,-61427000.000000,,-61427000.000000,,,,-40952000.000000,-1.338000,1.000000,0.000000,,0.000000,13000.000000,-2501000.000000,,0.000000,0.000000,0.000000,0.000000,8862000.000000,8550000.000000,312000.000000,72031000.000000,0.000000,144000.000000,4132000.000000,0.000000,112983000.000000,-464000.000000,0.000000,-40488000.000000,0.000000,-30565000.000000,-30565000.000000,-30565000.000000,0.000000,-13267000.000000,,43858000.000000,-43858000.000000,1885000.000000,0.000000,,,,440000.000000,0.000000,,,,0.000000,-61427000.000000,0.000000,0.000000,30556000.000000,,,,,1841000.000000,13302000.000000,1.000000,,30598983.000000,30598983.000000,0.000000,98044000.000000,0.000000,0.000000,0.000000,3.204000
MRY,2018-12-31,2018-12-31,2018-12-31,2018-FY,412646000.000000,,2025-04-29,0.000000,464941000.000000,281492500.000000,445223000.000000,19718000.000000,0.000000,5.098000,-2178000.000000,436086000.000000,436086000.000000,0.000000,-169451000.000000,13.667000,0.278000,54507000.000000,0.000000,54507000.000000,54507000.000000,0.000000,0.000000,0.000000,,0.000000,-128202000.000000,-128202000.000000,,-128202000.000000,-128202000.000000,-130749000.000000,-2.120000,-2.120000,-2.120000,314879000.000000,126726000.000000,314879000.000000,,,,-138821000.000000,-2.247000,1.000000,0.000000,,0.000000,2547000.000000,50785000.000000,24142000.000000,0.000000,17050000.000000,0.000000,17050000.000000,87579000.000000,32577000.000000,55002000.000000,343869000.000000,-18858000.000000,95536000.000000,56341000.000000,0.000000,501548000.000000,-21036000.000000,0.000000,-136643000.000000,0.000000,-130749000.000000,-130749000.000000,-130749000.000000,0.000000,-38702000.000000,,183660000.000000,-183660000.000000,13509000.000000,0.000000,,,,1575000.000000,0.000000,,,,0.000000,-179444000.000000,0.000000,0.000000,140073000.000000,-0.464000,-1.032000,-5.310000,,6067000.000000,43587000.000000,1.000000,114999967.000000,61767414.000000,61767414.000000,0.000000,464941000.000000,0.000000,0.000000,0.000000,7.527000
MRY,2019-12-31,2019-12-31,2019-12-31,2019-FY,508237000.000000,4331302593.000000,2025-04-29,254000.000000,631679000.000000,499780750.000000,568622000.000000,63057000.000000,0.081000,3.886000,-2638000.000000,363773000.000000,363773000.000000,2500000.000000,-288585000.000000,9.417000,0.381000,91791000.000000,0.000000,91791000.000000,91791000.000000,0.000000,859000.000000,0.000000,0.000000,0.000000,-251822000.000000,-250963000.000000,-6.187000,-250963000.000000,-251822000.000000,-260587000.000000,-2.480000,-2.480000,-2.480000,408454000.000000,76852750.000000,408454000.000000,3992346593.000000,-16.000000,-15.908000,-256225000.000000,-2.438000,1.000000,38060000.000000,0.938000,0.000000,8765000.000000,299312000.000000,169198250.000000,0.000000,213364000.000000,182220000.000000,31144000.000000,155703000.000000,60385000.000000,95318000.000000,-72048000.000000,0.000000,367158000.000000,36939000.000000,0.000000,398792000.000000,-217253000.000000,-212899000.000000,-253587000.000000,0.000000,-260587000.000000,-260587000.000000,-260587000.000000,0.000000,-27998000.000000,-6.425000,304300000.000000,-266240000.000000,8852000.000000,0.000000,10.604000,-16.621000,-14.133000,5625000.000000,0.000000,35.050000,106.788000,90.822000,2845000.000000,-440031000.000000,40560000.000000,40560000.000000,209947000.000000,-0.521000,-3.391000,-1.488000,-6.209000,21374000.000000,94353000.000000,1.000000,123574967.000000,105099089.000000,105099089.000000,0.386000,631679000.000000,0.000000,0.000000,0.000000,6.010000
MRY,2020-12-31,2020-12-31,2020-12-31,2020-FY,547176000.000000,8715825840.000000,2025-04-29,192000.000000,703588000.000000,846576750.000000,642824000.000000,60764000.000000,0.010000,0.491000,-7518000.000000,356082000.000000,356082000.000000,0.000000,-505488000.000000,6.721000,10.287000,495787000.000000,5253000.000000,490534000.000000,495787000.000000,0.000000,4544000.000000,0.000000,0.000000,0.000000,-412069000.000000,-407525000.000000,-49.403000,-407525000.000000,-412069000.000000,-448724000.000000,-3.800000,-3.800000,-3.800000,57906000.000000,217034000.000000,57906000.000000,8832605840.000000,-21.000000,-21.674000,-407232000.000000,-3.451000,1.000000,8249000.000000,1.000000,0.000000,36655000.000000,747645000.000000,741936250.000000,0.000000,251011000.000000,251011000.000000,0.000000,595702000.000000,95648000.000000,500054000.000000,-5518000.000000,0.000000,-74509000.000000,536961000.000000,0.000000,447189000.000000,-52993000.000000,-38715000.000000,-399714000.000000,0.000000,-448724000.000000,-448724000.000000,-448724000.000000,0.000000,-56764000.000000,-54.397000,482731000.000000,-474482000.000000,8945000.000000,0.000000,150.517000,-19.424000,-18.713000,36833000.000000,0.000000,71.110000,1056.592000,1017.173000,0.000000,-888755000.000000,8249000.000000,8249000.000000,337047000.000000,-0.530000,-2.068000,-0.555000,-49.954000,58459000.000000,145684000.000000,1.000000,122568216.000000,117995457.000000,117995457.000000,0.070000,703588000.000000,0.000000,0.000000,0.000000,5.963000
MRY,2021-12-31,2021-12-31,2021-12-31,2021-FY,753789000.000000,2454738438.000000,2025-04-29,-132000.000000,1012792000.000000,992277500.000000,888858000.000000,123934000.000000,0.070000,-6.030000,-13246000.000000,393949000.000000,393949000.000000,3114000.000000,-586454000.000000,6.581000,-2.158000,1726171000.000000,4938000.000000,1721233000.000000,1726171000.000000,0.000000,11454000.000000,0.000000,0.000000,0.000000,-515761000.000000,-504307000.000000,-7.234000,-504307000.000000,-515761000.000000,-562539000.000000,-3.900000,-3.900000,-3.900000,-870414000.000000,-618349750.000000,-870414000.000000,3673387438.000000,-7.000000,-7.284000,-511180000.000000,-3.541000,1.000000,66602000.000000,0.955000,44934000.000000,46778000.000000,2165011000.000000,1975177000.000000,0.000000,442891000.000000,442891000.000000,0.000000,1878371000.000000,135069000.000000,1743302000.000000,37686000.000000,13654000.000000,-200925000.000000,1063613000.000000,0.000000,736446000.000000,-200826000.000000,-166234000.000000,-497934000.000000,0.000000,-562539000.000000,-562539000.000000,-562539000.000000,0.000000,-23915000.000000,-8.069000,643234000.000000,-576632000.000000,11884000.000000,0.000000,-2.820000,-4.364000,-4.277000,45973000.000000,0.000000,16.680000,35.211000,34.538000,19749000.000000,-1436966000.000000,69716000.000000,69716000.000000,451024000.000000,-0.567000,0.910000,-0.261000,-7.398000,99505000.000000,192210000.000000,1.000000,147166573.000000,144356619.000000,144356619.000000,0.483000,967858000.000000,0.000000,0.000000,0.000000,6.705000
MRY,2022-12-31,2022-12-31,2022-12-31,2022-FY,427425000.000000,1139061481.000000,2025-04-29,-328000.000000,623036000.000000,756789500.000000,548853000.000000,74183000.000000,0.103000,-8.507000,105179000.000000,414619000.000000,414619000.000000,3434000.000000,-484652000.000000,4.520000,-1.489000,1723564000.000000,3675000.000000,1719889000.000000,1723564000.000000,8156000.000000,11943000.000000,0.000000,0.000000,0.000000,-400745000.000000,-388802000.000000,-5.007000,-388802000.000000,-400745000.000000,-481183000.000000,-3.260000,-3.260000,-3.260000,-1254617000.000000,-1114890500.000000,-1254617000.000000,2371563481.000000,-6.000000,-6.100000,-314315000.000000,-2.131000,1.000000,74214000.000000,0.956000,28712000.000000,80438000.000000,1781841000.000000,1890744500.000000,0.000000,95233000.000000,95233000.000000,0.000000,1867960000.000000,121428000.000000,1746532000.000000,20519000.000000,10000000.000000,5849000.000000,-20486000.000000,0.000000,-13134000.000000,453147000.000000,339468000.000000,-419494000.000000,0.000000,-481183000.000000,-481183000.000000,-481183000.000000,0.000000,-3469000.000000,-6.197000,586416000.000000,-512202000.000000,11558000.000000,0.000000,-0.908000,-2.367000,-2.337000,25247000.000000,0.000000,7.620000,14.670000,14.472000,17079000.000000,-1918149000.000000,77648000.000000,77648000.000000,399462000.000000,-0.636000,0.432000,-0.212000,-5.161000,91559000.000000,143189000.000000,1.000000,149483134.000000,147473076.000000,147473076.000000,0.527000,594324000.000000,0.000000,0.000000,0.000000,4.030000
MRY,2023-12-31,2023-12-31,2023-12-31,2023-FY,333749000.000000,7023049889.000000,2025-04-29,31000.000000,546380000.000000,582682250.000000,477593000.000000,68787000.000000,0.016000,-8.319000,-1306000.000000,392588000.000000,392588000.000000,2446000.000000,-653251000.000000,3.320000,-1.395000,1739838000.000000,4128000.000000,1735710000.000000,1739838000.000000,9823000.000000,10526000.000000,0.000000,0.000000,0.000000,-561913000.000000,-551387000.000000,-59.270000,-551387000.000000,-561913000.000000,-643202000.000000,-3.950000,-3.950000,-3.950000,-1354257000.000000,-1287372000.000000,-1354257000.000000,8236214889.000000,-15.000000,-14.937000,-529026000.000000,-3.250000,1.000000,6857000.000000,0.737000,26319000.000000,81289000.000000,1723467000.000000,1758228750.000000,0.000000,58949000.000000,58949000.000000,0.000000,1888915000.000000,143844000.000000,1745071000.000000,-22152000.000000,-503000.000000,446328000.000000,0.000000,0.000000,451535000.000000,54033000.000000,55842000.000000,-527720000.000000,0.000000,-643202000.000000,-643202000.000000,-643202000.000000,0.000000,-10049000.000000,-69.139000,614227000.000000,-607370000.000000,10655000.000000,0.000000,-5.186000,-10.919000,-10.220000,19843000.000000,0.000000,40.370000,754.923000,706.427000,1751000.000000,-2560501000.000000,9303000.000000,9303000.000000,455711000.000000,-1.104000,0.500000,-0.320000,-60.401000,108710000.000000,150590000.000000,1.000000,173967052.000000,162791511.000000,162791511.000000,0.057000,520061000.000000,0.000000,0.000000,0.000000,3.195000
MRY,2024-12-31,2024-12-31,2024-12-31,2024-FY,566292000.000000,5185880167.000000,2025-04-29,8000.000000,919338000.000000,807005750.000000,720692000.000000,198646000.000000,0.275000,-7.889000,-933000.000000,681101000.000000,681101000.000000,3878000.000000,-543347000.000000,4.668000,-1.619000,2209675000.000000,4506000.000000,2205169000.000000,2209675000.000000,31699000.000000,10185000.000000,0.000000,0.000000,0.000000,-435319000.000000,-425134000.000000,-1.916000,-425134000.000000,-435319000.000000,-534609000.000000,-2.880000,-2.880000,-2.880000,-1467904000.000000,-1210069750.000000,-1467904000.000000,6509896167.000000,-15.000000,-15.313000,-521659000.000000,-2.803000,1.000000,218024000.000000,0.983000,23926000.000000,99290000.000000,2269586000.000000,1961798750.000000,0.000000,143747000.000000,0.000000,143747000.000000,2376950000.000000,154400000.000000,2222550000.000000,288512000.000000,-140000.000000,311717000.000000,433084000.000000,0.000000,748457000.000000,60781000.000000,69829000.000000,-520726000.000000,0.000000,-535762000.000000,-535762000.000000,-535762000.000000,0.000000,-7585000.000000,-2.414000,810997000.000000,-592973000.000000,9618000.000000,0.000000,-3.533000,-9.679000,-9.528000,12778000.000000,0.000000,27.440000,23.370000,23.010000,4722000.000000,-3096263000.000000,221902000.000000,221902000.000000,506461000.000000,-0.664000,0.443000,-0.222000,-1.962000,95800000.000000,288931000.000000,1.000000,188989802.000000,186075873.000000,186075873.000000,1.193000,895412000.000000,0.000000,1153000.000000,0.000000,4.812000
