dimension,calendardate,datekey,reportperiod,fiscalperiod,workingcapital,marketcap,lastupdated,accoci,assets,assetsavg,assetsc,assetsnc,assetturnover,bvps,capex,cashneq,cashnequsd,cor,consolinc,currentratio,de,debt,debtc,debtnc,debtusd,deferredrev,depamor,deposits,divyield,dps,ebit,ebitda,ebitdamargin,ebitdausd,ebitusd,ebt,eps,epsdil,epsusd,equity,equityavg,equityusd,ev,evebit,evebitda,fcf,fcfps,fxusd,gp,grossmargin,intangibles,intexp,invcap,invcapavg,inventory,investments,investmentsc,investmentsnc,liabilities,liabilitiesc,liabilitiesnc,ncf,ncfbus,ncfcommon,ncfdebt,ncfdiv,ncff,ncfi,ncfinv,ncfo,ncfx,netinc,netinccmn,netinccmnusd,netincdis,netincnci,netmargin,opex,opinc,payables,payoutratio,pb,pe,pe1,ppnenet,prefdivis,price,ps,ps1,receivables,retearn,revenue,revenueusd,rnd,roa,roe,roic,ros,sbcomp,sgna,sharefactor,sharesbas,shareswa,shareswadil,sps,tangibles,taxassets,taxexp,taxliabilities,tbvps
ARQ,2017-12-31,2018-03-13,2018-01-31,2018-Q2,1758000.000000,,2025-03-10,0.000000,188172000.000000,,138130000.000000,50042000.000000,,-5.367000,,71569000.000000,71569000.000000,,,1.013000,-0.893000,0.000000,0.000000,0.000000,0.000000,119257000.000000,,0.000000,,0.000000,,,,,,,,,,-167058000.000000,,-167058000.000000,,,,,,1.000000,,,0.000000,,-19769000.000000,,0.000000,0.000000,0.000000,0.000000,149144000.000000,136372000.000000,12772000.000000,,,,,,,,,,,,,,,,,,,2343000.000000,,,,,16858000.000000,,,,,47536000.000000,-180367000.000000,,,,,,,,,,1.000000,117331507.000000,31125000.000000,,,188172000.000000,0.000000,,0.000000,6.046000
ARQ,2018-03-31,2018-06-07,2018-04-30,2018-Q3,203256000.000000,4519938024.000000,2025-03-10,0.000000,405538000.000000,,350447000.000000,55091000.000000,,3.294000,-4437000.000000,287443000.000000,287443000.000000,9424000.000000,-8771000.000000,2.381000,0.668000,0.000000,0.000000,0.000000,0.000000,124806000.000000,1932000.000000,0.000000,0.000000,0.000000,-8414000.000000,-6482000.000000,-0.132000,-6482000.000000,-8414000.000000,-8414000.000000,-0.140000,-0.140000,-0.140000,243192000.000000,,243192000.000000,4232495024.000000,,,3680000.000000,0.050000,1.000000,39739000.000000,0.808000,0.000000,0.000000,-29096000.000000,,0.000000,0.000000,0.000000,0.000000,162346000.000000,147191000.000000,15155000.000000,215874000.000000,0.000000,207518000.000000,0.000000,0.000000,212194000.000000,-4437000.000000,0.000000,8117000.000000,0.000000,-8771000.000000,-9994000.000000,-9994000.000000,0.000000,0.000000,-0.203000,48763000.000000,-9024000.000000,4944000.000000,0.000000,18.586000,,,20441000.000000,1223000.000000,37.790000,,,40215000.000000,-189138000.000000,49163000.000000,49163000.000000,9907000.000000,,,,,3309000.000000,38856000.000000,1.000000,119606722.000000,73818000.000000,73818000.000000,0.666000,405538000.000000,0.000000,357000.000000,0.000000,5.494000
ARQ,2018-06-30,2018-09-13,2018-07-31,2018-Q4,204332000.000000,5083171722.000000,2025-03-10,-124000.000000,447781000.000000,,387164000.000000,60617000.000000,,3.761000,-2738000.000000,135579000.000000,135579000.000000,11501000.000000,-6962000.000000,2.118000,0.864000,0.000000,0.000000,0.000000,0.000000,164023000.000000,2146000.000000,0.000000,0.000000,0.000000,-6628000.000000,-4482000.000000,-0.080000,-4482000.000000,-6628000.000000,-6628000.000000,0.100000,0.100000,0.100000,240236000.000000,,240236000.000000,4947592722.000000,-153.000000,-203.429000,11920000.000000,0.187000,1.000000,44673000.000000,0.795000,0.000000,0.000000,129370000.000000,,0.000000,162960000.000000,162960000.000000,0.000000,207545000.000000,182832000.000000,24713000.000000,-151864000.000000,0.000000,-81000.000000,0.000000,0.000000,-851000.000000,-165671000.000000,-163366000.000000,14658000.000000,0.000000,-6962000.000000,-6962000.000000,-6962000.000000,0.000000,0.000000,-0.124000,52597000.000000,-7924000.000000,4895000.000000,0.000000,21.159000,-127.149000,-67.365000,19765000.000000,0.000000,42.440000,26.729000,14.256000,61611000.000000,-196100000.000000,56174000.000000,56174000.000000,11480000.000000,,,,,4118000.000000,41117000.000000,1.000000,119773132.000000,63881000.000000,63881000.000000,0.879000,447781000.000000,0.000000,334000.000000,0.000000,7.010000
ARQ,2018-09-30,2018-12-06,2018-10-31,2019-Q1,207699000.000000,5254309986.000000,2025-03-10,-317000.000000,458094000.000000,,391604000.000000,66490000.000000,,2.091000,-5770000.000000,42786000.000000,42786000.000000,12099000.000000,-7588000.000000,2.129000,0.817000,0.000000,0.000000,0.000000,0.000000,165279000.000000,2265000.000000,0.000000,0.000000,0.000000,-7261000.000000,-4996000.000000,-0.079000,-4996000.000000,-7261000.000000,-7261000.000000,-0.060000,-0.060000,-0.060000,252178000.000000,,252178000.000000,5211523986.000000,,,5244000.000000,0.043000,1.000000,51199000.000000,0.809000,0.000000,0.000000,231403000.000000,,0.000000,271254000.000000,271254000.000000,0.000000,205916000.000000,183905000.000000,22011000.000000,-92883000.000000,0.000000,9774000.000000,0.000000,0.000000,11449000.000000,-115346000.000000,-108096000.000000,11014000.000000,0.000000,-7588000.000000,-7588000.000000,-7588000.000000,0.000000,0.000000,-0.120000,59862000.000000,-8663000.000000,4573000.000000,0.000000,20.836000,,,24132000.000000,0.000000,42.980000,,,49228000.000000,-203388000.000000,63298000.000000,63298000.000000,13186000.000000,,,,,7586000.000000,46676000.000000,1.000000,122250116.000000,120587000.000000,120587000.000000,0.525000,458094000.000000,0.000000,327000.000000,0.000000,3.799000
ARQ,2018-12-31,2019-03-06,2019-01-31,2019-Q2,235779000.000000,7234051342.000000,2025-03-10,-59000.000000,518113000.000000,,446011000.000000,72102000.000000,,2.257000,-3740000.000000,67467000.000000,67467000.000000,15271000.000000,-3555000.000000,2.122000,0.870000,0.000000,0.000000,0.000000,0.000000,206020000.000000,2636000.000000,0.000000,0.000000,0.000000,-3008000.000000,-372000.000000,-0.005000,-372000.000000,-3008000.000000,-3008000.000000,-0.030000,-0.030000,-0.030000,277073000.000000,,277073000.000000,7166584342.000000,-283.000000,-438.806000,11967000.000000,0.097000,1.000000,59031000.000000,0.794000,0.000000,0.000000,240414000.000000,,0.000000,272476000.000000,272476000.000000,0.000000,241040000.000000,210232000.000000,30808000.000000,24591000.000000,0.000000,14388000.000000,0.000000,0.000000,12821000.000000,-3937000.000000,-197000.000000,15707000.000000,0.000000,-3555000.000000,-3555000.000000,-3555000.000000,0.000000,0.000000,-0.048000,64213000.000000,-5182000.000000,3459000.000000,0.000000,26.109000,-257.449000,-448.231000,25762000.000000,0.000000,58.270000,29.777000,29.440000,75470000.000000,-206943000.000000,74302000.000000,74302000.000000,15071000.000000,,,,,13227000.000000,49142000.000000,1.000000,124147097.000000,122741000.000000,122741000.000000,0.605000,518113000.000000,0.000000,547000.000000,0.000000,4.221000
ARQ,2019-03-31,2019-06-05,2019-04-30,2019-Q3,234481000.000000,9104206684.000000,2025-03-10,101000.000000,537536000.000000,,456043000.000000,81493000.000000,,2.299000,-8901000.000000,54974000.000000,54974000.000000,14960000.000000,-12236000.000000,2.058000,0.876000,0.000000,0.000000,0.000000,0.000000,211542000.000000,2835000.000000,0.000000,0.000000,0.000000,-11600000.000000,-8765000.000000,-0.111000,-8765000.000000,-11600000.000000,-11600000.000000,-0.100000,-0.100000,-0.100000,286579000.000000,,286579000.000000,9049232684.000000,-318.000000,-486.126000,4582000.000000,0.037000,1.000000,64168000.000000,0.811000,0.000000,0.000000,261000000.000000,,0.000000,297762000.000000,297762000.000000,0.000000,250957000.000000,221562000.000000,29395000.000000,-12881000.000000,-823000.000000,8030000.000000,0.000000,0.000000,8030000.000000,-34394000.000000,-24670000.000000,13483000.000000,0.000000,-12236000.000000,-12236000.000000,-12236000.000000,0.000000,0.000000,-0.155000,77705000.000000,-13537000.000000,3585000.000000,0.000000,31.769000,-300.063000,-805.000000,31976000.000000,0.000000,72.450000,33.361000,33.098000,71151000.000000,-219179000.000000,79128000.000000,79128000.000000,16499000.000000,,,,,13275000.000000,61206000.000000,1.000000,125661928.000000,124672000.000000,124672000.000000,0.635000,537536000.000000,0.000000,636000.000000,0.000000,4.312000
ARQ,2019-06-30,2019-09-18,2019-07-31,2019-Q4,234137000.000000,6621283406.000000,2025-03-10,268000.000000,604162000.000000,,496086000.000000,108076000.000000,,2.442000,-10271000.000000,78484000.000000,78484000.000000,17339000.000000,-5276000.000000,1.894000,0.958000,0.000000,0.000000,0.000000,0.000000,251202000.000000,3570000.000000,0.000000,0.000000,0.000000,-6043000.000000,-2473000.000000,-0.029000,-2473000.000000,-6043000.000000,-6043000.000000,-0.040000,-0.040000,-0.040000,308558000.000000,,308558000.000000,6542799406.000000,-234.000000,-394.002000,7552000.000000,0.060000,1.000000,68769000.000000,0.799000,16187000.000000,0.000000,247542000.000000,,0.000000,286162000.000000,286162000.000000,0.000000,295604000.000000,261949000.000000,33655000.000000,23510000.000000,-10609000.000000,14084000.000000,0.000000,0.000000,14084000.000000,-8397000.000000,12483000.000000,17823000.000000,0.000000,-5276000.000000,-5276000.000000,-5276000.000000,0.000000,0.000000,-0.061000,76700000.000000,-7931000.000000,6208000.000000,0.000000,21.459000,-231.069000,-225.870000,41046000.000000,0.000000,51.950000,21.864000,21.197000,93341000.000000,-224455000.000000,86108000.000000,86108000.000000,17213000.000000,,,,,12335000.000000,59487000.000000,1.000000,127454926.000000,126332000.000000,126332000.000000,0.682000,587975000.000000,0.000000,-767000.000000,0.000000,4.654000
ARQ,2019-09-30,2019-12-06,2019-10-31,2020-Q1,222569000.000000,5975613055.000000,2025-03-10,436000.000000,636228000.000000,,488886000.000000,147342000.000000,,2.462000,-12012000.000000,69346000.000000,69346000.000000,19558000.000000,-17076000.000000,1.836000,1.026000,34238000.000000,9413000.000000,24825000.000000,34238000.000000,245869000.000000,6957000.000000,0.000000,0.000000,0.000000,-16282000.000000,-9325000.000000,-0.100000,-9325000.000000,-16282000.000000,-16282000.000000,-0.130000,-0.130000,-0.130000,314052000.000000,,314052000.000000,5940505055.000000,-161.000000,-283.759000,9417000.000000,0.074000,1.000000,74032000.000000,0.791000,15408000.000000,0.000000,319395000.000000,,0.000000,308285000.000000,308285000.000000,0.000000,322176000.000000,266317000.000000,55859000.000000,-9138000.000000,0.000000,3059000.000000,0.000000,0.000000,3059000.000000,-33626000.000000,-21614000.000000,21429000.000000,0.000000,-17076000.000000,-17076000.000000,-17076000.000000,0.000000,0.000000,-0.182000,92307000.000000,-18275000.000000,3784000.000000,0.000000,19.027000,-156.663000,-155.667000,80946000.000000,0.000000,46.700000,17.938000,17.880000,70482000.000000,-241531000.000000,93590000.000000,93590000.000000,20271000.000000,,,,,18376000.000000,72036000.000000,1.000000,127957453.000000,127548000.000000,127548000.000000,0.734000,620820000.000000,0.000000,794000.000000,0.000000,4.867000
ARQ,2019-12-31,2020-03-04,2020-01-31,2020-Q2,219479000.000000,6906080696.000000,2025-03-10,491000.000000,676425000.000000,,523142000.000000,153283000.000000,,2.486000,-7360000.000000,76534000.000000,76534000.000000,20238000.000000,-29154000.000000,1.723000,1.119000,34442000.000000,11142000.000000,23300000.000000,34442000.000000,280022000.000000,8187000.000000,0.000000,0.000000,0.000000,-28438000.000000,-20251000.000000,-0.200000,-20251000.000000,-28438000.000000,-28438000.000000,-0.230000,-0.230000,-0.230000,319164000.000000,,319164000.000000,6863988696.000000,-110.000000,-168.177000,-1929000.000000,-0.015000,1.000000,81030000.000000,0.800000,14766000.000000,0.000000,315904000.000000,,0.000000,308380000.000000,308380000.000000,0.000000,357261000.000000,303663000.000000,53598000.000000,7188000.000000,0.000000,9033000.000000,0.000000,0.000000,9033000.000000,-7276000.000000,84000.000000,5431000.000000,0.000000,-29154000.000000,-29154000.000000,-29154000.000000,0.000000,0.000000,-0.288000,111310000.000000,-30280000.000000,2675000.000000,0.000000,21.638000,-108.344000,-106.780000,84497000.000000,0.000000,53.390000,19.179000,19.039000,94784000.000000,-270685000.000000,101268000.000000,101268000.000000,20706000.000000,,,,,23866000.000000,90604000.000000,1.000000,129351577.000000,128408000.000000,128408000.000000,0.789000,661659000.000000,0.000000,716000.000000,0.000000,5.153000
ARQ,2020-03-31,2020-06-03,2020-04-30,2020-Q3,206478000.000000,14018964910.000000,2025-03-10,827000.000000,735964000.000000,,552116000.000000,183848000.000000,,2.582000,-11717000.000000,124592000.000000,124592000.000000,24579000.000000,-19337000.000000,1.597000,1.198000,40848000.000000,12939000.000000,27909000.000000,40848000.000000,300791000.000000,8845000.000000,0.000000,0.000000,0.000000,-18916000.000000,-10071000.000000,-0.091000,-10071000.000000,-18916000.000000,-18916000.000000,-0.150000,-0.150000,-0.150000,334794000.000000,,334794000.000000,13935220910.000000,-200.000000,-330.846000,9105000.000000,0.070000,1.000000,85945000.000000,0.778000,23496000.000000,0.000000,283086000.000000,,0.000000,266722000.000000,266722000.000000,0.000000,401170000.000000,345638000.000000,55532000.000000,48058000.000000,-8918000.000000,5796000.000000,0.000000,0.000000,5796000.000000,21440000.000000,42075000.000000,20822000.000000,0.000000,-19337000.000000,-19337000.000000,-19337000.000000,0.000000,0.000000,-0.175000,106459000.000000,-20514000.000000,9392000.000000,0.000000,41.873000,-197.888000,-195.291000,98425000.000000,0.000000,107.410000,35.809000,35.580000,105583000.000000,-290022000.000000,110524000.000000,110524000.000000,24117000.000000,,,,,27770000.000000,82342000.000000,1.000000,130518247.000000,129682000.000000,129682000.000000,0.852000,712468000.000000,0.000000,421000.000000,0.000000,5.494000
ARQ,2020-06-30,2020-09-17,2020-07-31,2020-Q4,1157892000.000000,16907014112.000000,2025-03-10,463000.000000,1833458000.000000,,1581793000.000000,251665000.000000,,3.682000,-20720000.000000,141851000.000000,141851000.000000,31358000.000000,-49549000.000000,3.732000,2.782000,905238000.000000,15600000.000000,889638000.000000,905238000.000000,369767000.000000,10684000.000000,0.000000,0.000000,0.000000,-44067000.000000,-33383000.000000,-0.265000,-33383000.000000,-44067000.000000,-49092000.000000,-0.380000,-0.380000,-0.380000,484829000.000000,,484829000.000000,17670401112.000000,-164.000000,-241.961000,10915000.000000,0.083000,1.000000,94529000.000000,0.751000,54083000.000000,5025000.000000,2118861000.000000,,0.000000,1228722000.000000,1228722000.000000,0.000000,1348629000.000000,423901000.000000,924728000.000000,17259000.000000,-30683000.000000,19047000.000000,985277000.000000,0.000000,1004324000.000000,-1018700000.000000,-967297000.000000,31635000.000000,0.000000,-49549000.000000,-49549000.000000,-49549000.000000,0.000000,0.000000,-0.394000,139416000.000000,-44887000.000000,5233000.000000,0.000000,34.872000,-146.869000,-142.933000,111853000.000000,0.000000,127.210000,39.203000,38.146000,147584000.000000,-339571000.000000,125887000.000000,125887000.000000,32785000.000000,,,,,51383000.000000,106631000.000000,1.000000,132906329.000000,131678000.000000,131678000.000000,0.956000,1779375000.000000,0.000000,457000.000000,0.000000,13.513000
ARQ,2020-09-30,2020-12-08,2020-10-31,2021-Q1,1163063000.000000,24771817356.000000,2025-03-10,-267000.000000,1852947000.000000,,1579525000.000000,273422000.000000,,3.688000,-11305000.000000,102016000.000000,102016000.000000,31727000.000000,-55006000.000000,3.793000,2.765000,927421000.000000,17796000.000000,909625000.000000,927421000.000000,371900000.000000,12182000.000000,0.000000,0.000000,0.000000,-41459000.000000,-29277000.000000,-0.205000,-29277000.000000,-41459000.000000,-54508000.000000,-0.410000,-0.410000,-0.410000,492105000.000000,,492105000.000000,25597222356.000000,-193.000000,-275.292000,42227000.000000,0.316000,1.000000,110851000.000000,0.777000,52506000.000000,13049000.000000,2209384000.000000,,0.000000,1313938000.000000,1313938000.000000,0.000000,1360842000.000000,416462000.000000,944380000.000000,-39835000.000000,0.000000,4519000.000000,0.000000,0.000000,4519000.000000,-97886000.000000,-86581000.000000,53532000.000000,0.000000,-55006000.000000,-55006000.000000,-55006000.000000,0.000000,0.000000,-0.386000,153518000.000000,-42667000.000000,7663000.000000,0.000000,50.338000,-161.859000,-157.778000,129562000.000000,0.000000,184.600000,51.580000,51.296000,105942000.000000,-394577000.000000,142578000.000000,142578000.000000,35770000.000000,,,,,57185000.000000,117748000.000000,1.000000,134191860.000000,133452000.000000,133452000.000000,1.068000,1800441000.000000,0.000000,498000.000000,0.000000,13.491000
ARQ,2020-12-31,2021-03-04,2021-01-31,2021-Q2,1177074000.000000,24591588150.000000,2025-03-10,472000.000000,1969417000.000000,,1678649000.000000,290768000.000000,,3.723000,-12370000.000000,95347000.000000,95347000.000000,34135000.000000,-67541000.000000,3.347000,2.918000,941167000.000000,20152000.000000,921015000.000000,941167000.000000,446817000.000000,13798000.000000,0.000000,0.000000,0.000000,-52625000.000000,-38827000.000000,-0.247000,-38827000.000000,-52625000.000000,-65870000.000000,-0.500000,-0.500000,-0.500000,502704000.000000,,502704000.000000,25437408150.000000,-162.000000,-228.020000,18034000.000000,0.134000,1.000000,122909000.000000,0.783000,50930000.000000,13245000.000000,2262732000.000000,,0.000000,1349402000.000000,1349402000.000000,0.000000,1466713000.000000,501575000.000000,965138000.000000,-6669000.000000,0.000000,15289000.000000,0.000000,0.000000,13039000.000000,-50112000.000000,-37742000.000000,30404000.000000,0.000000,-67541000.000000,-67541000.000000,-67541000.000000,0.000000,0.000000,-0.430000,176807000.000000,-53898000.000000,13170000.000000,0.000000,48.919000,-128.461000,-125.625000,136469000.000000,0.000000,180.900000,45.877000,45.568000,170412000.000000,-462118000.000000,157044000.000000,157044000.000000,41751000.000000,,,,,61380000.000000,135056000.000000,1.000000,135940233.000000,135024000.000000,135024000.000000,1.163000,1918487000.000000,0.000000,1671000.000000,0.000000,14.208000
ARQ,2021-03-31,2021-06-03,2021-04-30,2021-Q3,1140622000.000000,25239858619.000000,2025-03-10,659000.000000,2062276000.000000,,1705501000.000000,356775000.000000,,3.726000,-17587000.000000,106590000.000000,106590000.000000,38977000.000000,-58459000.000000,3.019000,3.059000,956709000.000000,20974000.000000,935735000.000000,956709000.000000,495434000.000000,15306000.000000,0.000000,0.000000,0.000000,-43186000.000000,-27880000.000000,-0.158000,-27880000.000000,-43186000.000000,-56622000.000000,-0.430000,-0.430000,-0.430000,508107000.000000,,508107000.000000,26089977619.000000,-144.000000,-201.674000,55781000.000000,0.409000,1.000000,137427000.000000,0.779000,79786000.000000,13436000.000000,2267730000.000000,,0.000000,1361019000.000000,1361019000.000000,0.000000,1554169000.000000,564879000.000000,989290000.000000,11243000.000000,-29420000.000000,2665000.000000,0.000000,0.000000,2665000.000000,-64790000.000000,-17783000.000000,73368000.000000,0.000000,-58459000.000000,-58459000.000000,-58459000.000000,0.000000,0.000000,-0.331000,181277000.000000,-43850000.000000,20172000.000000,0.000000,49.674000,-109.474000,-107.122000,156539000.000000,0.000000,184.250000,41.933000,41.748000,164923000.000000,-520577000.000000,176404000.000000,176404000.000000,40952000.000000,,,,,59973000.000000,140325000.000000,1.000000,136987021.000000,136385000.000000,136385000.000000,1.293000,1982490000.000000,0.000000,1837000.000000,0.000000,14.536000
ARQ,2021-06-30,2021-09-16,2021-07-31,2021-Q4,1128098000.000000,38067765827.000000,2025-03-10,-650000.000000,2257631000.000000,,1848303000.000000,409328000.000000,,3.838000,-17035000.000000,275898000.000000,275898000.000000,45478000.000000,-81023000.000000,2.566000,3.269000,964605000.000000,19842000.000000,944763000.000000,964605000.000000,630601000.000000,16167000.000000,0.000000,0.000000,0.000000,-66544000.000000,-50377000.000000,-0.256000,-50377000.000000,-66544000.000000,-80178000.000000,-0.590000,-0.590000,-0.590000,528895000.000000,,528895000.000000,38756472827.000000,-190.000000,-264.801000,27701000.000000,0.201000,1.000000,151596000.000000,0.769000,91106000.000000,13634000.000000,2135027000.000000,,0.000000,1226654000.000000,1226654000.000000,0.000000,1728736000.000000,720205000.000000,1008531000.000000,169308000.000000,-11110000.000000,21452000.000000,0.000000,0.000000,21452000.000000,103120000.000000,131265000.000000,44736000.000000,0.000000,-81023000.000000,-81023000.000000,-81023000.000000,0.000000,0.000000,-0.411000,218993000.000000,-67397000.000000,12547000.000000,0.000000,71.976000,-145.281000,-142.171000,152915000.000000,0.000000,274.390000,56.556000,55.300000,257109000.000000,-601600000.000000,197074000.000000,197074000.000000,56180000.000000,,,,,79997000.000000,162813000.000000,1.000000,138735981.000000,137802000.000000,137802000.000000,1.430000,2166525000.000000,0.000000,845000.000000,0.000000,15.722000
ARQ,2021-09-30,2021-12-08,2021-10-31,2022-Q1,1140136000.000000,43678868329.000000,2025-03-10,-2764000.000000,2271118000.000000,,1855436000.000000,415682000.000000,,3.806000,-9904000.000000,371696000.000000,371696000.000000,52169000.000000,-90801000.000000,2.594000,3.284000,978036000.000000,20488000.000000,957548000.000000,978036000.000000,647816000.000000,17274000.000000,0.000000,0.000000,0.000000,-74487000.000000,-57213000.000000,-0.248000,-57213000.000000,-74487000.000000,-88322000.000000,-0.650000,-0.650000,-0.650000,530199000.000000,,530199000.000000,44285208329.000000,-187.000000,-254.079000,83367000.000000,0.598000,1.000000,178348000.000000,0.774000,88880000.000000,13835000.000000,2073278000.000000,,0.000000,1212946000.000000,1212946000.000000,0.000000,1740919000.000000,715300000.000000,1025619000.000000,95798000.000000,0.000000,2644000.000000,0.000000,0.000000,2594000.000000,-67000.000000,9837000.000000,93271000.000000,0.000000,-90801000.000000,-90801000.000000,-90801000.000000,0.000000,0.000000,-0.394000,252719000.000000,-74371000.000000,14961000.000000,0.000000,82.382000,-146.660000,-143.691000,157152000.000000,0.000000,311.810000,57.394000,57.072000,172028000.000000,-692401000.000000,230517000.000000,230517000.000000,65216000.000000,,,,,89903000.000000,187503000.000000,1.000000,140081679.000000,139296000.000000,139296000.000000,1.655000,2182238000.000000,0.000000,2479000.000000,0.000000,15.666000
ARQ,2021-12-31,2022-03-09,2022-01-31,2022-Q2,1153123000.000000,29959471100.000000,2025-03-10,-9299000.000000,2422021000.000000,,1989165000.000000,432856000.000000,,3.839000,-18813000.000000,409819000.000000,409819000.000000,57783000.000000,-100420000.000000,2.379000,3.490000,989637000.000000,19665000.000000,969972000.000000,989637000.000000,759931000.000000,18599000.000000,0.000000,0.000000,0.000000,-84219000.000000,-65620000.000000,-0.257000,-65620000.000000,-84219000.000000,-98259000.000000,-0.710000,-0.710000,-0.710000,539367000.000000,,539367000.000000,30539289100.000000,-114.000000,-151.869000,29449000.000000,0.210000,1.000000,197780000.000000,0.774000,89095000.000000,14040000.000000,2076702000.000000,,0.000000,1211390000.000000,1211390000.000000,0.000000,1882654000.000000,836042000.000000,1046612000.000000,38123000.000000,-380000.000000,13736000.000000,0.000000,0.000000,13734000.000000,-23873000.000000,-4680000.000000,48262000.000000,0.000000,-100420000.000000,-100420000.000000,-100420000.000000,0.000000,0.000000,-0.393000,281712000.000000,-83932000.000000,13499000.000000,0.000000,55.546000,-90.593000,-89.223000,164032000.000000,0.000000,212.350000,34.855000,34.714000,269449000.000000,-792821000.000000,255563000.000000,255563000.000000,69195000.000000,,,,,98988000.000000,212517000.000000,1.000000,141085336.000000,140515000.000000,140515000.000000,1.819000,2332926000.000000,0.000000,2161000.000000,0.000000,16.603000
ARQ,2022-03-31,2022-06-09,2022-04-30,2022-Q3,1134469000.000000,22757613532.000000,2025-03-10,-24478000.000000,2524544000.000000,,2047045000.000000,477499000.000000,,3.759000,-33496000.000000,594893000.000000,594893000.000000,64022000.000000,-101405000.000000,2.243000,3.749000,1005206000.000000,19600000.000000,985606000.000000,1005206000.000000,818743000.000000,19247000.000000,0.000000,0.000000,0.000000,-87649000.000000,-68402000.000000,-0.238000,-68402000.000000,-87649000.000000,-101895000.000000,-0.720000,-0.720000,-0.720000,531577000.000000,,531577000.000000,23167926532.000000,-74.000000,-95.889000,43745000.000000,0.309000,1.000000,222785000.000000,0.777000,86857000.000000,14246000.000000,1935424000.000000,,0.000000,1062981000.000000,1062981000.000000,0.000000,1992967000.000000,912576000.000000,1080391000.000000,185074000.000000,0.000000,1319000.000000,0.000000,0.000000,1318000.000000,106515000.000000,140011000.000000,77241000.000000,0.000000,-101405000.000000,-101405000.000000,-101405000.000000,0.000000,0.000000,-0.354000,309382000.000000,-86597000.000000,15234000.000000,0.000000,42.812000,-60.906000,-60.082000,186877000.000000,0.000000,160.420000,23.462000,23.390000,272092000.000000,-894226000.000000,286807000.000000,286807000.000000,76578000.000000,,,,,105854000.000000,232804000.000000,1.000000,141862695.000000,141422000.000000,141422000.000000,2.028000,2437687000.000000,0.000000,-490000.000000,0.000000,17.237000
ARQ,2022-06-30,2022-09-15,2022-07-31,2022-Q4,1122200000.000000,25175807363.000000,2025-03-10,-25850000.000000,2832665000.000000,,2256647000.000000,576018000.000000,,4.027000,-28367000.000000,1013210000.000000,1013210000.000000,68308000.000000,-97652000.000000,1.989000,3.941000,1045722000.000000,26100000.000000,1019622000.000000,1045722000.000000,1021123000.000000,19972000.000000,0.000000,0.000000,0.000000,-80696000.000000,-60724000.000000,-0.191000,-60724000.000000,-80696000.000000,-95154000.000000,-0.690000,-0.690000,-0.690000,573300000.000000,,573300000.000000,25208319363.000000,-77.000000,-100.049000,74771000.000000,0.525000,1.000000,249751000.000000,0.785000,110366000.000000,14458000.000000,1620364000.000000,,0.000000,718129000.000000,718129000.000000,0.000000,2259365000.000000,1134447000.000000,1124918000.000000,418317000.000000,-24907000.000000,23893000.000000,0.000000,0.000000,23691000.000000,291488000.000000,344762000.000000,103138000.000000,0.000000,-97652000.000000,-97652000.000000,-97652000.000000,0.000000,0.000000,-0.307000,332280000.000000,-82529000.000000,26154000.000000,0.000000,43.914000,-64.507000,-63.534000,232990000.000000,0.000000,175.990000,23.077000,22.729000,399745000.000000,-991878000.000000,318059000.000000,318059000.000000,78150000.000000,,,,,114817000.000000,254130000.000000,1.000000,143052488.000000,142371000.000000,142371000.000000,2.234000,2722299000.000000,0.000000,2498000.000000,0.000000,19.121000
ARQ,2022-09-30,2022-12-07,2022-10-31,2023-Q1,1122078000.000000,16474804812.000000,2025-03-10,-37824000.000000,2835732000.000000,,2233361000.000000,602371000.000000,,3.006000,-32843000.000000,1084945000.000000,1084945000.000000,76697000.000000,-68162000.000000,2.010000,5.575000,1219253000.000000,28646000.000000,1190607000.000000,1219253000.000000,1005713000.000000,21536000.000000,0.000000,0.000000,0.000000,-62085000.000000,-40549000.000000,-0.114000,-40549000.000000,-62085000.000000,-63416000.000000,-0.480000,-0.480000,-0.480000,431275000.000000,,431275000.000000,16609112812.000000,-53.000000,-70.588000,95614000.000000,0.666000,1.000000,278851000.000000,0.784000,107814000.000000,1331000.000000,1750943000.000000,,0.000000,739845000.000000,739845000.000000,0.000000,2404457000.000000,1111283000.000000,1293174000.000000,71735000.000000,0.000000,982000.000000,0.000000,0.000000,980000.000000,-57702000.000000,-24859000.000000,128457000.000000,0.000000,-68162000.000000,-68162000.000000,-68162000.000000,0.000000,0.000000,-0.192000,347938000.000000,-69087000.000000,29717000.000000,0.000000,38.200000,-44.812000,-43.938000,259624000.000000,0.000000,114.240000,13.549000,13.479000,268718000.000000,-956201000.000000,355548000.000000,355548000.000000,74946000.000000,,,,,105173000.000000,272992000.000000,1.000000,144212227.000000,143476000.000000,143476000.000000,2.478000,2727918000.000000,0.000000,4746000.000000,0.000000,19.013000
ARQ,2022-12-31,2023-03-08,2023-01-31,2023-Q2,1212105000.000000,16681554920.000000,2025-03-10,-5037000.000000,3039956000.000000,,2416109000.000000,623847000.000000,,3.658000,-26663000.000000,1257012000.000000,1257012000.000000,87604000.000000,-57453000.000000,2.007000,4.750000,1215922000.000000,29173000.000000,1186749000.000000,1215922000.000000,1111880000.000000,23796000.000000,0.000000,0.000000,0.000000,-52428000.000000,-28632000.000000,-0.074000,-28632000.000000,-52428000.000000,-53761000.000000,-0.400000,-0.400000,-0.400000,528657000.000000,,528657000.000000,16640464920.000000,-59.000000,-83.913000,62818000.000000,0.435000,1.000000,299994000.000000,0.774000,105263000.000000,1333000.000000,1689599000.000000,,0.000000,648332000.000000,648332000.000000,0.000000,2511299000.000000,1204004000.000000,1307295000.000000,172067000.000000,0.000000,12532000.000000,0.000000,0.000000,12532000.000000,70054000.000000,96717000.000000,89481000.000000,0.000000,-57453000.000000,-57453000.000000,-57453000.000000,0.000000,0.000000,-0.148000,365232000.000000,-65238000.000000,33632000.000000,0.000000,31.555000,-51.380000,-50.197000,270316000.000000,0.000000,114.950000,12.375000,12.323000,358614000.000000,-1013654000.000000,387598000.000000,387598000.000000,85765000.000000,,,,,109738000.000000,279467000.000000,1.000000,145120095.000000,144511000.000000,144511000.000000,2.682000,2934693000.000000,0.000000,3692000.000000,0.000000,20.308000
ARQ,2023-03-31,2023-06-07,2023-04-30,2023-Q3,1238108000.000000,21142548067.000000,2025-03-10,-102000.000000,3200712000.000000,,2527250000.000000,673462000.000000,,4.137000,-34583000.000000,1275297000.000000,1275297000.000000,95849000.000000,-46046000.000000,1.960000,4.323000,1214778000.000000,31054000.000000,1183724000.000000,1214778000.000000,1175373000.000000,25835000.000000,0.000000,0.000000,0.000000,-37978000.000000,-12143000.000000,-0.029000,-12143000.000000,-37978000.000000,-39361000.000000,-0.320000,-0.320000,-0.320000,601274000.000000,,601274000.000000,21082029067.000000,-90.000000,-148.415000,73886000.000000,0.508000,1.000000,322951000.000000,0.771000,118033000.000000,1383000.000000,1733018000.000000,,0.000000,693110000.000000,693110000.000000,0.000000,2599438000.000000,1289142000.000000,1310296000.000000,18285000.000000,-15643000.000000,1090000.000000,0.000000,0.000000,1090000.000000,-91274000.000000,-41048000.000000,108469000.000000,0.000000,-46046000.000000,-46046000.000000,-46046000.000000,0.000000,0.000000,-0.110000,378697000.000000,-55746000.000000,24783000.000000,0.000000,35.163000,-78.505000,-76.677000,291327000.000000,0.000000,144.920000,14.285000,14.233000,376339000.000000,-1059700000.000000,418800000.000000,418800000.000000,92637000.000000,,,,,107819000.000000,279759000.000000,1.000000,145891168.000000,145354000.000000,145354000.000000,2.881000,3082679000.000000,0.000000,6685000.000000,0.000000,21.208000
ARQ,2023-06-30,2023-09-14,2023-07-31,2023-Q4,1354446000.000000,23433683725.000000,2025-03-10,-1576000.000000,3608317000.000000,,2890314000.000000,718003000.000000,,4.952000,-34635000.000000,1262206000.000000,1262206000.000000,102682000.000000,-30674000.000000,1.882000,3.976000,1210545000.000000,34469000.000000,1176076000.000000,1210545000.000000,1439676000.000000,27861000.000000,0.000000,0.000000,0.000000,-23532000.000000,4329000.000000,0.010000,4329000.000000,-23532000.000000,-26026000.000000,-0.210000,-0.210000,-0.210000,725112000.000000,,725112000.000000,23382022725.000000,-133.000000,-303.682000,101301000.000000,0.692000,1.000000,352324000.000000,0.774000,115051000.000000,2494000.000000,1905737000.000000,,0.000000,838026000.000000,838026000.000000,0.000000,2883205000.000000,1535868000.000000,1347337000.000000,-13091000.000000,0.000000,31603000.000000,0.000000,0.000000,31388000.000000,-180415000.000000,-145780000.000000,135936000.000000,0.000000,-30674000.000000,-30674000.000000,-30674000.000000,0.000000,0.000000,-0.067000,396876000.000000,-44552000.000000,18481000.000000,0.000000,32.317000,-115.816000,-113.736000,313026000.000000,0.000000,159.230000,14.493000,14.273000,582636000.000000,-1090374000.000000,455006000.000000,455006000.000000,96387000.000000,,,,,122104000.000000,299190000.000000,1.000000,147168773.000000,146442000.000000,146442000.000000,3.107000,3493266000.000000,0.000000,4648000.000000,0.000000,23.854000
ARQ,2023-09-30,2023-12-06,2023-10-31,2024-Q1,1417172000.000000,29356672100.000000,2025-03-10,-17955000.000000,3635584000.000000,,2891590000.000000,743994000.000000,,5.470000,-36088000.000000,1361723000.000000,1361723000.000000,111394000.000000,-33483000.000000,1.961000,3.502000,1215770000.000000,38138000.000000,1177632000.000000,1215770000.000000,1399544000.000000,26901000.000000,0.000000,0.000000,0.000000,-21327000.000000,5574000.000000,0.011000,5574000.000000,-21327000.000000,-24486000.000000,-0.230000,-0.230000,-0.230000,807525000.000000,,807525000.000000,29210719100.000000,-216.000000,-946.188000,224718000.000000,1.522000,1.000000,385309000.000000,0.776000,118038000.000000,3159000.000000,1897175000.000000,,0.000000,962681000.000000,962681000.000000,0.000000,2828059000.000000,1474418000.000000,1353641000.000000,99517000.000000,-4377000.000000,1256000.000000,0.000000,0.000000,1256000.000000,-162545000.000000,-122080000.000000,260806000.000000,0.000000,-33483000.000000,-33483000.000000,-33483000.000000,0.000000,0.000000,-0.067000,431366000.000000,-46057000.000000,23234000.000000,0.000000,36.354000,-175.101000,-170.612000,342729000.000000,0.000000,197.910000,16.698000,16.618000,366843000.000000,-1123857000.000000,496703000.000000,496703000.000000,113539000.000000,,,,,129138000.000000,317827000.000000,1.000000,148333445.000000,147625000.000000,147625000.000000,3.365000,3517546000.000000,0.000000,8997000.000000,0.000000,23.828000
ARQ,2023-12-31,2024-03-06,2024-01-31,2024-Q2,1558803000.000000,30334251502.000000,2025-03-10,-3009000.000000,3934226000.000000,,3142708000.000000,791518000.000000,,6.437000,-41281000.000000,1438586000.000000,1438586000.000000,117199000.000000,-28469000.000000,1.984000,3.103000,1233690000.000000,44773000.000000,1188917000.000000,1233690000.000000,1502175000.000000,30212000.000000,0.000000,0.000000,0.000000,-16900000.000000,13312000.000000,0.025000,13312000.000000,-16900000.000000,-20505000.000000,-0.190000,-0.190000,-0.190000,958856000.000000,,958856000.000000,30129355502.000000,-302.000000,2721.221000,100788000.000000,0.677000,1.000000,407800000.000000,0.777000,114955000.000000,3605000.000000,2030470000.000000,,0.000000,1021218000.000000,1021218000.000000,0.000000,2975370000.000000,1583905000.000000,1391465000.000000,76863000.000000,0.000000,20999000.000000,0.000000,0.000000,20999000.000000,-86205000.000000,-44924000.000000,142069000.000000,0.000000,-28469000.000000,-28469000.000000,-28469000.000000,0.000000,0.000000,-0.054000,453257000.000000,-45457000.000000,17137000.000000,0.000000,31.636000,-218.748000,-213.074000,382299000.000000,0.000000,202.420000,16.003000,15.906000,479611000.000000,-1152326000.000000,524999000.000000,524999000.000000,122181000.000000,,,,,140432000.000000,331076000.000000,1.000000,149857976.000000,148951000.000000,148951000.000000,3.525000,3819271000.000000,0.000000,7964000.000000,0.000000,25.641000
ARQ,2024-03-31,2024-06-07,2024-04-30,2024-Q3,1268693000.000000,27356473256.000000,2025-03-10,-15675000.000000,4198751000.000000,,2970014000.000000,1228737000.000000,,7.274000,-50288000.000000,1259197000.000000,1259197000.000000,118331000.000000,19124000.000000,1.746000,2.841000,1235441000.000000,50857000.000000,1184584000.000000,1235441000.000000,1577014000.000000,34333000.000000,0.000000,0.000000,0.000000,23630000.000000,57963000.000000,0.105000,57963000.000000,23630000.000000,20866000.000000,0.130000,0.120000,0.130000,1093139000.000000,,1093139000.000000,27332717256.000000,-717.000000,336.701000,123126000.000000,0.819000,1.000000,434870000.000000,0.786000,485988000.000000,2764000.000000,1987686000.000000,,0.000000,980802000.000000,980802000.000000,0.000000,3105612000.000000,1701321000.000000,1404291000.000000,-179389000.000000,-357404000.000000,7439000.000000,0.000000,0.000000,7439000.000000,-360242000.000000,47450000.000000,173414000.000000,0.000000,19124000.000000,19124000.000000,19124000.000000,0.000000,0.000000,0.035000,437883000.000000,-3013000.000000,28030000.000000,0.000000,25.026000,-372.187000,-361.980000,423119000.000000,0.000000,180.990000,13.477000,13.400000,506284000.000000,-1133202000.000000,553201000.000000,553201000.000000,124958000.000000,,,,,113236000.000000,312925000.000000,1.000000,151149087.000000,150290000.000000,154081000.000000,3.681000,3712763000.000000,0.000000,1742000.000000,0.000000,24.704000
ARQ,2024-06-30,2024-09-12,2024-07-31,2024-Q4,283730000.000000,25421608734.000000,2025-03-10,-4789000.000000,4704968000.000000,,3396617000.000000,1308351000.000000,,8.409000,-67239000.000000,1423080000.000000,1423080000.000000,130205000.000000,-14878000.000000,1.091000,2.693000,1237965000.000000,1193141000.000000,44824000.000000,1237965000.000000,1894974000.000000,38931000.000000,0.000000,0.000000,0.000000,-1500000.000000,37431000.000000,0.063000,37431000.000000,-1500000.000000,-5104000.000000,-0.100000,-0.100000,-0.100000,1274102000.000000,,1274102000.000000,25236493734.000000,-1568.000000,220.830000,136318000.000000,0.900000,1.000000,462663000.000000,0.780000,480864000.000000,3604000.000000,926102000.000000,,0.000000,986574000.000000,986574000.000000,0.000000,3430866000.000000,3112887000.000000,317979000.000000,163883000.000000,-12921000.000000,34553000.000000,0.000000,0.000000,34514000.000000,-74188000.000000,5972000.000000,203557000.000000,0.000000,-14878000.000000,-14878000.000000,-14878000.000000,0.000000,0.000000,-0.025000,489613000.000000,-26950000.000000,23309000.000000,0.000000,19.953000,-440.537000,-427.462000,472879000.000000,0.000000,166.710000,11.727000,11.504000,736529000.000000,-1148080000.000000,592868000.000000,592868000.000000,139150000.000000,,,,,144870000.000000,350463000.000000,1.000000,152490005.000000,151509000.000000,151509000.000000,3.913000,4224104000.000000,0.000000,9774000.000000,0.000000,27.880000
ARQ,2024-09-30,2024-12-05,2024-10-31,2025-Q1,430170000.000000,31548515275.000000,2025-03-10,-4487000.000000,4709002000.000000,,3393780000.000000,1315222000.000000,,9.364000,-39454000.000000,1553645000.000000,1553645000.000000,141462000.000000,-12051000.000000,1.145000,2.296000,1237337000.000000,1195399000.000000,41938000.000000,1237337000.000000,1783720000.000000,41320000.000000,0.000000,0.000000,0.000000,-1271000.000000,40049000.000000,0.064000,40049000.000000,-1271000.000000,-4414000.000000,-0.080000,-0.080000,-0.080000,1428545000.000000,,1428545000.000000,31232207275.000000,7889.000000,209.957000,291881000.000000,1.913000,1.000000,486493000.000000,0.775000,476624000.000000,3143000.000000,952460000.000000,,0.000000,1154252000.000000,1154252000.000000,0.000000,3280457000.000000,2963610000.000000,316847000.000000,130565000.000000,0.000000,890000.000000,0.000000,0.000000,890000.000000,-201660000.000000,-162206000.000000,331335000.000000,0.000000,-12051000.000000,-12051000.000000,-12051000.000000,0.000000,0.000000,-0.019000,517160000.000000,-30667000.000000,25368000.000000,0.000000,22.084000,-869.728000,-856.708000,493096000.000000,0.000000,205.610000,13.723000,13.644000,424573000.000000,-1160131000.000000,627955000.000000,627955000.000000,154254000.000000,,,,,157178000.000000,362906000.000000,1.000000,153438623.000000,152557000.000000,152557000.000000,4.116000,4232378000.000000,0.000000,7637000.000000,0.000000,27.743000
ARQ,2024-12-31,2025-03-10,2025-01-31,2025-Q2,616340000.000000,30123391170.000000,2025-03-10,-22304000.000000,5005968000.000000,,3665206000.000000,1340762000.000000,,10.460000,-36005000.000000,1758506000.000000,1758506000.000000,148498000.000000,-7724000.000000,1.202000,2.114000,1238342000.000000,1197430000.000000,40912000.000000,1238342000.000000,1878505000.000000,44641000.000000,0.000000,0.000000,0.000000,-14198000.000000,30443000.000000,0.047000,30443000.000000,-14198000.000000,-16537000.000000,-0.050000,-0.050000,-0.050000,1607346000.000000,,1607346000.000000,29603227170.000000,4444.000000,178.455000,143428000.000000,0.933000,1.000000,499402000.000000,0.771000,473388000.000000,2339000.000000,963550000.000000,,0.000000,1121734000.000000,1121734000.000000,0.000000,3398622000.000000,3048866000.000000,349756000.000000,204861000.000000,-834000.000000,24910000.000000,0.000000,0.000000,24910000.000000,518000.000000,37357000.000000,179433000.000000,0.000000,-7724000.000000,-7724000.000000,-7724000.000000,0.000000,0.000000,-0.012000,539542000.000000,-40140000.000000,24600000.000000,0.000000,18.741000,-1939.815000,-1946.900000,506018000.000000,0.000000,194.690000,12.438000,12.353000,514314000.000000,-1167855000.000000,647900000.000000,647900000.000000,170860000.000000,,,,,172117000.000000,368682000.000000,1.000000,154724902.000000,153672000.000000,153672000.000000,4.216000,4532580000.000000,0.000000,-8813000.000000,0.000000,29.495000
ART,2017-12-31,2018-03-13,2018-01-31,2018-Q2,1758000.000000,,2025-03-10,0.000000,188172000.000000,,138130000.000000,50042000.000000,,-5.367000,-11756000.000000,71569000.000000,71569000.000000,31981000.000000,-38744000.000000,1.013000,-0.893000,0.000000,0.000000,0.000000,0.000000,119257000.000000,7479000.000000,0.000000,,0.000000,-37588000.000000,-30109000.000000,-0.195000,-30109000.000000,-37588000.000000,-37588000.000000,-1.600000,-1.600000,-1.600000,-167058000.000000,,-167058000.000000,,,,-20689000.000000,-0.665000,1.000000,122364000.000000,0.793000,0.000000,0.000000,-19769000.000000,,0.000000,0.000000,0.000000,0.000000,149144000.000000,136372000.000000,12772000.000000,-15687000.000000,0.000000,6636000.000000,0.000000,0.000000,5170000.000000,-11924000.000000,0.000000,-8933000.000000,0.000000,-38744000.000000,-48690000.000000,-48690000.000000,0.000000,0.000000,-0.315000,160655000.000000,-38291000.000000,2343000.000000,0.000000,,,,16858000.000000,9946000.000000,,,,47536000.000000,-180367000.000000,154345000.000000,154345000.000000,34379000.000000,,,,-0.244000,6966000.000000,126276000.000000,1.000000,117331507.000000,31125000.000000,31125000.000000,4.959000,188172000.000000,0.000000,1156000.000000,0.000000,6.046000
ART,2018-03-31,2018-06-07,2018-04-30,2018-Q3,203256000.000000,4519938024.000000,2025-03-10,0.000000,405538000.000000,,350447000.000000,55091000.000000,,3.294000,,287443000.000000,287443000.000000,,,2.381000,0.668000,0.000000,0.000000,0.000000,0.000000,124806000.000000,,0.000000,0.000000,0.000000,,,,,,,,,,243192000.000000,,243192000.000000,4232495024.000000,,,,,1.000000,,,0.000000,,-29096000.000000,,0.000000,0.000000,0.000000,0.000000,162346000.000000,147191000.000000,15155000.000000,,,,,,,,,,,,,,,,,,,4944000.000000,,18.586000,,,20441000.000000,,37.790000,,,40215000.000000,-189138000.000000,,,,,,,,,,1.000000,119606722.000000,73818000.000000,,,405538000.000000,0.000000,,0.000000,5.494000
ART,2018-06-30,2018-09-13,2018-07-31,2018-Q4,204332000.000000,5083171722.000000,2025-03-10,-124000.000000,447781000.000000,,387164000.000000,60617000.000000,,3.761000,-15170000.000000,135579000.000000,135579000.000000,37875000.000000,-33646000.000000,2.118000,0.864000,0.000000,0.000000,0.000000,0.000000,164023000.000000,7988000.000000,0.000000,0.000000,0.000000,-32309000.000000,-24321000.000000,-0.128000,-24321000.000000,-32309000.000000,-32309000.000000,-0.630000,-0.630000,-0.630000,240236000.000000,,240236000.000000,4947592722.000000,-153.000000,-203.429000,2137000.000000,0.033000,1.000000,152299000.000000,0.801000,0.000000,0.000000,129370000.000000,,0.000000,162960000.000000,162960000.000000,0.000000,207545000.000000,182832000.000000,24713000.000000,47601000.000000,0.000000,207387000.000000,0.000000,0.000000,208397000.000000,-178103000.000000,-163366000.000000,17307000.000000,0.000000,-33646000.000000,-39978000.000000,-39978000.000000,0.000000,0.000000,-0.210000,186923000.000000,-34624000.000000,4895000.000000,0.000000,21.159000,-127.149000,-67.365000,19765000.000000,6332000.000000,42.440000,26.729000,14.256000,61611000.000000,-196100000.000000,190174000.000000,190174000.000000,39379000.000000,,,,-0.170000,11224000.000000,147544000.000000,1.000000,119773132.000000,63881000.000000,63881000.000000,2.977000,447781000.000000,0.000000,1337000.000000,0.000000,7.010000
ART,2018-09-30,2018-12-06,2018-10-31,2019-Q1,207699000.000000,5254309986.000000,2025-03-10,-317000.000000,458094000.000000,374896250.000000,391604000.000000,66490000.000000,,2.091000,,42786000.000000,42786000.000000,,,2.129000,0.817000,0.000000,0.000000,0.000000,0.000000,165279000.000000,,0.000000,0.000000,0.000000,,,,,,,,,,252178000.000000,142137000.000000,252178000.000000,5211523986.000000,,,,,1.000000,,,0.000000,,231403000.000000,77977000.000000,0.000000,271254000.000000,271254000.000000,0.000000,205916000.000000,183905000.000000,22011000.000000,,,,,,,,,,,,,,,,,,,4573000.000000,,20.836000,,,24132000.000000,,42.980000,,,49228000.000000,-203388000.000000,,,,,,,,,,1.000000,122250116.000000,120587000.000000,,,458094000.000000,0.000000,,0.000000,3.799000
ART,2018-12-31,2019-03-06,2019-01-31,2019-Q2,235779000.000000,7234051342.000000,2025-03-10,-59000.000000,518113000.000000,457381500.000000,446011000.000000,72102000.000000,0.531000,2.257000,-16685000.000000,67467000.000000,67467000.000000,48295000.000000,-26876000.000000,2.122000,0.870000,0.000000,0.000000,0.000000,0.000000,206020000.000000,8979000.000000,0.000000,0.000000,0.000000,-25311000.000000,-16332000.000000,-0.067000,-16332000.000000,-25311000.000000,-25311000.000000,-0.130000,-0.130000,-0.130000,277073000.000000,253169750.000000,277073000.000000,7166584342.000000,-283.000000,-438.806000,32811000.000000,0.267000,1.000000,194642000.000000,0.801000,0.000000,0.000000,240414000.000000,143022750.000000,0.000000,272476000.000000,272476000.000000,0.000000,241040000.000000,210232000.000000,30808000.000000,-4282000.000000,0.000000,231599000.000000,0.000000,0.000000,235613000.000000,-289391000.000000,-271659000.000000,49496000.000000,0.000000,-26876000.000000,-28099000.000000,-28099000.000000,0.000000,0.000000,-0.116000,225435000.000000,-30793000.000000,3459000.000000,0.000000,26.109000,-257.449000,-448.231000,25762000.000000,1223000.000000,58.270000,29.777000,29.440000,75470000.000000,-206943000.000000,242937000.000000,242937000.000000,49644000.000000,-0.061000,-0.111000,-0.177000,-0.104000,28240000.000000,175791000.000000,1.000000,124147097.000000,122741000.000000,122741000.000000,1.979000,518113000.000000,0.000000,1565000.000000,0.000000,4.221000
ART,2019-03-31,2019-06-05,2019-04-30,2019-Q3,234481000.000000,9104206684.000000,2025-03-10,101000.000000,537536000.000000,490381000.000000,456043000.000000,81493000.000000,0.557000,2.299000,-21149000.000000,54974000.000000,54974000.000000,53831000.000000,-30341000.000000,2.058000,0.876000,0.000000,0.000000,0.000000,0.000000,211542000.000000,9882000.000000,0.000000,0.000000,0.000000,-28497000.000000,-18615000.000000,-0.068000,-18615000.000000,-28497000.000000,-28497000.000000,-0.090000,-0.090000,-0.090000,286579000.000000,264016500.000000,286579000.000000,9049232684.000000,-318.000000,-486.126000,33713000.000000,0.270000,1.000000,219071000.000000,0.803000,0.000000,0.000000,261000000.000000,215546750.000000,0.000000,297762000.000000,297762000.000000,0.000000,250957000.000000,221562000.000000,29395000.000000,-233037000.000000,-823000.000000,32111000.000000,0.000000,0.000000,31449000.000000,-319348000.000000,-296329000.000000,54862000.000000,0.000000,-30341000.000000,-30341000.000000,-30341000.000000,0.000000,0.000000,-0.111000,254377000.000000,-35306000.000000,3585000.000000,0.000000,31.769000,-300.063000,-805.000000,31976000.000000,0.000000,72.450000,33.361000,33.098000,71151000.000000,-219179000.000000,272902000.000000,272902000.000000,56236000.000000,-0.062000,-0.115000,-0.132000,-0.104000,38206000.000000,198141000.000000,1.000000,125661928.000000,124672000.000000,124672000.000000,2.189000,537536000.000000,0.000000,1844000.000000,0.000000,4.312000
ART,2019-06-30,2019-09-18,2019-07-31,2019-Q4,234137000.000000,6621283406.000000,2025-03-10,268000.000000,604162000.000000,529476250.000000,496086000.000000,108076000.000000,0.572000,2.497000,-28682000.000000,78484000.000000,78484000.000000,59669000.000000,-28655000.000000,1.894000,0.958000,0.000000,0.000000,0.000000,0.000000,251202000.000000,11306000.000000,0.000000,0.000000,0.000000,-27912000.000000,-16606000.000000,-0.055000,-16606000.000000,-27912000.000000,-27912000.000000,-0.230000,-0.230000,-0.230000,308558000.000000,281097000.000000,308558000.000000,6542799406.000000,-234.000000,-394.002000,29345000.000000,0.237000,1.000000,243167000.000000,0.803000,16187000.000000,0.000000,247542000.000000,245089750.000000,0.000000,286162000.000000,286162000.000000,0.000000,295604000.000000,261949000.000000,33655000.000000,-57663000.000000,-11432000.000000,46276000.000000,0.000000,0.000000,46384000.000000,-162074000.000000,-120480000.000000,58027000.000000,0.000000,-28655000.000000,-28655000.000000,-28655000.000000,0.000000,0.000000,-0.095000,278480000.000000,-35313000.000000,6208000.000000,0.000000,21.459000,-231.069000,-225.870000,41046000.000000,0.000000,51.950000,21.864000,21.197000,93341000.000000,-224455000.000000,302836000.000000,302836000.000000,61969000.000000,-0.054000,-0.102000,-0.114000,-0.092000,46423000.000000,216511000.000000,1.000000,127454926.000000,123566000.000000,123566000.000000,2.451000,587975000.000000,0.000000,743000.000000,0.000000,4.758000
ART,2019-09-30,2019-12-06,2019-10-31,2020-Q1,222569000.000000,5975613055.000000,2025-03-10,436000.000000,636228000.000000,574009750.000000,488886000.000000,147342000.000000,0.580000,2.462000,-34924000.000000,69346000.000000,69346000.000000,67128000.000000,-38143000.000000,1.836000,1.026000,34238000.000000,9413000.000000,24825000.000000,34238000.000000,245869000.000000,15998000.000000,0.000000,0.000000,0.000000,-36933000.000000,-20935000.000000,-0.063000,-20935000.000000,-36933000.000000,-36933000.000000,-0.300000,-0.300000,-0.300000,314052000.000000,296565500.000000,314052000.000000,5940505055.000000,-161.000000,-283.759000,33518000.000000,0.263000,1.000000,266000000.000000,0.798000,15408000.000000,0.000000,319395000.000000,267087750.000000,0.000000,308285000.000000,308285000.000000,0.000000,322176000.000000,266317000.000000,55859000.000000,26082000.000000,-11432000.000000,39561000.000000,0.000000,0.000000,37994000.000000,-80354000.000000,-33998000.000000,68442000.000000,0.000000,-38143000.000000,-38143000.000000,-38143000.000000,0.000000,0.000000,-0.114000,310925000.000000,-44925000.000000,3784000.000000,0.000000,19.027000,-156.663000,-155.667000,80946000.000000,0.000000,46.700000,17.938000,17.880000,70482000.000000,-241531000.000000,333128000.000000,333128000.000000,69054000.000000,-0.066000,-0.129000,-0.138000,-0.111000,57213000.000000,241871000.000000,1.000000,127957453.000000,127548000.000000,127548000.000000,2.612000,620820000.000000,0.000000,1210000.000000,0.000000,4.867000
ART,2019-12-31,2020-03-04,2020-01-31,2020-Q2,219479000.000000,6906080696.000000,2025-03-10,491000.000000,676425000.000000,613587750.000000,523142000.000000,153283000.000000,0.587000,2.486000,-38544000.000000,76534000.000000,76534000.000000,72095000.000000,-63742000.000000,1.723000,1.119000,34442000.000000,11142000.000000,23300000.000000,34442000.000000,280022000.000000,21549000.000000,0.000000,0.000000,0.000000,-62363000.000000,-40814000.000000,-0.113000,-40814000.000000,-62363000.000000,-62363000.000000,-0.500000,-0.500000,-0.500000,319164000.000000,307088250.000000,319164000.000000,6863988696.000000,-110.000000,-168.177000,19622000.000000,0.153000,1.000000,287999000.000000,0.800000,14766000.000000,0.000000,315904000.000000,285960250.000000,0.000000,308380000.000000,308380000.000000,0.000000,357261000.000000,303663000.000000,53598000.000000,8679000.000000,-11432000.000000,34206000.000000,0.000000,0.000000,34206000.000000,-83693000.000000,-33717000.000000,58166000.000000,0.000000,-63742000.000000,-63742000.000000,-63742000.000000,0.000000,0.000000,-0.177000,358022000.000000,-70023000.000000,2675000.000000,0.000000,21.638000,-108.344000,-106.780000,84497000.000000,0.000000,53.390000,19.179000,19.039000,94784000.000000,-270685000.000000,360094000.000000,360094000.000000,74689000.000000,-0.104000,-0.208000,-0.218000,-0.173000,67852000.000000,283333000.000000,1.000000,129351577.000000,128408000.000000,128408000.000000,2.804000,661659000.000000,0.000000,1379000.000000,0.000000,5.153000
ART,2020-03-31,2020-06-03,2020-04-30,2020-Q3,206478000.000000,14018964910.000000,2025-03-10,827000.000000,735964000.000000,663194750.000000,552116000.000000,183848000.000000,0.590000,2.582000,-41360000.000000,124592000.000000,124592000.000000,81714000.000000,-70843000.000000,1.597000,1.198000,40848000.000000,12939000.000000,27909000.000000,40848000.000000,300791000.000000,27559000.000000,0.000000,0.000000,0.000000,-69679000.000000,-42120000.000000,-0.108000,-42120000.000000,-69679000.000000,-69679000.000000,-0.550000,-0.550000,-0.550000,334794000.000000,319142000.000000,334794000.000000,13935220910.000000,-200.000000,-330.846000,24145000.000000,0.186000,1.000000,309776000.000000,0.791000,23496000.000000,0.000000,283086000.000000,291481750.000000,0.000000,266722000.000000,266722000.000000,0.000000,401170000.000000,345638000.000000,55532000.000000,69618000.000000,-19527000.000000,31972000.000000,0.000000,0.000000,31972000.000000,-27859000.000000,33028000.000000,65505000.000000,0.000000,-70843000.000000,-70843000.000000,-70843000.000000,0.000000,0.000000,-0.181000,386776000.000000,-77000000.000000,9392000.000000,0.000000,41.873000,-197.888000,-195.291000,98425000.000000,0.000000,107.410000,35.809000,35.580000,105583000.000000,-290022000.000000,391490000.000000,391490000.000000,82307000.000000,-0.107000,-0.222000,-0.239000,-0.178000,82347000.000000,304469000.000000,1.000000,130518247.000000,129682000.000000,129682000.000000,3.019000,712468000.000000,0.000000,1164000.000000,0.000000,5.494000
ART,2020-06-30,2020-09-17,2020-07-31,2020-Q4,1157892000.000000,16907014112.000000,2025-03-10,463000.000000,1833458000.000000,970518750.000000,1581793000.000000,251665000.000000,0.444000,3.749000,-51809000.000000,141851000.000000,141851000.000000,95733000.000000,-115116000.000000,3.732000,2.782000,905238000.000000,15600000.000000,889638000.000000,905238000.000000,369767000.000000,34673000.000000,0.000000,0.000000,0.000000,-107703000.000000,-73030000.000000,-0.169000,-73030000.000000,-107703000.000000,-112728000.000000,-0.890000,-0.890000,-0.890000,484829000.000000,363209750.000000,484829000.000000,17670401112.000000,-164.000000,-241.961000,27508000.000000,0.213000,1.000000,335536000.000000,0.778000,54083000.000000,5025000.000000,2118861000.000000,759311500.000000,0.000000,1228722000.000000,1228722000.000000,0.000000,1348629000.000000,423901000.000000,924728000.000000,63367000.000000,-39601000.000000,36935000.000000,985277000.000000,0.000000,1022212000.000000,-1038162000.000000,-946752000.000000,79317000.000000,0.000000,-115116000.000000,-115116000.000000,-115116000.000000,0.000000,0.000000,-0.267000,449492000.000000,-113956000.000000,5233000.000000,0.000000,34.872000,-146.869000,-142.933000,111853000.000000,0.000000,127.210000,39.203000,38.146000,147584000.000000,-339571000.000000,431269000.000000,431269000.000000,97879000.000000,-0.119000,-0.317000,-0.142000,-0.250000,121395000.000000,351613000.000000,1.000000,132906329.000000,129323000.000000,129323000.000000,3.335000,1779375000.000000,0.000000,2388000.000000,0.000000,13.759000
ART,2020-09-30,2020-12-08,2020-10-31,2021-Q1,1163063000.000000,24771817356.000000,2025-03-10,-267000.000000,1852947000.000000,1274698500.000000,1579525000.000000,273422000.000000,0.377000,3.688000,-51102000.000000,102016000.000000,102016000.000000,107902000.000000,-153046000.000000,3.793000,2.765000,927421000.000000,17796000.000000,909625000.000000,927421000.000000,371900000.000000,39898000.000000,0.000000,0.000000,0.000000,-132880000.000000,-92982000.000000,-0.194000,-92982000.000000,-132880000.000000,-150954000.000000,-1.170000,-1.170000,-1.170000,492105000.000000,407723000.000000,492105000.000000,25597222356.000000,-193.000000,-275.292000,60318000.000000,0.452000,1.000000,372355000.000000,0.775000,52506000.000000,18074000.000000,2209384000.000000,1231808750.000000,0.000000,1313938000.000000,1313938000.000000,0.000000,1360842000.000000,416462000.000000,944380000.000000,32670000.000000,-39601000.000000,38395000.000000,985277000.000000,0.000000,1023672000.000000,-1102422000.000000,-1011719000.000000,111420000.000000,0.000000,-153046000.000000,-153046000.000000,-153046000.000000,0.000000,0.000000,-0.319000,510703000.000000,-138348000.000000,7663000.000000,0.000000,50.338000,-161.859000,-157.778000,129562000.000000,0.000000,184.600000,51.580000,51.296000,105942000.000000,-394577000.000000,480257000.000000,480257000.000000,113378000.000000,-0.120000,-0.375000,-0.108000,-0.277000,160204000.000000,397325000.000000,1.000000,134191860.000000,133452000.000000,133452000.000000,3.599000,1800441000.000000,0.000000,2092000.000000,0.000000,13.491000
ART,2020-12-31,2021-03-04,2021-01-31,2021-Q2,1177074000.000000,24591588150.000000,2025-03-10,472000.000000,1969417000.000000,1597946500.000000,1678649000.000000,290768000.000000,0.335000,3.723000,-56112000.000000,95347000.000000,95347000.000000,121799000.000000,-191433000.000000,3.347000,2.918000,941167000.000000,20152000.000000,921015000.000000,941167000.000000,446817000.000000,45509000.000000,0.000000,0.000000,0.000000,-157067000.000000,-111558000.000000,-0.208000,-111558000.000000,-157067000.000000,-188386000.000000,-1.440000,-1.440000,-1.440000,502704000.000000,453608000.000000,502704000.000000,25437408150.000000,-162.000000,-228.020000,80281000.000000,0.595000,1.000000,414234000.000000,0.773000,50930000.000000,31319000.000000,2262732000.000000,1718515750.000000,0.000000,1349402000.000000,1349402000.000000,0.000000,1466713000.000000,501575000.000000,965138000.000000,18813000.000000,-39601000.000000,44651000.000000,985277000.000000,0.000000,1027678000.000000,-1145258000.000000,-1049545000.000000,136393000.000000,0.000000,-191433000.000000,-191433000.000000,-191433000.000000,0.000000,0.000000,-0.357000,576200000.000000,-161966000.000000,13170000.000000,0.000000,48.919000,-128.461000,-125.625000,136469000.000000,0.000000,180.900000,45.877000,45.568000,170412000.000000,-462118000.000000,536033000.000000,536033000.000000,134423000.000000,-0.120000,-0.422000,-0.091000,-0.293000,197718000.000000,441777000.000000,1.000000,135940233.000000,135024000.000000,135024000.000000,3.970000,1918487000.000000,0.000000,3047000.000000,0.000000,14.208000
ART,2021-03-31,2021-06-03,2021-04-30,2021-Q3,1140622000.000000,25239858619.000000,2025-03-10,659000.000000,2062276000.000000,1929524500.000000,1705501000.000000,356775000.000000,0.312000,3.726000,-61982000.000000,106590000.000000,106590000.000000,136197000.000000,-230555000.000000,3.019000,3.059000,956709000.000000,20974000.000000,935735000.000000,956709000.000000,495434000.000000,51970000.000000,0.000000,0.000000,0.000000,-181337000.000000,-129367000.000000,-0.215000,-129367000.000000,-181337000.000000,-226092000.000000,-1.720000,-1.720000,-1.720000,508107000.000000,496936250.000000,508107000.000000,26089977619.000000,-144.000000,-201.674000,126957000.000000,0.931000,1.000000,465716000.000000,0.774000,79786000.000000,44755000.000000,2267730000.000000,2214676750.000000,0.000000,1361019000.000000,1361019000.000000,0.000000,1554169000.000000,564879000.000000,989290000.000000,-18002000.000000,-60103000.000000,41520000.000000,985277000.000000,0.000000,1024547000.000000,-1231488000.000000,-1109403000.000000,188939000.000000,0.000000,-230555000.000000,-230555000.000000,-230555000.000000,0.000000,0.000000,-0.383000,651018000.000000,-185302000.000000,20172000.000000,0.000000,49.674000,-109.474000,-107.122000,156539000.000000,0.000000,184.250000,41.933000,41.748000,164923000.000000,-520577000.000000,601913000.000000,601913000.000000,151258000.000000,-0.119000,-0.464000,-0.082000,-0.301000,229921000.000000,499760000.000000,1.000000,136987021.000000,136385000.000000,136385000.000000,4.413000,1982490000.000000,0.000000,4463000.000000,0.000000,14.536000
ART,2021-06-30,2021-09-16,2021-07-31,2021-Q4,1128098000.000000,38067765827.000000,2025-03-10,-650000.000000,2257631000.000000,2035567750.000000,1848303000.000000,409328000.000000,0.331000,3.899000,-58297000.000000,275898000.000000,275898000.000000,150317000.000000,-262029000.000000,2.566000,3.269000,964605000.000000,19842000.000000,944763000.000000,964605000.000000,630601000.000000,57453000.000000,0.000000,0.000000,0.000000,-203814000.000000,-146361000.000000,-0.217000,-146361000.000000,-203814000.000000,-257178000.000000,-1.930000,-1.930000,-1.930000,528895000.000000,507952750.000000,528895000.000000,38756472827.000000,-190.000000,-264.801000,143743000.000000,1.060000,1.000000,522783000.000000,0.777000,91106000.000000,53364000.000000,2135027000.000000,2218718250.000000,0.000000,1226654000.000000,1226654000.000000,0.000000,1728736000.000000,720205000.000000,1008531000.000000,134047000.000000,-40530000.000000,43925000.000000,0.000000,0.000000,41675000.000000,-109668000.000000,-10841000.000000,202040000.000000,0.000000,-262029000.000000,-262029000.000000,-262029000.000000,0.000000,0.000000,-0.389000,730595000.000000,-207812000.000000,12547000.000000,0.000000,71.976000,-145.281000,-142.171000,152915000.000000,0.000000,274.390000,56.556000,55.300000,257109000.000000,-601600000.000000,673100000.000000,673100000.000000,174653000.000000,-0.129000,-0.516000,-0.092000,-0.303000,258535000.000000,555942000.000000,1.000000,138735981.000000,135654000.000000,135654000.000000,4.962000,2166525000.000000,0.000000,4851000.000000,0.000000,15.971000
ART,2021-09-30,2021-12-08,2021-10-31,2022-Q1,1140136000.000000,43678868329.000000,2025-03-10,-2764000.000000,2271118000.000000,2140110500.000000,1855436000.000000,415682000.000000,0.356000,3.806000,-56896000.000000,371696000.000000,371696000.000000,170759000.000000,-297824000.000000,2.594000,3.284000,978036000.000000,20488000.000000,957548000.000000,978036000.000000,647816000.000000,62545000.000000,0.000000,0.000000,0.000000,-236842000.000000,-174297000.000000,-0.229000,-174297000.000000,-236842000.000000,-290992000.000000,-2.170000,-2.170000,-2.170000,530199000.000000,517476250.000000,530199000.000000,44285208329.000000,-187.000000,-254.079000,184883000.000000,1.327000,1.000000,590280000.000000,0.776000,88880000.000000,54150000.000000,2073278000.000000,2184691750.000000,0.000000,1212946000.000000,1212946000.000000,0.000000,1740919000.000000,715300000.000000,1025619000.000000,269680000.000000,-40530000.000000,42050000.000000,0.000000,0.000000,39750000.000000,-11849000.000000,85577000.000000,241779000.000000,0.000000,-297824000.000000,-297824000.000000,-297824000.000000,0.000000,0.000000,-0.391000,829796000.000000,-239516000.000000,14961000.000000,0.000000,82.382000,-146.660000,-143.691000,157152000.000000,0.000000,311.810000,57.394000,57.072000,172028000.000000,-692401000.000000,761039000.000000,761039000.000000,204099000.000000,-0.139000,-0.576000,-0.108000,-0.311000,291253000.000000,625697000.000000,1.000000,140081679.000000,139296000.000000,139296000.000000,5.463000,2182238000.000000,0.000000,6832000.000000,0.000000,15.666000
ART,2021-12-31,2022-03-09,2022-01-31,2022-Q2,1153123000.000000,29959471100.000000,2025-03-10,-9299000.000000,2422021000.000000,2253261500.000000,1989165000.000000,432856000.000000,0.381000,3.839000,-63339000.000000,409819000.000000,409819000.000000,194407000.000000,-330703000.000000,2.379000,3.490000,989637000.000000,19665000.000000,969972000.000000,989637000.000000,759931000.000000,67346000.000000,0.000000,0.000000,0.000000,-268436000.000000,-201090000.000000,-0.234000,-201090000.000000,-268436000.000000,-323381000.000000,-2.380000,-2.380000,-2.380000,539367000.000000,526642000.000000,539367000.000000,30539289100.000000,-114.000000,-151.869000,196298000.000000,1.397000,1.000000,665151000.000000,0.774000,89095000.000000,54945000.000000,2076702000.000000,2138184250.000000,0.000000,1211390000.000000,1211390000.000000,0.000000,1882654000.000000,836042000.000000,1046612000.000000,314472000.000000,-40910000.000000,40497000.000000,0.000000,0.000000,40445000.000000,14390000.000000,118639000.000000,259637000.000000,0.000000,-330703000.000000,-330703000.000000,-330703000.000000,0.000000,0.000000,-0.385000,934701000.000000,-269550000.000000,13499000.000000,0.000000,55.546000,-90.593000,-89.223000,164032000.000000,0.000000,212.350000,34.855000,34.714000,269449000.000000,-792821000.000000,859558000.000000,859558000.000000,231543000.000000,-0.147000,-0.628000,-0.126000,-0.312000,328861000.000000,703158000.000000,1.000000,141085336.000000,140515000.000000,140515000.000000,6.117000,2332926000.000000,0.000000,7322000.000000,0.000000,16.603000
ART,2022-03-31,2022-06-09,2022-04-30,2022-Q3,1134469000.000000,22757613532.000000,2025-03-10,-24478000.000000,2524544000.000000,2368828500.000000,2047045000.000000,477499000.000000,0.409000,3.759000,-79248000.000000,594893000.000000,594893000.000000,219452000.000000,-373649000.000000,2.243000,3.749000,1005206000.000000,19600000.000000,985606000.000000,1005206000.000000,818743000.000000,71287000.000000,0.000000,0.000000,0.000000,-312899000.000000,-241612000.000000,-0.249000,-241612000.000000,-312899000.000000,-368654000.000000,-2.670000,-2.670000,-2.670000,531577000.000000,532509500.000000,531577000.000000,23167926532.000000,-74.000000,-95.889000,184262000.000000,1.303000,1.000000,750509000.000000,0.774000,86857000.000000,55755000.000000,1935424000.000000,2055107750.000000,0.000000,1062981000.000000,1062981000.000000,0.000000,1992967000.000000,912576000.000000,1080391000.000000,488303000.000000,-11490000.000000,39151000.000000,0.000000,0.000000,39098000.000000,185695000.000000,276433000.000000,263510000.000000,0.000000,-373649000.000000,-373649000.000000,-373649000.000000,0.000000,0.000000,-0.385000,1062806000.000000,-312297000.000000,15234000.000000,0.000000,42.812000,-60.906000,-60.082000,186877000.000000,0.000000,160.420000,23.462000,23.390000,272092000.000000,-894226000.000000,969961000.000000,969961000.000000,267169000.000000,-0.158000,-0.702000,-0.152000,-0.323000,374742000.000000,795637000.000000,1.000000,141862695.000000,141422000.000000,141422000.000000,6.859000,2437687000.000000,0.000000,4995000.000000,0.000000,17.237000
ART,2022-06-30,2022-09-15,2022-07-31,2022-Q4,1122200000.000000,25175807363.000000,2025-03-10,-25850000.000000,2832665000.000000,2512587000.000000,2256647000.000000,576018000.000000,0.434000,4.069000,-90580000.000000,1013210000.000000,1013210000.000000,242282000.000000,-390278000.000000,1.989000,3.941000,1045722000.000000,26100000.000000,1019622000.000000,1045722000.000000,1021123000.000000,75092000.000000,0.000000,0.000000,0.000000,-327051000.000000,-251959000.000000,-0.231000,-251959000.000000,-327051000.000000,-383630000.000000,-2.770000,-2.770000,-2.770000,573300000.000000,543610750.000000,573300000.000000,25208319363.000000,-77.000000,-100.049000,231332000.000000,1.642000,1.000000,848664000.000000,0.778000,110366000.000000,56579000.000000,1620364000.000000,1926442000.000000,0.000000,718129000.000000,718129000.000000,0.000000,2259365000.000000,1134447000.000000,1124918000.000000,737312000.000000,-25287000.000000,41592000.000000,0.000000,0.000000,41337000.000000,374063000.000000,489930000.000000,321912000.000000,0.000000,-390278000.000000,-390278000.000000,-390278000.000000,0.000000,0.000000,-0.358000,1176093000.000000,-327429000.000000,26154000.000000,0.000000,43.914000,-64.507000,-63.534000,232990000.000000,0.000000,175.990000,23.077000,22.729000,399745000.000000,-991878000.000000,1090946000.000000,1090946000.000000,289139000.000000,-0.155000,-0.718000,-0.170000,-0.300000,409562000.000000,886954000.000000,1.000000,143052488.000000,140895000.000000,140895000.000000,7.743000,2722299000.000000,0.000000,6648000.000000,0.000000,19.321000
ART,2022-09-30,2022-12-07,2022-10-31,2023-Q1,1122078000.000000,16474804812.000000,2025-03-10,-37824000.000000,2835732000.000000,2653740500.000000,2233361000.000000,602371000.000000,0.458000,3.006000,-113519000.000000,1084945000.000000,1084945000.000000,266810000.000000,-367639000.000000,2.010000,5.575000,1219253000.000000,28646000.000000,1190607000.000000,1219253000.000000,1005713000.000000,79354000.000000,0.000000,0.000000,0.000000,-314649000.000000,-235295000.000000,-0.194000,-235295000.000000,-314649000.000000,-358724000.000000,-2.600000,-2.600000,-2.600000,431275000.000000,518879750.000000,431275000.000000,16609112812.000000,-53.000000,-70.588000,243579000.000000,1.698000,1.000000,949167000.000000,0.781000,107814000.000000,44075000.000000,1750943000.000000,1845858250.000000,0.000000,739845000.000000,739845000.000000,0.000000,2404457000.000000,1111283000.000000,1293174000.000000,713249000.000000,-25287000.000000,39930000.000000,0.000000,0.000000,39723000.000000,316428000.000000,455234000.000000,357098000.000000,0.000000,-367639000.000000,-367639000.000000,-367639000.000000,0.000000,0.000000,-0.302000,1271312000.000000,-322145000.000000,29717000.000000,0.000000,38.200000,-44.812000,-43.938000,259624000.000000,0.000000,114.240000,13.549000,13.479000,268718000.000000,-956201000.000000,1215977000.000000,1215977000.000000,298869000.000000,-0.139000,-0.709000,-0.170000,-0.259000,424832000.000000,972443000.000000,1.000000,144212227.000000,143476000.000000,143476000.000000,8.475000,2727918000.000000,0.000000,8915000.000000,0.000000,19.013000
ART,2022-12-31,2023-03-08,2023-01-31,2023-Q2,1212105000.000000,16681554920.000000,2025-03-10,-5037000.000000,3039956000.000000,2808224250.000000,2416109000.000000,623847000.000000,0.480000,3.658000,-121369000.000000,1257012000.000000,1257012000.000000,296631000.000000,-324672000.000000,2.007000,4.750000,1215922000.000000,29173000.000000,1186749000.000000,1215922000.000000,1111880000.000000,84551000.000000,0.000000,0.000000,0.000000,-282858000.000000,-198307000.000000,-0.147000,-198307000.000000,-282858000.000000,-314226000.000000,-2.290000,-2.290000,-2.290000,528657000.000000,516202250.000000,528657000.000000,16640464920.000000,-59.000000,-83.913000,276948000.000000,1.916000,1.000000,1051381000.000000,0.780000,105263000.000000,31368000.000000,1689599000.000000,1749082500.000000,0.000000,648332000.000000,648332000.000000,0.000000,2511299000.000000,1204004000.000000,1307295000.000000,847193000.000000,-24907000.000000,38726000.000000,0.000000,0.000000,38521000.000000,410355000.000000,556631000.000000,398317000.000000,0.000000,-324672000.000000,-324672000.000000,-324672000.000000,0.000000,0.000000,-0.241000,1354832000.000000,-303451000.000000,33632000.000000,0.000000,31.555000,-51.380000,-50.197000,270316000.000000,0.000000,114.950000,12.375000,12.323000,358614000.000000,-1013654000.000000,1348012000.000000,1348012000.000000,315439000.000000,-0.116000,-0.629000,-0.162000,-0.210000,435582000.000000,1039393000.000000,1.000000,145120095.000000,144511000.000000,144511000.000000,9.328000,2934693000.000000,0.000000,10446000.000000,0.000000,20.308000
ART,2023-03-31,2023-06-07,2023-04-30,2023-Q3,1238108000.000000,21142548067.000000,2025-03-10,-102000.000000,3200712000.000000,2977266250.000000,2527250000.000000,673462000.000000,0.497000,4.137000,-122456000.000000,1275297000.000000,1275297000.000000,328458000.000000,-269313000.000000,1.960000,4.323000,1214778000.000000,31054000.000000,1183724000.000000,1214778000.000000,1175373000.000000,91139000.000000,0.000000,0.000000,0.000000,-233187000.000000,-142048000.000000,-0.096000,-142048000.000000,-233187000.000000,-251692000.000000,-1.890000,-1.890000,-1.890000,601274000.000000,533626500.000000,601274000.000000,21082029067.000000,-90.000000,-148.415000,307089000.000000,2.113000,1.000000,1151547000.000000,0.778000,118033000.000000,18505000.000000,1733018000.000000,1698481000.000000,0.000000,693110000.000000,693110000.000000,0.000000,2599438000.000000,1289142000.000000,1310296000.000000,680404000.000000,-40550000.000000,38497000.000000,0.000000,0.000000,38293000.000000,212566000.000000,375572000.000000,429545000.000000,0.000000,-269313000.000000,-269313000.000000,-269313000.000000,0.000000,0.000000,-0.182000,1424147000.000000,-272600000.000000,24783000.000000,0.000000,35.163000,-78.505000,-76.677000,291327000.000000,0.000000,144.920000,14.285000,14.233000,376339000.000000,-1059700000.000000,1480005000.000000,1480005000.000000,331498000.000000,-0.090000,-0.505000,-0.137000,-0.158000,437547000.000000,1086348000.000000,1.000000,145891168.000000,145354000.000000,145354000.000000,10.182000,3082679000.000000,0.000000,17621000.000000,0.000000,21.208000
ART,2023-06-30,2023-09-14,2023-07-31,2023-Q4,1354446000.000000,23433683725.000000,2025-03-10,-1576000.000000,3608317000.000000,3171179250.000000,2890314000.000000,718003000.000000,0.510000,5.003000,-128724000.000000,1262206000.000000,1262206000.000000,362832000.000000,-202335000.000000,1.882000,3.976000,1210545000.000000,34469000.000000,1176076000.000000,1210545000.000000,1439676000.000000,99028000.000000,0.000000,0.000000,0.000000,-176023000.000000,-76995000.000000,-0.048000,-76995000.000000,-176023000.000000,-182564000.000000,-1.400000,-1.400000,-1.400000,725112000.000000,571579500.000000,725112000.000000,23382022725.000000,-133.000000,-303.682000,333619000.000000,2.302000,1.000000,1254120000.000000,0.776000,115051000.000000,6541000.000000,1905737000.000000,1769824250.000000,0.000000,838026000.000000,838026000.000000,0.000000,2883205000.000000,1535868000.000000,1347337000.000000,248996000.000000,-15643000.000000,46207000.000000,0.000000,0.000000,45990000.000000,-259337000.000000,-114970000.000000,462343000.000000,0.000000,-202335000.000000,-202335000.000000,-202335000.000000,0.000000,0.000000,-0.125000,1488743000.000000,-234623000.000000,18481000.000000,0.000000,32.317000,-115.816000,-113.736000,313026000.000000,0.000000,159.230000,14.493000,14.273000,582636000.000000,-1090374000.000000,1616952000.000000,1616952000.000000,349735000.000000,-0.064000,-0.354000,-0.099000,-0.109000,444834000.000000,1131408000.000000,1.000000,147168773.000000,144942000.000000,144942000.000000,11.156000,3493266000.000000,0.000000,19771000.000000,0.000000,24.101000
ART,2023-09-30,2023-12-06,2023-10-31,2024-Q1,1417172000.000000,29356672100.000000,2025-03-10,-17955000.000000,3635584000.000000,3371142250.000000,2891590000.000000,743994000.000000,0.522000,5.470000,-131969000.000000,1361723000.000000,1361723000.000000,397529000.000000,-167656000.000000,1.961000,3.502000,1215770000.000000,38138000.000000,1177632000.000000,1215770000.000000,1399544000.000000,104393000.000000,0.000000,0.000000,0.000000,-135265000.000000,-30872000.000000,-0.018000,-30872000.000000,-135265000.000000,-143634000.000000,-1.160000,-1.160000,-1.160000,807525000.000000,665642000.000000,807525000.000000,29210719100.000000,-216.000000,-946.188000,462723000.000000,3.134000,1.000000,1360578000.000000,0.774000,118038000.000000,8369000.000000,1897175000.000000,1806382250.000000,0.000000,962681000.000000,962681000.000000,0.000000,2828059000.000000,1474418000.000000,1353641000.000000,276778000.000000,-20020000.000000,46481000.000000,0.000000,0.000000,46266000.000000,-364180000.000000,-212191000.000000,594692000.000000,0.000000,-167656000.000000,-167656000.000000,-167656000.000000,0.000000,0.000000,-0.095000,1572171000.000000,-211593000.000000,23234000.000000,0.000000,36.354000,-175.101000,-170.612000,342729000.000000,0.000000,197.910000,16.698000,16.618000,366843000.000000,-1123857000.000000,1758107000.000000,1758107000.000000,388328000.000000,-0.050000,-0.252000,-0.075000,-0.077000,468799000.000000,1176243000.000000,1.000000,148333445.000000,147625000.000000,147625000.000000,11.909000,3517546000.000000,0.000000,24022000.000000,0.000000,23.828000
ART,2023-12-31,2024-03-06,2024-01-31,2024-Q2,1558803000.000000,30334251502.000000,2025-03-10,-3009000.000000,3934226000.000000,3594709750.000000,3142708000.000000,791518000.000000,0.527000,6.437000,-146587000.000000,1438586000.000000,1438586000.000000,427124000.000000,-138672000.000000,1.984000,3.103000,1233690000.000000,44773000.000000,1188917000.000000,1233690000.000000,1502175000.000000,110809000.000000,0.000000,0.000000,0.000000,-99737000.000000,11072000.000000,0.006000,11072000.000000,-99737000.000000,-110378000.000000,-0.950000,-0.950000,-0.950000,958856000.000000,773191750.000000,958856000.000000,30129355502.000000,-302.000000,2721.221000,500693000.000000,3.361000,1.000000,1468384000.000000,0.775000,114955000.000000,10641000.000000,2030470000.000000,1891600000.000000,0.000000,1021218000.000000,1021218000.000000,0.000000,2975370000.000000,1583905000.000000,1391465000.000000,181574000.000000,-20020000.000000,54948000.000000,0.000000,0.000000,54733000.000000,-520439000.000000,-353832000.000000,647280000.000000,0.000000,-138672000.000000,-138672000.000000,-138672000.000000,0.000000,0.000000,-0.073000,1660196000.000000,-191812000.000000,17137000.000000,0.000000,31.636000,-218.748000,-213.074000,382299000.000000,0.000000,202.420000,16.003000,15.906000,479611000.000000,-1152326000.000000,1895508000.000000,1895508000.000000,424744000.000000,-0.039000,-0.179000,-0.053000,-0.053000,499493000.000000,1227852000.000000,1.000000,149857976.000000,148951000.000000,148951000.000000,12.726000,3819271000.000000,0.000000,28294000.000000,0.000000,25.641000
ART,2024-03-31,2024-06-07,2024-04-30,2024-Q3,1268693000.000000,27356473256.000000,2025-03-10,-15675000.000000,4198751000.000000,3844219500.000000,2970014000.000000,1228737000.000000,0.528000,7.274000,-162292000.000000,1259197000.000000,1259197000.000000,449606000.000000,-73502000.000000,1.746000,2.841000,1235441000.000000,50857000.000000,1184584000.000000,1235441000.000000,1577014000.000000,119307000.000000,0.000000,0.000000,0.000000,-38129000.000000,81178000.000000,0.040000,81178000.000000,-38129000.000000,-50151000.000000,-0.500000,-0.510000,-0.500000,1093139000.000000,896158000.000000,1093139000.000000,27332717256.000000,-717.000000,336.701000,549933000.000000,3.659000,1.000000,1580303000.000000,0.779000,485988000.000000,12022000.000000,1987686000.000000,1955267000.000000,0.000000,980802000.000000,980802000.000000,0.000000,3105612000.000000,1701321000.000000,1404291000.000000,-16100000.000000,-361781000.000000,61297000.000000,0.000000,0.000000,61082000.000000,-789407000.000000,-265334000.000000,712225000.000000,0.000000,-73502000.000000,-73502000.000000,-73502000.000000,0.000000,0.000000,-0.036000,1719382000.000000,-139079000.000000,28030000.000000,0.000000,25.026000,-372.187000,-361.980000,423119000.000000,0.000000,180.990000,13.477000,13.400000,506284000.000000,-1133202000.000000,2029909000.000000,2029909000.000000,457065000.000000,-0.019000,-0.082000,-0.020000,-0.019000,504910000.000000,1261018000.000000,1.000000,151149087.000000,150290000.000000,154081000.000000,13.507000,3712763000.000000,0.000000,23351000.000000,0.000000,24.704000
ART,2024-06-30,2024-09-12,2024-07-31,2024-Q4,283730000.000000,25421608734.000000,2025-03-10,-4789000.000000,4704968000.000000,4118382250.000000,3396617000.000000,1308351000.000000,0.526000,8.518000,-194896000.000000,1423080000.000000,1423080000.000000,477129000.000000,-57706000.000000,1.091000,2.693000,1237965000.000000,1193141000.000000,44824000.000000,1237965000.000000,1894974000.000000,130377000.000000,0.000000,0.000000,0.000000,-16097000.000000,114280000.000000,0.053000,114280000.000000,-16097000.000000,-29229000.000000,-0.390000,-0.390000,-0.390000,1274102000.000000,1033405500.000000,1274102000.000000,25236493734.000000,-1568.000000,220.830000,584950000.000000,3.910000,1.000000,1690642000.000000,0.780000,480864000.000000,13132000.000000,926102000.000000,1710358250.000000,0.000000,986574000.000000,986574000.000000,0.000000,3430866000.000000,3112887000.000000,317979000.000000,160874000.000000,-374702000.000000,64247000.000000,0.000000,0.000000,64208000.000000,-683180000.000000,-113582000.000000,779846000.000000,0.000000,-57706000.000000,-57706000.000000,-57706000.000000,0.000000,0.000000,-0.027000,1812119000.000000,-121477000.000000,23309000.000000,0.000000,19.953000,-440.537000,-427.462000,472879000.000000,0.000000,166.710000,11.727000,11.504000,736529000.000000,-1148080000.000000,2167771000.000000,2167771000.000000,499828000.000000,-0.014000,-0.056000,-0.009000,-0.007000,527676000.000000,1312291000.000000,1.000000,152490005.000000,149586000.000000,149586000.000000,14.492000,4224104000.000000,0.000000,28477000.000000,0.000000,28.239000
ART,2024-09-30,2024-12-05,2024-10-31,2025-Q1,430170000.000000,31548515275.000000,2025-03-10,-4487000.000000,4709002000.000000,4386736750.000000,3393780000.000000,1315222000.000000,0.524000,9.364000,-198262000.000000,1553645000.000000,1553645000.000000,507197000.000000,-36274000.000000,1.145000,2.296000,1237337000.000000,1195399000.000000,41938000.000000,1237337000.000000,1783720000.000000,144796000.000000,0.000000,0.000000,0.000000,3959000.000000,148755000.000000,0.065000,148755000.000000,3959000.000000,-9157000.000000,-0.240000,-0.250000,-0.240000,1428545000.000000,1188660500.000000,1428545000.000000,31232207275.000000,7889.000000,209.957000,652113000.000000,4.275000,1.000000,1791826000.000000,0.779000,476624000.000000,13116000.000000,952460000.000000,1474179500.000000,0.000000,1154252000.000000,1154252000.000000,0.000000,3280457000.000000,2963610000.000000,316847000.000000,191922000.000000,-370325000.000000,63881000.000000,0.000000,0.000000,63842000.000000,-722295000.000000,-153708000.000000,850375000.000000,0.000000,-36274000.000000,-36274000.000000,-36274000.000000,0.000000,0.000000,-0.016000,1897913000.000000,-106087000.000000,25368000.000000,0.000000,22.084000,-869.728000,-856.708000,493096000.000000,0.000000,205.610000,13.723000,13.644000,424573000.000000,-1160131000.000000,2299023000.000000,2299023000.000000,540543000.000000,-0.008000,-0.031000,0.003000,0.002000,555716000.000000,1357370000.000000,1.000000,153438623.000000,152557000.000000,152557000.000000,15.070000,4232378000.000000,0.000000,27117000.000000,0.000000,27.743000
ART,2024-12-31,2025-03-10,2025-01-31,2025-Q2,616340000.000000,30123391170.000000,2025-03-10,-22304000.000000,5005968000.000000,4654672250.000000,3665206000.000000,1340762000.000000,0.520000,10.460000,-192986000.000000,1758506000.000000,1758506000.000000,538496000.000000,-15529000.000000,1.202000,2.114000,1238342000.000000,1197430000.000000,40912000.000000,1238342000.000000,1878505000.000000,159225000.000000,0.000000,0.000000,0.000000,6661000.000000,165886000.000000,0.068000,165886000.000000,6661000.000000,-5189000.000000,-0.100000,-0.110000,-0.100000,1607346000.000000,1350783000.000000,1607346000.000000,29603227170.000000,4444.000000,178.455000,694753000.000000,4.521000,1.000000,1883428000.000000,0.778000,473388000.000000,11850000.000000,963550000.000000,1207449500.000000,0.000000,1121734000.000000,1121734000.000000,0.000000,3398622000.000000,3048866000.000000,349756000.000000,319920000.000000,-371159000.000000,67792000.000000,0.000000,0.000000,67753000.000000,-635572000.000000,-71427000.000000,887739000.000000,0.000000,-15529000.000000,-15529000.000000,-15529000.000000,0.000000,0.000000,-0.006000,1984198000.000000,-100770000.000000,24600000.000000,0.000000,18.741000,-1939.815000,-1946.900000,506018000.000000,0.000000,194.690000,12.438000,12.353000,514314000.000000,-1167855000.000000,2421924000.000000,2421924000.000000,589222000.000000,-0.003000,-0.011000,0.006000,0.003000,587401000.000000,1394976000.000000,1.000000,154724902.000000,153672000.000000,153672000.000000,15.760000,4532580000.000000,0.000000,10340000.000000,0.000000,29.495000
ARY,2018-12-31,2018-09-13,2018-07-31,2018-FY,204332000.000000,5083171722.000000,2025-03-10,-124000.000000,447781000.000000,,387164000.000000,60617000.000000,,3.761000,-15170000.000000,135579000.000000,135579000.000000,37875000.000000,-33646000.000000,2.118000,0.864000,0.000000,0.000000,0.000000,0.000000,164023000.000000,7988000.000000,0.000000,0.000000,0.000000,-32309000.000000,-24321000.000000,-0.128000,-24321000.000000,-32309000.000000,-32309000.000000,-0.630000,-0.630000,-0.630000,240236000.000000,,240236000.000000,4947592722.000000,-153.000000,-203.429000,2137000.000000,0.033000,1.000000,152299000.000000,0.801000,0.000000,0.000000,129370000.000000,,0.000000,162960000.000000,162960000.000000,0.000000,207545000.000000,182832000.000000,24713000.000000,47601000.000000,0.000000,207387000.000000,0.000000,0.000000,208397000.000000,-178103000.000000,-163366000.000000,17307000.000000,0.000000,-33646000.000000,-39978000.000000,-39978000.000000,0.000000,0.000000,-0.210000,186923000.000000,-34624000.000000,4895000.000000,0.000000,21.159000,-127.149000,-67.365000,19765000.000000,6332000.000000,42.440000,26.729000,14.256000,61611000.000000,-196100000.000000,190174000.000000,190174000.000000,39379000.000000,,,,-0.170000,11224000.000000,147544000.000000,1.000000,119773132.000000,63881000.000000,63881000.000000,2.977000,447781000.000000,0.000000,1337000.000000,0.000000,7.010000
ARY,2019-12-31,2019-09-18,2019-07-31,2019-FY,234137000.000000,6621283406.000000,2025-03-10,268000.000000,604162000.000000,529476250.000000,496086000.000000,108076000.000000,0.572000,2.497000,-28682000.000000,78484000.000000,78484000.000000,59669000.000000,-28655000.000000,1.894000,0.958000,0.000000,0.000000,0.000000,0.000000,251202000.000000,11306000.000000,0.000000,0.000000,0.000000,-27912000.000000,-16606000.000000,-0.055000,-16606000.000000,-27912000.000000,-27912000.000000,-0.230000,-0.230000,-0.230000,308558000.000000,281097000.000000,308558000.000000,6542799406.000000,-234.000000,-394.002000,29345000.000000,0.237000,1.000000,243167000.000000,0.803000,16187000.000000,0.000000,247542000.000000,245089750.000000,0.000000,286162000.000000,286162000.000000,0.000000,295604000.000000,261949000.000000,33655000.000000,-57663000.000000,-11432000.000000,46276000.000000,0.000000,0.000000,46384000.000000,-162074000.000000,-120480000.000000,58027000.000000,0.000000,-28655000.000000,-28655000.000000,-28655000.000000,0.000000,0.000000,-0.095000,278480000.000000,-35313000.000000,6208000.000000,0.000000,21.459000,-231.069000,-225.870000,41046000.000000,0.000000,51.950000,21.864000,21.197000,93341000.000000,-224455000.000000,302836000.000000,302836000.000000,61969000.000000,-0.054000,-0.102000,-0.114000,-0.092000,46423000.000000,216511000.000000,1.000000,127454926.000000,123566000.000000,123566000.000000,2.451000,587975000.000000,0.000000,743000.000000,0.000000,4.758000
ARY,2020-12-31,2020-09-17,2020-07-31,2020-FY,1157892000.000000,16907014112.000000,2025-03-10,463000.000000,1833458000.000000,970518750.000000,1581793000.000000,251665000.000000,0.444000,3.749000,-51809000.000000,141851000.000000,141851000.000000,95733000.000000,-115116000.000000,3.732000,2.782000,905238000.000000,15600000.000000,889638000.000000,905238000.000000,369767000.000000,34673000.000000,0.000000,0.000000,0.000000,-107703000.000000,-73030000.000000,-0.169000,-73030000.000000,-107703000.000000,-112728000.000000,-0.890000,-0.890000,-0.890000,484829000.000000,363209750.000000,484829000.000000,17670401112.000000,-164.000000,-241.961000,27508000.000000,0.213000,1.000000,335536000.000000,0.778000,54083000.000000,5025000.000000,2118861000.000000,759311500.000000,0.000000,1228722000.000000,1228722000.000000,0.000000,1348629000.000000,423901000.000000,924728000.000000,63367000.000000,-39601000.000000,36935000.000000,985277000.000000,0.000000,1022212000.000000,-1038162000.000000,-946752000.000000,79317000.000000,0.000000,-115116000.000000,-115116000.000000,-115116000.000000,0.000000,0.000000,-0.267000,449492000.000000,-113956000.000000,5233000.000000,0.000000,34.872000,-146.869000,-142.933000,111853000.000000,0.000000,127.210000,39.203000,38.146000,147584000.000000,-339571000.000000,431269000.000000,431269000.000000,97879000.000000,-0.119000,-0.317000,-0.142000,-0.250000,121395000.000000,351613000.000000,1.000000,132906329.000000,129323000.000000,129323000.000000,3.335000,1779375000.000000,0.000000,2388000.000000,0.000000,13.759000
ARY,2021-12-31,2021-09-16,2021-07-31,2021-FY,1128098000.000000,38067765827.000000,2025-03-10,-650000.000000,2257631000.000000,2035567750.000000,1848303000.000000,409328000.000000,0.331000,3.899000,-58297000.000000,275898000.000000,275898000.000000,150317000.000000,-262029000.000000,2.566000,3.269000,964605000.000000,19842000.000000,944763000.000000,964605000.000000,630601000.000000,57453000.000000,0.000000,0.000000,0.000000,-203814000.000000,-146361000.000000,-0.217000,-146361000.000000,-203814000.000000,-257178000.000000,-1.930000,-1.930000,-1.930000,528895000.000000,507952750.000000,528895000.000000,38756472827.000000,-190.000000,-264.801000,143743000.000000,1.060000,1.000000,522783000.000000,0.777000,91106000.000000,53364000.000000,2135027000.000000,2218718250.000000,0.000000,1226654000.000000,1226654000.000000,0.000000,1728736000.000000,720205000.000000,1008531000.000000,134047000.000000,-40530000.000000,43925000.000000,0.000000,0.000000,41675000.000000,-109668000.000000,-10841000.000000,202040000.000000,0.000000,-262029000.000000,-262029000.000000,-262029000.000000,0.000000,0.000000,-0.389000,730595000.000000,-207812000.000000,12547000.000000,0.000000,71.976000,-145.281000,-142.171000,152915000.000000,0.000000,274.390000,56.556000,55.300000,257109000.000000,-601600000.000000,673100000.000000,673100000.000000,174653000.000000,-0.129000,-0.516000,-0.092000,-0.303000,258535000.000000,555942000.000000,1.000000,138735981.000000,135654000.000000,135654000.000000,4.962000,2166525000.000000,0.000000,4851000.000000,0.000000,15.971000
ARY,2022-12-31,2022-09-15,2022-07-31,2022-FY,1122200000.000000,25175807363.000000,2025-03-10,-25850000.000000,2832665000.000000,2512587000.000000,2256647000.000000,576018000.000000,0.434000,4.069000,-90580000.000000,1013210000.000000,1013210000.000000,242282000.000000,-390278000.000000,1.989000,3.941000,1045722000.000000,26100000.000000,1019622000.000000,1045722000.000000,1021123000.000000,75092000.000000,0.000000,0.000000,0.000000,-327051000.000000,-251959000.000000,-0.231000,-251959000.000000,-327051000.000000,-383630000.000000,-2.770000,-2.770000,-2.770000,573300000.000000,543610750.000000,573300000.000000,25208319363.000000,-77.000000,-100.049000,231332000.000000,1.642000,1.000000,848664000.000000,0.778000,110366000.000000,56579000.000000,1620364000.000000,1926442000.000000,0.000000,718129000.000000,718129000.000000,0.000000,2259365000.000000,1134447000.000000,1124918000.000000,737312000.000000,-25287000.000000,41592000.000000,0.000000,0.000000,41337000.000000,374063000.000000,489930000.000000,321912000.000000,0.000000,-390278000.000000,-390278000.000000,-390278000.000000,0.000000,0.000000,-0.358000,1176093000.000000,-327429000.000000,26154000.000000,0.000000,43.914000,-64.507000,-63.534000,232990000.000000,0.000000,175.990000,23.077000,22.729000,399745000.000000,-991878000.000000,1090946000.000000,1090946000.000000,289139000.000000,-0.155000,-0.718000,-0.170000,-0.300000,409562000.000000,886954000.000000,1.000000,143052488.000000,140895000.000000,140895000.000000,7.743000,2722299000.000000,0.000000,6648000.000000,0.000000,19.321000
ARY,2023-12-31,2023-09-14,2023-07-31,2023-FY,1354446000.000000,23433683725.000000,2025-03-10,-1576000.000000,3608317000.000000,3171179250.000000,2890314000.000000,718003000.000000,0.510000,5.003000,-128724000.000000,1262206000.000000,1262206000.000000,362832000.000000,-202335000.000000,1.882000,3.976000,1210545000.000000,34469000.000000,1176076000.000000,1210545000.000000,1439676000.000000,99028000.000000,0.000000,0.000000,0.000000,-176023000.000000,-76995000.000000,-0.048000,-76995000.000000,-176023000.000000,-182564000.000000,-1.400000,-1.400000,-1.400000,725112000.000000,571579500.000000,725112000.000000,23382022725.000000,-133.000000,-303.682000,333619000.000000,2.302000,1.000000,1254120000.000000,0.776000,115051000.000000,6541000.000000,1905737000.000000,1769824250.000000,0.000000,838026000.000000,838026000.000000,0.000000,2883205000.000000,1535868000.000000,1347337000.000000,248996000.000000,-15643000.000000,46207000.000000,0.000000,0.000000,45990000.000000,-259337000.000000,-114970000.000000,462343000.000000,0.000000,-202335000.000000,-202335000.000000,-202335000.000000,0.000000,0.000000,-0.125000,1488743000.000000,-234623000.000000,18481000.000000,0.000000,32.317000,-115.816000,-113.736000,313026000.000000,0.000000,159.230000,14.493000,14.273000,582636000.000000,-1090374000.000000,1616952000.000000,1616952000.000000,349735000.000000,-0.064000,-0.354000,-0.099000,-0.109000,444834000.000000,1131408000.000000,1.000000,147168773.000000,144942000.000000,144942000.000000,11.156000,3493266000.000000,0.000000,19771000.000000,0.000000,24.101000
ARY,2024-12-31,2024-09-12,2024-07-31,2024-FY,283730000.000000,25421608734.000000,2025-03-10,-4789000.000000,4704968000.000000,4118382250.000000,3396617000.000000,1308351000.000000,0.526000,8.518000,-194896000.000000,1423080000.000000,1423080000.000000,477129000.000000,-57706000.000000,1.091000,2.693000,1237965000.000000,1193141000.000000,44824000.000000,1237965000.000000,1894974000.000000,130377000.000000,0.000000,0.000000,0.000000,-16097000.000000,114280000.000000,0.053000,114280000.000000,-16097000.000000,-29229000.000000,-0.390000,-0.390000,-0.390000,1274102000.000000,1033405500.000000,1274102000.000000,25236493734.000000,-1568.000000,220.830000,584950000.000000,3.910000,1.000000,1690642000.000000,0.780000,480864000.000000,13132000.000000,926102000.000000,1710358250.000000,0.000000,986574000.000000,986574000.000000,0.000000,3430866000.000000,3112887000.000000,317979000.000000,160874000.000000,-374702000.000000,64247000.000000,0.000000,0.000000,64208000.000000,-683180000.000000,-113582000.000000,779846000.000000,0.000000,-57706000.000000,-57706000.000000,-57706000.000000,0.000000,0.000000,-0.027000,1812119000.000000,-121477000.000000,23309000.000000,0.000000,19.953000,-440.537000,-427.462000,472879000.000000,0.000000,166.710000,11.727000,11.504000,736529000.000000,-1148080000.000000,2167771000.000000,2167771000.000000,499828000.000000,-0.014000,-0.056000,-0.009000,-0.007000,527676000.000000,1312291000.000000,1.000000,152490005.000000,149586000.000000,149586000.000000,14.492000,4224104000.000000,0.000000,28477000.000000,0.000000,28.239000
MRQ,2016-06-30,2016-07-31,2016-07-31,2016-Q4,49157000.000000,,2025-03-10,0.000000,153518000.000000,,127054000.000000,26464000.000000,,-4.703000,,92842000.000000,92842000.000000,,,1.631000,-0.696000,0.000000,0.000000,0.000000,0.000000,65913000.000000,,0.000000,,0.000000,,,,,,,,,,-124740000.000000,,-124740000.000000,,,,,,1.000000,,,0.000000,,-17221000.000000,,0.000000,0.000000,0.000000,0.000000,86851000.000000,77897000.000000,8954000.000000,,,,,,,,,,,,,,,,,,,1406000.000000,,,,,11108000.000000,,,,,24489000.000000,-126556000.000000,,,,,,,,,,1.000000,,26521000.000000,,,153518000.000000,0.000000,,0.000000,5.789000
MRQ,2017-03-31,2017-04-30,2017-04-30,2017-Q3,,,2025-03-10,,,,,,,,-2024000.000000,,,6997000.000000,-7562000.000000,,,,,,,,1736000.000000,,,0.000000,-7378000.000000,-5642000.000000,-0.171000,-5642000.000000,-7378000.000000,-7378000.000000,-0.340000,-0.340000,-0.340000,,,,,,,-1781000.000000,-0.060000,1.000000,25967000.000000,0.788000,,0.000000,,,,,,,,,,109000.000000,0.000000,429000.000000,0.000000,0.000000,1890000.000000,-2024000.000000,0.000000,243000.000000,0.000000,-7562000.000000,-9917000.000000,-9917000.000000,0.000000,0.000000,-0.301000,33528000.000000,-7561000.000000,,0.000000,,,,,2355000.000000,,,,,,32964000.000000,32964000.000000,7778000.000000,,,,,1586000.000000,25750000.000000,1.000000,,29583000.000000,29583000.000000,1.114000,,,184000.000000,,
MRQ,2017-06-30,2017-07-31,2017-07-31,2017-Q4,22450000.000000,,2025-03-10,0.000000,182902000.000000,,142909000.000000,39993000.000000,,-4.995000,-1737000.000000,87978000.000000,87978000.000000,8034000.000000,-13269000.000000,1.186000,-0.880000,0.000000,0.000000,0.000000,0.000000,96619000.000000,1833000.000000,0.000000,,0.000000,-12943000.000000,-11110000.000000,-0.304000,-11110000.000000,-12943000.000000,-12943000.000000,-0.530000,-0.530000,-0.530000,-151142000.000000,,-151142000.000000,,,,-5445000.000000,-0.180000,1.000000,28510000.000000,0.780000,0.000000,0.000000,-25535000.000000,,0.000000,0.000000,0.000000,0.000000,133067000.000000,120459000.000000,12608000.000000,781000.000000,0.000000,6257000.000000,0.000000,0.000000,6226000.000000,-1737000.000000,0.000000,-3708000.000000,0.000000,-13269000.000000,-15751000.000000,-15751000.000000,0.000000,0.000000,-0.431000,41564000.000000,-13054000.000000,3763000.000000,0.000000,,,,13139000.000000,2482000.000000,,,,39052000.000000,-162016000.000000,36544000.000000,36544000.000000,8609000.000000,,,,,1583000.000000,32955000.000000,1.000000,,30259000.000000,30259000.000000,1.208000,182902000.000000,0.000000,326000.000000,0.000000,6.045000
MRQ,2017-09-30,2017-10-31,2017-10-31,2018-Q1,,,2025-03-10,,,,,,,,-4544000.000000,,,8271000.000000,-11398000.000000,,,,,,,,1921000.000000,,,0.000000,-11109000.000000,-9188000.000000,-0.231000,-9188000.000000,-11109000.000000,-11109000.000000,-0.450000,-0.450000,-0.450000,,,,,,,-8896000.000000,-0.289000,1.000000,31590000.000000,0.793000,,0.000000,,,,,,,,,,-12218000.000000,0.000000,-1879000.000000,0.000000,0.000000,-3322000.000000,-4544000.000000,0.000000,-4352000.000000,0.000000,-11398000.000000,-13928000.000000,-13928000.000000,0.000000,0.000000,-0.349000,42867000.000000,-11277000.000000,,0.000000,,,,,2530000.000000,,,,,,39861000.000000,39861000.000000,8809000.000000,,,,,1733000.000000,34058000.000000,1.000000,,30793000.000000,30793000.000000,1.294000,,,289000.000000,,
MRQ,2017-12-31,2018-01-31,2018-01-31,2018-Q2,1758000.000000,,2025-03-10,0.000000,188172000.000000,,138130000.000000,50042000.000000,,-5.315000,-3451000.000000,71569000.000000,71569000.000000,8679000.000000,-6515000.000000,1.013000,-0.893000,0.000000,0.000000,0.000000,0.000000,119257000.000000,1989000.000000,0.000000,,0.000000,-6158000.000000,-4169000.000000,-0.093000,-4169000.000000,-6158000.000000,-6158000.000000,-0.290000,-0.290000,-0.290000,-167058000.000000,,-167058000.000000,,,,-4567000.000000,-0.145000,1.000000,36297000.000000,0.807000,0.000000,0.000000,-19769000.000000,,0.000000,0.000000,0.000000,0.000000,149144000.000000,136372000.000000,12772000.000000,-4191000.000000,0.000000,1829000.000000,0.000000,0.000000,376000.000000,-3451000.000000,0.000000,-1116000.000000,0.000000,-6515000.000000,-9094000.000000,-9094000.000000,0.000000,0.000000,-0.202000,42696000.000000,-6399000.000000,2343000.000000,0.000000,,,,16858000.000000,2579000.000000,,,,47536000.000000,-180367000.000000,44976000.000000,44976000.000000,9183000.000000,,,,,2064000.000000,33513000.000000,1.000000,117331507.000000,31434000.000000,31434000.000000,1.431000,188172000.000000,0.000000,357000.000000,0.000000,5.986000
MRQ,2018-03-31,2018-04-30,2018-04-30,2018-Q3,203256000.000000,3507038744.000000,2025-03-10,0.000000,405538000.000000,,350447000.000000,55091000.000000,,3.294000,-4437000.000000,287443000.000000,287443000.000000,9424000.000000,-8771000.000000,2.381000,0.668000,0.000000,0.000000,0.000000,0.000000,124806000.000000,1932000.000000,0.000000,0.000000,0.000000,-8414000.000000,-6482000.000000,-0.132000,-6482000.000000,-8414000.000000,-8414000.000000,-0.140000,-0.140000,-0.140000,243192000.000000,,243192000.000000,3435469744.000000,-89.000000,-111.004000,3680000.000000,0.050000,1.000000,39739000.000000,0.808000,0.000000,0.000000,-29096000.000000,,0.000000,0.000000,0.000000,0.000000,162346000.000000,147191000.000000,15155000.000000,215874000.000000,0.000000,207518000.000000,0.000000,0.000000,212194000.000000,-4437000.000000,0.000000,8117000.000000,0.000000,-8771000.000000,-9994000.000000,-9994000.000000,0.000000,0.000000,-0.203000,48763000.000000,-9024000.000000,4944000.000000,0.000000,14.421000,-71.914000,-21.199000,20441000.000000,1223000.000000,29.890000,20.564000,12.938000,40215000.000000,-189138000.000000,49163000.000000,49163000.000000,9907000.000000,,,,,3309000.000000,38856000.000000,1.000000,117331507.000000,73818000.000000,73818000.000000,0.666000,405538000.000000,0.000000,357000.000000,0.000000,5.494000
MRQ,2018-06-30,2018-07-31,2018-07-31,2018-Q4,204332000.000000,4223313354.000000,2025-03-10,-124000.000000,447781000.000000,,387164000.000000,60617000.000000,,3.761000,-2738000.000000,135579000.000000,135579000.000000,11501000.000000,-6962000.000000,2.118000,0.864000,0.000000,0.000000,0.000000,0.000000,164023000.000000,2146000.000000,0.000000,0.000000,0.000000,-6628000.000000,-4482000.000000,-0.080000,-4482000.000000,-6628000.000000,-6628000.000000,0.100000,0.100000,0.100000,240236000.000000,,240236000.000000,3935870354.000000,-122.000000,-161.830000,11920000.000000,0.187000,1.000000,44673000.000000,0.795000,0.000000,0.000000,129370000.000000,,0.000000,162960000.000000,162960000.000000,0.000000,207545000.000000,182832000.000000,24713000.000000,-151864000.000000,0.000000,-81000.000000,0.000000,0.000000,-851000.000000,-165671000.000000,-162933000.000000,14658000.000000,0.000000,-6962000.000000,-6962000.000000,-6962000.000000,0.000000,0.000000,-0.124000,52597000.000000,-7924000.000000,4895000.000000,0.000000,17.580000,-105.641000,-56.048000,19765000.000000,0.000000,35.310000,22.208000,11.861000,61611000.000000,-196100000.000000,56174000.000000,56174000.000000,11480000.000000,,,,,4118000.000000,41117000.000000,1.000000,119606722.000000,63881000.000000,63881000.000000,0.879000,447781000.000000,0.000000,334000.000000,0.000000,7.010000
MRQ,2018-09-30,2018-10-31,2018-10-31,2019-Q1,207699000.000000,4346566960.000000,2025-03-10,-317000.000000,458094000.000000,,391604000.000000,66490000.000000,,2.091000,-5770000.000000,42786000.000000,42786000.000000,12099000.000000,-7588000.000000,2.129000,0.817000,0.000000,0.000000,0.000000,0.000000,165279000.000000,2265000.000000,0.000000,0.000000,0.000000,-7261000.000000,-4996000.000000,-0.079000,-4996000.000000,-7261000.000000,-7261000.000000,-0.060000,-0.060000,-0.060000,252178000.000000,,252178000.000000,4210987960.000000,-148.000000,-209.200000,5244000.000000,0.043000,1.000000,51199000.000000,0.809000,0.000000,0.000000,231403000.000000,,0.000000,271254000.000000,271254000.000000,0.000000,205916000.000000,183905000.000000,22011000.000000,-92883000.000000,0.000000,9774000.000000,0.000000,0.000000,11449000.000000,-115346000.000000,-108096000.000000,11014000.000000,0.000000,-7588000.000000,-7588000.000000,-7588000.000000,0.000000,0.000000,-0.120000,59862000.000000,-8663000.000000,4573000.000000,0.000000,17.236000,-129.216000,-93.051000,24132000.000000,0.000000,36.290000,20.348000,20.486000,49228000.000000,-203388000.000000,63298000.000000,63298000.000000,13186000.000000,,,,,7586000.000000,46676000.000000,1.000000,119773132.000000,120587000.000000,120587000.000000,0.525000,458094000.000000,0.000000,327000.000000,0.000000,3.799000
MRQ,2018-12-31,2019-01-31,2019-01-31,2019-Q2,235779000.000000,5913238111.000000,2025-03-10,-59000.000000,518113000.000000,,446011000.000000,72102000.000000,,2.257000,-3740000.000000,67467000.000000,67467000.000000,15271000.000000,-3555000.000000,2.122000,0.870000,0.000000,0.000000,0.000000,0.000000,206020000.000000,2636000.000000,0.000000,0.000000,0.000000,-3008000.000000,-372000.000000,-0.005000,-372000.000000,-3008000.000000,-3008000.000000,-0.030000,-0.030000,-0.030000,277073000.000000,,277073000.000000,5870452111.000000,-232.000000,-359.445000,11967000.000000,0.097000,1.000000,59031000.000000,0.794000,0.000000,0.000000,240414000.000000,,0.000000,272476000.000000,272476000.000000,0.000000,241040000.000000,210232000.000000,30808000.000000,24591000.000000,0.000000,14388000.000000,0.000000,0.000000,12821000.000000,-3937000.000000,-197000.000000,15707000.000000,0.000000,-3555000.000000,-3555000.000000,-3555000.000000,0.000000,0.000000,-0.048000,64213000.000000,-5182000.000000,3459000.000000,0.000000,21.342000,-210.443000,-372.077000,25762000.000000,0.000000,48.370000,24.341000,24.438000,75470000.000000,-206943000.000000,74302000.000000,74302000.000000,15071000.000000,,,,,13227000.000000,49142000.000000,1.000000,122250116.000000,122741000.000000,122741000.000000,0.605000,518113000.000000,0.000000,547000.000000,0.000000,4.221000
MRQ,2019-03-31,2019-04-30,2019-04-30,2019-Q3,234481000.000000,8480488196.000000,2025-03-10,101000.000000,537536000.000000,,456043000.000000,81493000.000000,,2.299000,-8901000.000000,54974000.000000,54974000.000000,14960000.000000,-12236000.000000,2.058000,0.876000,0.000000,0.000000,0.000000,0.000000,211542000.000000,2835000.000000,0.000000,0.000000,0.000000,-11600000.000000,-8765000.000000,-0.111000,-8765000.000000,-11600000.000000,-11600000.000000,-0.100000,-0.100000,-0.100000,286579000.000000,,286579000.000000,8413021196.000000,-295.000000,-451.948000,4582000.000000,0.037000,1.000000,64168000.000000,0.811000,0.000000,0.000000,261000000.000000,,0.000000,297762000.000000,297762000.000000,0.000000,250957000.000000,221562000.000000,29395000.000000,-12881000.000000,-823000.000000,8030000.000000,0.000000,0.000000,8030000.000000,-34394000.000000,-24670000.000000,13483000.000000,0.000000,-12236000.000000,-12236000.000000,-12236000.000000,0.000000,0.000000,-0.155000,77705000.000000,-13537000.000000,3585000.000000,0.000000,29.592000,-279.506000,-759.000000,31976000.000000,0.000000,68.310000,31.075000,31.207000,71151000.000000,-219179000.000000,79128000.000000,79128000.000000,16499000.000000,,,,,13275000.000000,61206000.000000,1.000000,124147097.000000,124672000.000000,124672000.000000,0.635000,537536000.000000,0.000000,636000.000000,0.000000,4.312000
MRQ,2019-06-30,2019-07-31,2019-07-31,2019-Q4,234137000.000000,10589530673.000000,2025-03-10,268000.000000,604162000.000000,,496086000.000000,108076000.000000,,2.442000,-10271000.000000,78484000.000000,78484000.000000,17339000.000000,-5276000.000000,1.894000,0.958000,0.000000,0.000000,0.000000,0.000000,251202000.000000,3570000.000000,0.000000,0.000000,0.000000,-6043000.000000,-2473000.000000,-0.029000,-2473000.000000,-6043000.000000,-6043000.000000,-0.040000,-0.040000,-0.040000,308558000.000000,,308558000.000000,10534556673.000000,-377.000000,-634.383000,7552000.000000,0.060000,1.000000,68769000.000000,0.799000,16187000.000000,0.000000,247542000.000000,,0.000000,286162000.000000,286162000.000000,0.000000,295604000.000000,261949000.000000,33655000.000000,23510000.000000,-10609000.000000,14084000.000000,0.000000,0.000000,14084000.000000,-8397000.000000,12483000.000000,17823000.000000,0.000000,-5276000.000000,-5276000.000000,-5276000.000000,0.000000,0.000000,-0.061000,76700000.000000,-7931000.000000,6208000.000000,0.000000,34.319000,-369.553000,-366.391000,41046000.000000,0.000000,84.270000,34.968000,34.385000,93341000.000000,-224455000.000000,86108000.000000,86108000.000000,17213000.000000,,,,,12335000.000000,59487000.000000,1.000000,125661928.000000,126332000.000000,126332000.000000,0.682000,587975000.000000,0.000000,-767000.000000,0.000000,4.654000
MRQ,2019-09-30,2019-10-31,2019-10-31,2020-Q1,222569000.000000,5605467645.000000,2025-03-10,436000.000000,636228000.000000,,488886000.000000,147342000.000000,,2.462000,-12012000.000000,69346000.000000,69346000.000000,19558000.000000,-17076000.000000,1.836000,1.026000,34238000.000000,9413000.000000,24825000.000000,34238000.000000,245869000.000000,6957000.000000,0.000000,0.000000,0.000000,-16282000.000000,-9325000.000000,-0.100000,-9325000.000000,-16282000.000000,-16282000.000000,-0.130000,-0.130000,-0.130000,314052000.000000,,314052000.000000,5526983645.000000,-150.000000,-264.007000,9417000.000000,0.074000,1.000000,74032000.000000,0.791000,15408000.000000,0.000000,319395000.000000,,0.000000,308285000.000000,308285000.000000,0.000000,322176000.000000,266317000.000000,55859000.000000,-9138000.000000,0.000000,3059000.000000,0.000000,0.000000,3059000.000000,-33626000.000000,-21614000.000000,21429000.000000,0.000000,-17076000.000000,-17076000.000000,-17076000.000000,0.000000,0.000000,-0.182000,92307000.000000,-18275000.000000,3784000.000000,0.000000,17.849000,-146.959000,-146.600000,80946000.000000,0.000000,43.980000,16.827000,16.839000,70482000.000000,-241531000.000000,93590000.000000,93590000.000000,20271000.000000,,,,,18376000.000000,72036000.000000,1.000000,127454926.000000,127548000.000000,127548000.000000,0.734000,620820000.000000,0.000000,794000.000000,0.000000,4.867000
MRQ,2019-12-31,2020-01-31,2020-01-31,2020-Q2,219479000.000000,7177133539.000000,2025-03-10,491000.000000,676425000.000000,,523142000.000000,153283000.000000,,2.486000,-7360000.000000,76534000.000000,76534000.000000,20238000.000000,-29154000.000000,1.723000,1.119000,34442000.000000,11142000.000000,23300000.000000,34442000.000000,280022000.000000,8187000.000000,0.000000,0.000000,0.000000,-28438000.000000,-20251000.000000,-0.200000,-20251000.000000,-28438000.000000,-28438000.000000,-0.230000,-0.230000,-0.230000,319164000.000000,,319164000.000000,7142025539.000000,-115.000000,-174.990000,-1929000.000000,-0.015000,1.000000,81030000.000000,0.800000,14766000.000000,0.000000,315904000.000000,,0.000000,308380000.000000,308380000.000000,0.000000,357261000.000000,303663000.000000,53598000.000000,7188000.000000,0.000000,9033000.000000,0.000000,0.000000,9033000.000000,-7276000.000000,84000.000000,5431000.000000,0.000000,-29154000.000000,-29154000.000000,-29154000.000000,0.000000,0.000000,-0.288000,111310000.000000,-30280000.000000,2675000.000000,0.000000,22.487000,-112.597000,-112.180000,84497000.000000,0.000000,56.090000,19.931000,20.001000,94784000.000000,-270685000.000000,101268000.000000,101268000.000000,20706000.000000,,,,,23866000.000000,90604000.000000,1.000000,127957453.000000,128408000.000000,128408000.000000,0.789000,661659000.000000,0.000000,716000.000000,0.000000,5.153000
MRQ,2020-03-31,2020-04-30,2020-04-30,2020-Q3,206478000.000000,8676903785.000000,2025-03-10,827000.000000,735964000.000000,,552116000.000000,183848000.000000,,2.582000,-11717000.000000,124592000.000000,124592000.000000,24579000.000000,-19337000.000000,1.597000,1.198000,40848000.000000,12939000.000000,27909000.000000,40848000.000000,300791000.000000,8845000.000000,0.000000,0.000000,0.000000,-18916000.000000,-10071000.000000,-0.091000,-10071000.000000,-18916000.000000,-18916000.000000,-0.150000,-0.150000,-0.150000,334794000.000000,,334794000.000000,8634811785.000000,-124.000000,-205.005000,9105000.000000,0.070000,1.000000,85945000.000000,0.778000,23496000.000000,0.000000,283086000.000000,,0.000000,266722000.000000,266722000.000000,0.000000,401170000.000000,345638000.000000,55532000.000000,48058000.000000,-8918000.000000,5796000.000000,0.000000,0.000000,5796000.000000,21440000.000000,42075000.000000,20822000.000000,0.000000,-19337000.000000,-19337000.000000,-19337000.000000,0.000000,0.000000,-0.175000,106459000.000000,-20514000.000000,9392000.000000,0.000000,25.917000,-122.481000,-121.964000,98425000.000000,0.000000,67.080000,22.164000,22.220000,105583000.000000,-290022000.000000,110524000.000000,110524000.000000,24117000.000000,,,,,27770000.000000,82342000.000000,1.000000,129351577.000000,129682000.000000,129682000.000000,0.852000,712468000.000000,0.000000,421000.000000,0.000000,5.494000
MRQ,2020-06-30,2020-07-31,2020-07-31,2020-Q4,1157892000.000000,16947794373.000000,2025-03-10,463000.000000,1833458000.000000,,1581793000.000000,251665000.000000,,3.682000,-20720000.000000,141851000.000000,141851000.000000,31358000.000000,-49549000.000000,3.732000,2.782000,905238000.000000,15600000.000000,889638000.000000,905238000.000000,369767000.000000,10684000.000000,0.000000,0.000000,0.000000,-44067000.000000,-33383000.000000,-0.265000,-33383000.000000,-44067000.000000,-49092000.000000,-0.380000,-0.380000,-0.380000,484829000.000000,,484829000.000000,16864050373.000000,-157.000000,-230.919000,10915000.000000,0.083000,1.000000,94529000.000000,0.751000,54083000.000000,5025000.000000,2118861000.000000,,0.000000,1228722000.000000,1228722000.000000,0.000000,1348629000.000000,423901000.000000,924728000.000000,17259000.000000,-30683000.000000,19047000.000000,985277000.000000,0.000000,1004324000.000000,-1018700000.000000,-967297000.000000,31635000.000000,0.000000,-49549000.000000,-49549000.000000,-49549000.000000,0.000000,0.000000,-0.394000,139416000.000000,-44887000.000000,5233000.000000,0.000000,34.956000,-147.224000,-145.899000,111853000.000000,0.000000,129.850000,39.298000,38.938000,147584000.000000,-339571000.000000,125887000.000000,125887000.000000,32785000.000000,,,,,51383000.000000,106631000.000000,1.000000,130518247.000000,131678000.000000,131678000.000000,0.956000,1779375000.000000,0.000000,457000.000000,0.000000,13.513000
MRQ,2020-09-30,2020-10-31,2020-10-31,2021-Q1,1163063000.000000,18042034162.000000,2025-03-10,-267000.000000,1852947000.000000,,1579525000.000000,273422000.000000,,3.688000,-11305000.000000,102016000.000000,102016000.000000,31727000.000000,-55006000.000000,3.793000,2.765000,927421000.000000,17796000.000000,909625000.000000,927421000.000000,371900000.000000,12182000.000000,0.000000,0.000000,0.000000,-41459000.000000,-29277000.000000,-0.205000,-29277000.000000,-41459000.000000,-54508000.000000,-0.410000,-0.410000,-0.410000,492105000.000000,,492105000.000000,18805421162.000000,-142.000000,-202.248000,42227000.000000,0.316000,1.000000,110851000.000000,0.777000,52506000.000000,13049000.000000,2209384000.000000,,0.000000,1313938000.000000,1313938000.000000,0.000000,1360842000.000000,416462000.000000,944380000.000000,-39835000.000000,0.000000,4519000.000000,0.000000,0.000000,4519000.000000,-97886000.000000,-86581000.000000,53532000.000000,0.000000,-55006000.000000,-55006000.000000,-55006000.000000,0.000000,0.000000,-0.386000,153518000.000000,-42667000.000000,7663000.000000,0.000000,36.663000,-117.886000,-116.026000,129562000.000000,0.000000,135.750000,37.567000,37.722000,105942000.000000,-394577000.000000,142578000.000000,142578000.000000,35770000.000000,,,,,57185000.000000,117748000.000000,1.000000,132906329.000000,133452000.000000,133452000.000000,1.068000,1800441000.000000,0.000000,498000.000000,0.000000,13.491000
MRQ,2020-12-31,2021-01-31,2021-01-31,2021-Q2,1177074000.000000,26798114442.000000,2025-03-10,472000.000000,1969417000.000000,,1678649000.000000,290768000.000000,,3.723000,-12370000.000000,95347000.000000,95347000.000000,34135000.000000,-67541000.000000,3.347000,2.918000,941167000.000000,20152000.000000,921015000.000000,941167000.000000,446817000.000000,13798000.000000,0.000000,0.000000,0.000000,-52625000.000000,-38827000.000000,-0.247000,-38827000.000000,-52625000.000000,-65870000.000000,-0.500000,-0.500000,-0.500000,502704000.000000,,502704000.000000,27623519442.000000,-176.000000,-247.616000,18034000.000000,0.134000,1.000000,122909000.000000,0.783000,50930000.000000,13245000.000000,2262732000.000000,,0.000000,1349402000.000000,1349402000.000000,0.000000,1466713000.000000,501575000.000000,965138000.000000,-6669000.000000,0.000000,15289000.000000,0.000000,0.000000,13039000.000000,-50112000.000000,-37742000.000000,30404000.000000,0.000000,-67541000.000000,-67541000.000000,-67541000.000000,0.000000,0.000000,-0.430000,176807000.000000,-53898000.000000,13170000.000000,0.000000,53.308000,-139.987000,-138.681000,136469000.000000,0.000000,199.700000,49.993000,50.303000,170412000.000000,-462118000.000000,157044000.000000,157044000.000000,41751000.000000,,,,,61380000.000000,135056000.000000,1.000000,134191860.000000,135024000.000000,135024000.000000,1.163000,1918487000.000000,0.000000,1671000.000000,0.000000,14.208000
MRQ,2021-03-31,2021-04-30,2021-04-30,2021-Q3,1140622000.000000,25507825320.000000,2025-03-10,659000.000000,2062276000.000000,,1705501000.000000,356775000.000000,,3.726000,-17587000.000000,106590000.000000,106590000.000000,38977000.000000,-58459000.000000,3.019000,3.059000,956709000.000000,20974000.000000,935735000.000000,956709000.000000,495434000.000000,15306000.000000,0.000000,0.000000,0.000000,-43186000.000000,-27880000.000000,-0.158000,-27880000.000000,-43186000.000000,-56622000.000000,-0.430000,-0.430000,-0.430000,508107000.000000,,508107000.000000,26353645320.000000,-145.000000,-203.712000,55781000.000000,0.409000,1.000000,137427000.000000,0.779000,79786000.000000,13436000.000000,2267730000.000000,,0.000000,1361019000.000000,1361019000.000000,0.000000,1554169000.000000,564879000.000000,989290000.000000,11243000.000000,-29420000.000000,2665000.000000,0.000000,0.000000,2665000.000000,-64790000.000000,-17783000.000000,73368000.000000,0.000000,-58459000.000000,-58459000.000000,-58459000.000000,0.000000,0.000000,-0.331000,181277000.000000,-43850000.000000,20172000.000000,0.000000,50.202000,-110.637000,-109.093000,156539000.000000,0.000000,187.640000,42.378000,42.517000,164923000.000000,-520577000.000000,176404000.000000,176404000.000000,40952000.000000,,,,,59973000.000000,140325000.000000,1.000000,135940233.000000,136385000.000000,136385000.000000,1.293000,1982490000.000000,0.000000,1837000.000000,0.000000,14.536000
MRQ,2021-06-30,2021-07-31,2021-07-31,2021-Q4,1128098000.000000,32316608124.000000,2025-03-10,-650000.000000,2257631000.000000,,1848303000.000000,409328000.000000,,3.838000,-17035000.000000,275898000.000000,275898000.000000,45478000.000000,-81023000.000000,2.566000,3.269000,964605000.000000,19842000.000000,944763000.000000,964605000.000000,630601000.000000,16167000.000000,0.000000,0.000000,0.000000,-66544000.000000,-50377000.000000,-0.256000,-50377000.000000,-66544000.000000,-80178000.000000,-0.590000,-0.590000,-0.590000,528895000.000000,,528895000.000000,33166727124.000000,-163.000000,-226.609000,27701000.000000,0.201000,1.000000,151596000.000000,0.769000,91106000.000000,13634000.000000,2135027000.000000,,0.000000,1226654000.000000,1226654000.000000,0.000000,1728736000.000000,720205000.000000,1008531000.000000,169308000.000000,-11110000.000000,21452000.000000,0.000000,0.000000,21452000.000000,103120000.000000,131265000.000000,44736000.000000,0.000000,-81023000.000000,-81023000.000000,-81023000.000000,0.000000,0.000000,-0.411000,218993000.000000,-67397000.000000,12547000.000000,0.000000,61.102000,-123.332000,-122.233000,152915000.000000,0.000000,235.910000,48.012000,47.544000,257109000.000000,-601600000.000000,197074000.000000,197074000.000000,56180000.000000,,,,,79997000.000000,162813000.000000,1.000000,136987021.000000,137802000.000000,137802000.000000,1.430000,2166525000.000000,0.000000,845000.000000,0.000000,15.722000
MRQ,2021-09-30,2021-10-31,2021-10-31,2022-Q1,1140136000.000000,44237354902.000000,2025-03-10,-2764000.000000,2271118000.000000,,1855436000.000000,415682000.000000,,3.806000,-9904000.000000,371696000.000000,371696000.000000,52169000.000000,-90801000.000000,2.594000,3.284000,978036000.000000,20488000.000000,957548000.000000,978036000.000000,647816000.000000,17274000.000000,0.000000,0.000000,0.000000,-74487000.000000,-57213000.000000,-0.248000,-57213000.000000,-74487000.000000,-88322000.000000,-0.650000,-0.650000,-0.650000,530199000.000000,,530199000.000000,44926061902.000000,-190.000000,-257.756000,83367000.000000,0.598000,1.000000,178348000.000000,0.774000,88880000.000000,13835000.000000,2073278000.000000,,0.000000,1212946000.000000,1212946000.000000,0.000000,1740919000.000000,715300000.000000,1025619000.000000,95798000.000000,0.000000,2644000.000000,0.000000,0.000000,2594000.000000,-67000.000000,9837000.000000,93271000.000000,0.000000,-90801000.000000,-90801000.000000,-90801000.000000,0.000000,0.000000,-0.394000,252719000.000000,-74371000.000000,14961000.000000,0.000000,83.435000,-148.535000,-146.940000,157152000.000000,0.000000,318.860000,58.128000,58.362000,172028000.000000,-692401000.000000,230517000.000000,230517000.000000,65216000.000000,,,,,89903000.000000,187503000.000000,1.000000,138735981.000000,139296000.000000,139296000.000000,1.655000,2182238000.000000,0.000000,2479000.000000,0.000000,15.666000
MRQ,2021-12-31,2022-01-31,2022-01-31,2022-Q2,1153123000.000000,36016400488.000000,2025-03-10,-9299000.000000,2422021000.000000,,1989165000.000000,432856000.000000,,3.839000,-18813000.000000,409819000.000000,409819000.000000,57783000.000000,-100420000.000000,2.379000,3.490000,989637000.000000,19665000.000000,969972000.000000,989637000.000000,759931000.000000,18599000.000000,0.000000,0.000000,0.000000,-84219000.000000,-65620000.000000,-0.257000,-65620000.000000,-84219000.000000,-98259000.000000,-0.710000,-0.710000,-0.710000,539367000.000000,,539367000.000000,36622740488.000000,-136.000000,-182.121000,29449000.000000,0.210000,1.000000,197780000.000000,0.774000,89095000.000000,14040000.000000,2076702000.000000,,0.000000,1211390000.000000,1211390000.000000,0.000000,1882654000.000000,836042000.000000,1046612000.000000,38123000.000000,-380000.000000,13736000.000000,0.000000,0.000000,13734000.000000,-23873000.000000,-4680000.000000,48262000.000000,0.000000,-100420000.000000,-100420000.000000,-100420000.000000,0.000000,0.000000,-0.393000,281712000.000000,-83932000.000000,13499000.000000,0.000000,66.775000,-108.909000,-108.029000,164032000.000000,0.000000,257.110000,41.901000,42.031000,269449000.000000,-792821000.000000,255563000.000000,255563000.000000,69195000.000000,,,,,98988000.000000,212517000.000000,1.000000,140081679.000000,140515000.000000,140515000.000000,1.819000,2332926000.000000,0.000000,2161000.000000,0.000000,16.603000
MRQ,2022-03-31,2022-04-30,2022-04-30,2022-Q3,1134469000.000000,28603641021.000000,2025-03-10,-24478000.000000,2524544000.000000,,2047045000.000000,477499000.000000,,3.759000,-33496000.000000,594893000.000000,594893000.000000,64022000.000000,-101405000.000000,2.243000,3.749000,1005206000.000000,19600000.000000,985606000.000000,1005206000.000000,818743000.000000,19247000.000000,0.000000,0.000000,0.000000,-87649000.000000,-68402000.000000,-0.238000,-68402000.000000,-87649000.000000,-101895000.000000,-0.720000,-0.720000,-0.720000,531577000.000000,,531577000.000000,29183459021.000000,-93.000000,-120.786000,43745000.000000,0.309000,1.000000,222785000.000000,0.777000,86857000.000000,14246000.000000,1935424000.000000,,0.000000,1062981000.000000,1062981000.000000,0.000000,1992967000.000000,912576000.000000,1080391000.000000,185074000.000000,0.000000,1319000.000000,0.000000,0.000000,1318000.000000,106515000.000000,140011000.000000,77241000.000000,0.000000,-101405000.000000,-101405000.000000,-101405000.000000,0.000000,0.000000,-0.354000,309382000.000000,-86597000.000000,15234000.000000,0.000000,53.809000,-76.552000,-75.933000,186877000.000000,0.000000,202.740000,29.489000,29.560000,272092000.000000,-894226000.000000,286807000.000000,286807000.000000,76578000.000000,,,,,105854000.000000,232804000.000000,1.000000,141085336.000000,141422000.000000,141422000.000000,2.028000,2437687000.000000,0.000000,-490000.000000,0.000000,17.237000
MRQ,2022-06-30,2022-07-31,2022-07-31,2022-Q4,1122200000.000000,21997229487.000000,2025-03-10,-25850000.000000,2832665000.000000,,2256647000.000000,576018000.000000,,4.027000,-28367000.000000,1013210000.000000,1013210000.000000,68308000.000000,-97652000.000000,1.989000,3.941000,1045722000.000000,26100000.000000,1019622000.000000,1045722000.000000,1021123000.000000,19972000.000000,0.000000,0.000000,0.000000,-80696000.000000,-60724000.000000,-0.191000,-60724000.000000,-80696000.000000,-95154000.000000,-0.690000,-0.690000,-0.690000,573300000.000000,,573300000.000000,22407542487.000000,-69.000000,-88.933000,74771000.000000,0.525000,1.000000,249751000.000000,0.785000,110366000.000000,14458000.000000,1620364000.000000,,0.000000,718129000.000000,718129000.000000,0.000000,2259365000.000000,1134447000.000000,1124918000.000000,418317000.000000,-24907000.000000,23893000.000000,0.000000,0.000000,23691000.000000,291488000.000000,344762000.000000,103138000.000000,0.000000,-97652000.000000,-97652000.000000,-97652000.000000,0.000000,0.000000,-0.307000,332280000.000000,-82529000.000000,26154000.000000,0.000000,38.369000,-56.363000,-55.978000,232990000.000000,0.000000,155.060000,20.163000,20.026000,399745000.000000,-991878000.000000,318059000.000000,318059000.000000,78150000.000000,,,,,114817000.000000,254130000.000000,1.000000,141862695.000000,142371000.000000,142371000.000000,2.234000,2722299000.000000,0.000000,2498000.000000,0.000000,19.121000
MRQ,2022-09-30,2022-10-31,2022-10-31,2023-Q1,1122078000.000000,22044388401.000000,2025-03-10,-37824000.000000,2835732000.000000,,2233361000.000000,602371000.000000,,3.006000,-32843000.000000,1084945000.000000,1084945000.000000,76697000.000000,-68162000.000000,2.010000,5.575000,1219253000.000000,28646000.000000,1190607000.000000,1219253000.000000,1005713000.000000,21536000.000000,0.000000,0.000000,0.000000,-62085000.000000,-40549000.000000,-0.114000,-40549000.000000,-62085000.000000,-63416000.000000,-0.480000,-0.480000,-0.480000,431275000.000000,,431275000.000000,22076900401.000000,-70.000000,-93.826000,95614000.000000,0.666000,1.000000,278851000.000000,0.784000,107814000.000000,1331000.000000,1750943000.000000,,0.000000,739845000.000000,739845000.000000,0.000000,2404457000.000000,1111283000.000000,1293174000.000000,71735000.000000,0.000000,982000.000000,0.000000,0.000000,980000.000000,-57702000.000000,-24859000.000000,128457000.000000,0.000000,-68162000.000000,-68162000.000000,-68162000.000000,0.000000,0.000000,-0.192000,347938000.000000,-69087000.000000,29717000.000000,0.000000,51.114000,-59.962000,-59.269000,259624000.000000,0.000000,154.100000,18.129000,18.183000,268718000.000000,-956201000.000000,355548000.000000,355548000.000000,74946000.000000,,,,,105173000.000000,272992000.000000,1.000000,143052488.000000,143476000.000000,143476000.000000,2.478000,2727918000.000000,0.000000,4746000.000000,0.000000,19.013000
MRQ,2022-12-31,2023-01-31,2023-01-31,2023-Q2,1212105000.000000,17905390104.000000,2025-03-10,-5037000.000000,3039956000.000000,,2416109000.000000,623847000.000000,,3.658000,-26663000.000000,1257012000.000000,1257012000.000000,87604000.000000,-57453000.000000,2.007000,4.750000,1215922000.000000,29173000.000000,1186749000.000000,1215922000.000000,1111880000.000000,23796000.000000,0.000000,0.000000,0.000000,-52428000.000000,-28632000.000000,-0.074000,-28632000.000000,-52428000.000000,-53761000.000000,-0.400000,-0.400000,-0.400000,528657000.000000,,528657000.000000,18039698104.000000,-64.000000,-90.969000,62818000.000000,0.435000,1.000000,299994000.000000,0.774000,105263000.000000,1333000.000000,1689599000.000000,,0.000000,648332000.000000,648332000.000000,0.000000,2511299000.000000,1204004000.000000,1307295000.000000,172067000.000000,0.000000,12532000.000000,0.000000,0.000000,12532000.000000,70054000.000000,96717000.000000,89481000.000000,0.000000,-57453000.000000,-57453000.000000,-57453000.000000,0.000000,0.000000,-0.148000,365232000.000000,-65238000.000000,33632000.000000,0.000000,33.870000,-55.149000,-54.218000,270316000.000000,0.000000,124.160000,13.283000,13.310000,358614000.000000,-1013654000.000000,387598000.000000,387598000.000000,85765000.000000,,,,,109738000.000000,279467000.000000,1.000000,144212227.000000,144511000.000000,144511000.000000,2.682000,2934693000.000000,0.000000,3692000.000000,0.000000,20.308000
MRQ,2023-03-31,2023-04-30,2023-04-30,2023-Q3,1238108000.000000,13075320560.000000,2025-03-10,-102000.000000,3200712000.000000,,2527250000.000000,673462000.000000,,4.137000,-34583000.000000,1275297000.000000,1275297000.000000,95849000.000000,-46046000.000000,1.960000,4.323000,1214778000.000000,31054000.000000,1183724000.000000,1214778000.000000,1175373000.000000,25835000.000000,0.000000,0.000000,0.000000,-37978000.000000,-12143000.000000,-0.029000,-12143000.000000,-37978000.000000,-39361000.000000,-0.320000,-0.320000,-0.320000,601274000.000000,,601274000.000000,13034230560.000000,-56.000000,-91.759000,73886000.000000,0.508000,1.000000,322951000.000000,0.771000,118033000.000000,1383000.000000,1733018000.000000,,0.000000,693110000.000000,693110000.000000,0.000000,2599438000.000000,1289142000.000000,1310296000.000000,18285000.000000,-15643000.000000,1090000.000000,0.000000,0.000000,1090000.000000,-91274000.000000,-41048000.000000,108469000.000000,0.000000,-46046000.000000,-46046000.000000,-46046000.000000,0.000000,0.000000,-0.110000,378697000.000000,-55746000.000000,24783000.000000,0.000000,21.746000,-48.551000,-47.672000,291327000.000000,0.000000,90.100000,8.835000,8.849000,376339000.000000,-1059700000.000000,418800000.000000,418800000.000000,92637000.000000,,,,,107819000.000000,279759000.000000,1.000000,145120095.000000,145354000.000000,145354000.000000,2.881000,3082679000.000000,0.000000,6685000.000000,0.000000,21.208000
MRQ,2023-06-30,2023-07-31,2023-07-31,2023-Q4,1354446000.000000,23398025524.000000,2025-03-10,-1576000.000000,3608317000.000000,,2890314000.000000,718003000.000000,,4.952000,-34635000.000000,1262206000.000000,1262206000.000000,102682000.000000,-30674000.000000,1.882000,3.976000,1210545000.000000,34469000.000000,1176076000.000000,1210545000.000000,1439676000.000000,27861000.000000,0.000000,0.000000,0.000000,-23532000.000000,4329000.000000,0.010000,4329000.000000,-23532000.000000,-26026000.000000,-0.210000,-0.210000,-0.210000,725112000.000000,,725112000.000000,23337506524.000000,-133.000000,-303.104000,101301000.000000,0.692000,1.000000,352324000.000000,0.774000,115051000.000000,2494000.000000,1905737000.000000,,0.000000,838026000.000000,838026000.000000,0.000000,2883205000.000000,1535868000.000000,1347337000.000000,-13091000.000000,0.000000,31603000.000000,0.000000,0.000000,31388000.000000,-180415000.000000,-145780000.000000,135936000.000000,0.000000,-30674000.000000,-30674000.000000,-30674000.000000,0.000000,0.000000,-0.067000,396876000.000000,-44552000.000000,18481000.000000,0.000000,32.268000,-115.640000,-114.557000,313026000.000000,0.000000,160.380000,14.470000,14.376000,582636000.000000,-1090374000.000000,455006000.000000,455006000.000000,96387000.000000,,,,,122104000.000000,299190000.000000,1.000000,145891168.000000,146442000.000000,146442000.000000,3.107000,3493266000.000000,0.000000,4648000.000000,0.000000,23.854000
MRQ,2023-09-30,2023-10-31,2023-10-31,2024-Q1,1417172000.000000,23354212587.000000,2025-03-10,-17955000.000000,3635584000.000000,,2891590000.000000,743994000.000000,,5.470000,-36088000.000000,1361723000.000000,1361723000.000000,111394000.000000,-33483000.000000,1.961000,3.502000,1215770000.000000,38138000.000000,1177632000.000000,1215770000.000000,1399544000.000000,26901000.000000,0.000000,0.000000,0.000000,-21327000.000000,5574000.000000,0.011000,5574000.000000,-21327000.000000,-24486000.000000,-0.230000,-0.230000,-0.230000,807525000.000000,,807525000.000000,23302551587.000000,-172.000000,-754.812000,224718000.000000,1.522000,1.000000,385309000.000000,0.776000,118038000.000000,3159000.000000,1897175000.000000,,0.000000,962681000.000000,962681000.000000,0.000000,2828059000.000000,1474418000.000000,1353641000.000000,99517000.000000,-4377000.000000,1256000.000000,0.000000,0.000000,1256000.000000,-162545000.000000,-122080000.000000,260806000.000000,0.000000,-33483000.000000,-33483000.000000,-33483000.000000,0.000000,0.000000,-0.067000,431366000.000000,-46057000.000000,23234000.000000,0.000000,28.921000,-139.298000,-136.802000,342729000.000000,0.000000,158.690000,13.284000,13.325000,366843000.000000,-1123857000.000000,496703000.000000,496703000.000000,113539000.000000,,,,,129138000.000000,317827000.000000,1.000000,147168773.000000,147625000.000000,147625000.000000,3.365000,3517546000.000000,0.000000,8997000.000000,0.000000,23.828000
MRQ,2023-12-31,2024-01-31,2024-01-31,2024-Q2,1558803000.000000,34957742983.000000,2025-03-10,-3009000.000000,3934226000.000000,,3142708000.000000,791518000.000000,,6.437000,-41281000.000000,1438586000.000000,1438586000.000000,117199000.000000,-28469000.000000,1.984000,3.103000,1233690000.000000,44773000.000000,1188917000.000000,1233690000.000000,1502175000.000000,30212000.000000,0.000000,0.000000,0.000000,-16900000.000000,13312000.000000,0.025000,13312000.000000,-16900000.000000,-20505000.000000,-0.190000,-0.190000,-0.190000,958856000.000000,,958856000.000000,34811789983.000000,-349.000000,3144.128000,100788000.000000,0.677000,1.000000,407800000.000000,0.777000,114955000.000000,3605000.000000,2030470000.000000,,0.000000,1021218000.000000,1021218000.000000,0.000000,2975370000.000000,1583905000.000000,1391465000.000000,76863000.000000,0.000000,20999000.000000,0.000000,0.000000,20999000.000000,-86205000.000000,-44924000.000000,142069000.000000,0.000000,-28469000.000000,-28469000.000000,-28469000.000000,0.000000,0.000000,-0.054000,453257000.000000,-45457000.000000,17137000.000000,0.000000,36.458000,-252.089000,-248.074000,382299000.000000,0.000000,235.670000,18.442000,18.519000,479611000.000000,-1152326000.000000,524999000.000000,524999000.000000,122181000.000000,,,,,140432000.000000,331076000.000000,1.000000,148333445.000000,148951000.000000,148951000.000000,3.525000,3819271000.000000,0.000000,7964000.000000,0.000000,25.641000
MRQ,2024-03-31,2024-04-30,2024-04-30,2024-Q3,1268693000.000000,25916438369.000000,2025-03-10,-15675000.000000,4198751000.000000,,2970014000.000000,1228737000.000000,,7.274000,-50288000.000000,1259197000.000000,1259197000.000000,118331000.000000,19124000.000000,1.746000,2.841000,1235441000.000000,50857000.000000,1184584000.000000,1235441000.000000,1577014000.000000,34333000.000000,0.000000,0.000000,0.000000,23630000.000000,57963000.000000,0.105000,57963000.000000,23630000.000000,20866000.000000,0.130000,0.120000,0.130000,1093139000.000000,,1093139000.000000,25711542369.000000,-674.000000,316.730000,123126000.000000,0.819000,1.000000,434870000.000000,0.786000,485988000.000000,2764000.000000,1987686000.000000,,0.000000,980802000.000000,980802000.000000,0.000000,3105612000.000000,1701321000.000000,1404291000.000000,-179389000.000000,-357404000.000000,7439000.000000,0.000000,0.000000,7439000.000000,-360242000.000000,47450000.000000,173414000.000000,0.000000,19124000.000000,19124000.000000,19124000.000000,0.000000,0.000000,0.035000,437883000.000000,-3013000.000000,28030000.000000,0.000000,23.708000,-352.595000,-345.880000,423119000.000000,0.000000,172.940000,12.767000,12.804000,506284000.000000,-1133202000.000000,553201000.000000,553201000.000000,124958000.000000,,,,,113236000.000000,312925000.000000,1.000000,149857976.000000,150290000.000000,154081000.000000,3.681000,3712763000.000000,0.000000,1742000.000000,0.000000,24.704000
MRQ,2024-06-30,2024-07-31,2024-07-31,2024-Q4,283730000.000000,27108588753.000000,2025-03-10,-4789000.000000,4704968000.000000,,3396617000.000000,1308351000.000000,,8.409000,-67239000.000000,1423080000.000000,1423080000.000000,130205000.000000,-14878000.000000,1.091000,2.693000,1237965000.000000,1193141000.000000,44824000.000000,1237965000.000000,1894974000.000000,38931000.000000,0.000000,0.000000,0.000000,-1500000.000000,37431000.000000,0.063000,37431000.000000,-1500000.000000,-5104000.000000,-0.100000,-0.100000,-0.100000,1274102000.000000,,1274102000.000000,27084832753.000000,-1683.000000,237.004000,136318000.000000,0.900000,1.000000,462663000.000000,0.780000,480864000.000000,3604000.000000,926102000.000000,,0.000000,986574000.000000,986574000.000000,0.000000,3430866000.000000,3112887000.000000,317979000.000000,163883000.000000,-12921000.000000,34553000.000000,0.000000,0.000000,34514000.000000,-74188000.000000,5972000.000000,203557000.000000,0.000000,-14878000.000000,-14878000.000000,-14878000.000000,0.000000,0.000000,-0.025000,489613000.000000,-26950000.000000,23309000.000000,0.000000,21.277000,-469.771000,-459.872000,472879000.000000,0.000000,179.350000,12.505000,12.376000,736529000.000000,-1148080000.000000,592868000.000000,592868000.000000,139150000.000000,,,,,144870000.000000,350463000.000000,1.000000,151149087.000000,151509000.000000,151509000.000000,3.913000,4224104000.000000,0.000000,9774000.000000,0.000000,27.880000
MRQ,2024-09-30,2024-10-31,2024-10-31,2025-Q1,430170000.000000,27568668004.000000,2025-03-10,-4487000.000000,4709002000.000000,,3393780000.000000,1315222000.000000,,9.364000,-39454000.000000,1553645000.000000,1553645000.000000,141462000.000000,-12051000.000000,1.145000,2.296000,1237337000.000000,1195399000.000000,41938000.000000,1237337000.000000,1783720000.000000,41320000.000000,0.000000,0.000000,0.000000,-1271000.000000,40049000.000000,0.064000,40049000.000000,-1271000.000000,-4414000.000000,-0.080000,-0.080000,-0.080000,1428545000.000000,,1428545000.000000,27383553004.000000,6917.000000,184.085000,291881000.000000,1.913000,1.000000,486493000.000000,0.775000,476624000.000000,3143000.000000,952460000.000000,,0.000000,1154252000.000000,1154252000.000000,0.000000,3280457000.000000,2963610000.000000,316847000.000000,130565000.000000,0.000000,890000.000000,0.000000,0.000000,890000.000000,-201660000.000000,-162206000.000000,331335000.000000,0.000000,-12051000.000000,-12051000.000000,-12051000.000000,0.000000,0.000000,-0.019000,517160000.000000,-30667000.000000,25368000.000000,0.000000,19.298000,-760.012000,-753.292000,493096000.000000,0.000000,180.790000,11.991000,11.997000,424573000.000000,-1160131000.000000,627955000.000000,627955000.000000,154254000.000000,,,,,157178000.000000,362906000.000000,1.000000,152490005.000000,152557000.000000,152557000.000000,4.116000,4232378000.000000,0.000000,7637000.000000,0.000000,27.743000
MRQ,2024-12-31,2025-01-31,2025-01-31,2025-Q2,616340000.000000,31085130634.000000,2025-03-10,-22304000.000000,5005968000.000000,,3665206000.000000,1340762000.000000,,10.460000,-36005000.000000,1758506000.000000,1758506000.000000,148498000.000000,-7724000.000000,1.202000,2.114000,1238342000.000000,1197430000.000000,40912000.000000,1238342000.000000,1878505000.000000,44641000.000000,0.000000,0.000000,0.000000,-14198000.000000,30443000.000000,0.047000,30443000.000000,-14198000.000000,-16537000.000000,-0.050000,-0.050000,-0.050000,1607346000.000000,,1607346000.000000,30768822634.000000,4619.000000,185.482000,143428000.000000,0.933000,1.000000,499402000.000000,0.771000,473388000.000000,2339000.000000,963550000.000000,,0.000000,1121734000.000000,1121734000.000000,0.000000,3398622000.000000,3048866000.000000,349756000.000000,204861000.000000,-834000.000000,24910000.000000,0.000000,0.000000,24910000.000000,518000.000000,37357000.000000,179433000.000000,0.000000,-7724000.000000,-7724000.000000,-7724000.000000,0.000000,0.000000,-0.012000,539542000.000000,-40140000.000000,24600000.000000,0.000000,19.339000,-2001.747000,-2025.900000,506018000.000000,0.000000,202.590000,12.835000,12.854000,514314000.000000,-1167855000.000000,647900000.000000,647900000.000000,170860000.000000,,,,,172117000.000000,368682000.000000,1.000000,153438623.000000,153672000.000000,153672000.000000,4.216000,4532580000.000000,0.000000,-8813000.000000,0.000000,29.495000
MRT,2015-06-30,2015-07-31,2015-07-31,2015-Q4,,,2025-03-10,,,,,,,,-6705000.000000,,,14431000.000000,-12832000.000000,,,,,,,,2854000.000000,,,0.000000,-12599000.000000,-9745000.000000,-0.181000,-9745000.000000,-12599000.000000,-12599000.000000,-0.550000,-0.550000,-0.550000,,,,,,,-9984000.000000,-0.425000,1.000000,39276000.000000,0.731000,,0.000000,,,,,,,,,,81741000.000000,0.000000,551000.000000,0.000000,0.000000,85615000.000000,-595000.000000,6110000.000000,-3279000.000000,0.000000,-12832000.000000,-12979000.000000,-12979000.000000,0.000000,0.000000,-0.242000,51694000.000000,-12418000.000000,,0.000000,,,,,147000.000000,,,,,,53707000.000000,53707000.000000,15034000.000000,,,,-0.235000,1561000.000000,36660000.000000,1.000000,,23519000.000000,23519000.000000,2.284000,,,233000.000000,,
MRT,2016-06-30,2016-07-31,2016-07-31,2016-Q4,49157000.000000,,2025-03-10,0.000000,153518000.000000,,127054000.000000,26464000.000000,,-4.703000,-6247000.000000,92842000.000000,92842000.000000,20127000.000000,-27438000.000000,1.631000,-0.696000,0.000000,0.000000,0.000000,0.000000,65913000.000000,4872000.000000,0.000000,,0.000000,-26970000.000000,-22098000.000000,-0.275000,-22098000.000000,-26970000.000000,-26970000.000000,-1.360000,-1.360000,-1.360000,-124740000.000000,,-124740000.000000,,,,-18163000.000000,-0.685000,1.000000,60198000.000000,0.749000,0.000000,0.000000,-17221000.000000,,0.000000,0.000000,0.000000,0.000000,86851000.000000,77897000.000000,8954000.000000,9000000.000000,0.000000,1773000.000000,0.000000,0.000000,27563000.000000,-6647000.000000,0.000000,-11916000.000000,0.000000,-27438000.000000,-36086000.000000,-36086000.000000,0.000000,0.000000,-0.449000,87041000.000000,-26843000.000000,1406000.000000,0.000000,,,,11108000.000000,8648000.000000,,,,24489000.000000,-126556000.000000,80325000.000000,80325000.000000,20940000.000000,,,,-0.336000,3617000.000000,66101000.000000,1.000000,,26521000.000000,26521000.000000,3.029000,153518000.000000,0.000000,468000.000000,0.000000,5.789000
MRT,2017-03-31,2017-04-30,2017-04-30,2017-Q3,,,2025-03-10,,,,,,,,,,,,,,,,,,,,,,,0.000000,,,,,,,,,,,,,,,,,,1.000000,,,,,,,,,,,,,,,,,,,,,,,,,,,,,,,,,,,,,,,,,,,,,,,,,,,,,1.000000,,29583000.000000,,,,,,,
MRT,2017-06-30,2017-07-31,2017-07-31,2017-Q4,22450000.000000,,2025-03-10,0.000000,182902000.000000,168210000.000000,142909000.000000,39993000.000000,0.747000,-5.172000,-8174000.000000,87978000.000000,87978000.000000,27472000.000000,-35460000.000000,1.186000,-0.880000,0.000000,0.000000,0.000000,0.000000,96619000.000000,6840000.000000,0.000000,,0.000000,-34583000.000000,-27743000.000000,-0.221000,-27743000.000000,-34583000.000000,-34583000.000000,-1.540000,-1.540000,-1.540000,-151142000.000000,-137941000.000000,-151142000.000000,,,,-14193000.000000,-0.486000,1.000000,98245000.000000,0.781000,0.000000,0.000000,-25535000.000000,-21378000.000000,0.000000,0.000000,0.000000,0.000000,133067000.000000,120459000.000000,12608000.000000,-4696000.000000,0.000000,7672000.000000,0.000000,0.000000,9497000.000000,-8174000.000000,0.000000,-6019000.000000,0.000000,-35460000.000000,-45030000.000000,-45030000.000000,0.000000,0.000000,-0.358000,133318000.000000,-35073000.000000,3763000.000000,0.000000,,,,13139000.000000,9570000.000000,,,,39052000.000000,-162016000.000000,125717000.000000,125717000.000000,33561000.000000,-0.268000,0.326000,1.618000,-0.275000,9919000.000000,99757000.000000,1.000000,,29221000.000000,29221000.000000,4.302000,182902000.000000,0.000000,877000.000000,0.000000,6.259000
MRT,2017-09-30,2017-10-31,2017-10-31,2018-Q1,,,2025-03-10,,,,,,,,,,,,,,,,,,,,,,,0.000000,,,,,,,,,,,,,,,,,,1.000000,,,,,,,,,,,,,,,,,,,,,,,,,,,,,,,,,,,,,,,,,,,,,,,,,,,,,1.000000,,30793000.000000,,,,,,,
MRT,2017-12-31,2018-01-31,2018-01-31,2018-Q2,1758000.000000,,2025-03-10,0.000000,188172000.000000,,138130000.000000,50042000.000000,,-5.315000,-11756000.000000,71569000.000000,71569000.000000,31981000.000000,-38744000.000000,1.013000,-0.893000,0.000000,0.000000,0.000000,0.000000,119257000.000000,7479000.000000,0.000000,,0.000000,-37588000.000000,-30109000.000000,-0.195000,-30109000.000000,-37588000.000000,-37588000.000000,-1.610000,-1.610000,-1.610000,-167058000.000000,,-167058000.000000,,,,-20689000.000000,-0.658000,1.000000,122364000.000000,0.793000,0.000000,0.000000,-19769000.000000,,0.000000,0.000000,0.000000,0.000000,149144000.000000,136372000.000000,12772000.000000,-15519000.000000,0.000000,6636000.000000,0.000000,0.000000,5170000.000000,-11756000.000000,0.000000,-8933000.000000,0.000000,-38744000.000000,-48690000.000000,-48690000.000000,0.000000,0.000000,-0.315000,160655000.000000,-38291000.000000,2343000.000000,0.000000,,,,16858000.000000,9946000.000000,,,,47536000.000000,-180367000.000000,154345000.000000,154345000.000000,34379000.000000,,,,-0.244000,6966000.000000,126276000.000000,1.000000,117331507.000000,31434000.000000,31434000.000000,4.910000,188172000.000000,0.000000,1156000.000000,0.000000,5.986000
MRT,2018-03-31,2018-04-30,2018-04-30,2018-Q3,203256000.000000,3507038744.000000,2025-03-10,0.000000,405538000.000000,,350447000.000000,55091000.000000,,3.294000,-14169000.000000,287443000.000000,287443000.000000,34408000.000000,-39953000.000000,2.381000,0.668000,0.000000,0.000000,0.000000,0.000000,124806000.000000,7675000.000000,0.000000,0.000000,0.000000,-38624000.000000,-30949000.000000,-0.181000,-30949000.000000,-38624000.000000,-38624000.000000,-1.410000,-1.410000,-1.410000,243192000.000000,,243192000.000000,3435469744.000000,-89.000000,-111.004000,-15228000.000000,-0.206000,1.000000,136136000.000000,0.798000,0.000000,0.000000,-29096000.000000,,0.000000,0.000000,0.000000,0.000000,162346000.000000,147191000.000000,15155000.000000,200246000.000000,0.000000,213725000.000000,0.000000,0.000000,215474000.000000,-14169000.000000,0.000000,-1059000.000000,0.000000,-39953000.000000,-48767000.000000,-48767000.000000,0.000000,0.000000,-0.286000,175890000.000000,-39754000.000000,4944000.000000,0.000000,14.421000,-71.914000,-21.199000,20441000.000000,8814000.000000,29.890000,20.564000,12.938000,40215000.000000,-189138000.000000,170544000.000000,170544000.000000,36508000.000000,,,,-0.226000,8689000.000000,139382000.000000,1.000000,117331507.000000,73818000.000000,73818000.000000,2.310000,405538000.000000,0.000000,1329000.000000,0.000000,5.494000
MRT,2018-06-30,2018-07-31,2018-07-31,2018-Q4,204332000.000000,4223313354.000000,2025-03-10,-124000.000000,447781000.000000,315341500.000000,387164000.000000,60617000.000000,0.603000,3.761000,-15170000.000000,135579000.000000,135579000.000000,37875000.000000,-33646000.000000,2.118000,0.864000,0.000000,0.000000,0.000000,0.000000,164023000.000000,7988000.000000,0.000000,0.000000,0.000000,-32309000.000000,-24321000.000000,-0.128000,-24321000.000000,-32309000.000000,-32309000.000000,-0.630000,-0.630000,-0.630000,240236000.000000,44547000.000000,240236000.000000,3935870354.000000,-122.000000,-161.830000,2137000.000000,0.033000,1.000000,152299000.000000,0.801000,0.000000,0.000000,129370000.000000,51917500.000000,0.000000,162960000.000000,162960000.000000,0.000000,207545000.000000,182832000.000000,24713000.000000,47601000.000000,0.000000,207387000.000000,0.000000,0.000000,208397000.000000,-178103000.000000,-162933000.000000,17307000.000000,0.000000,-33646000.000000,-39978000.000000,-39978000.000000,0.000000,0.000000,-0.210000,186923000.000000,-34624000.000000,4895000.000000,0.000000,17.580000,-105.641000,-56.048000,19765000.000000,6332000.000000,35.310000,22.208000,11.861000,61611000.000000,-196100000.000000,190174000.000000,190174000.000000,39379000.000000,-0.127000,-0.897000,-0.622000,-0.170000,11224000.000000,147544000.000000,1.000000,119606722.000000,63881000.000000,63881000.000000,2.977000,447781000.000000,0.000000,1337000.000000,0.000000,7.010000
MRT,2018-09-30,2018-10-31,2018-10-31,2019-Q1,207699000.000000,4346566960.000000,2025-03-10,-317000.000000,458094000.000000,374896250.000000,391604000.000000,66490000.000000,0.570000,2.091000,-16396000.000000,42786000.000000,42786000.000000,41703000.000000,-29836000.000000,2.129000,0.817000,0.000000,0.000000,0.000000,0.000000,165279000.000000,8332000.000000,0.000000,0.000000,0.000000,-28461000.000000,-20129000.000000,-0.094000,-20129000.000000,-28461000.000000,-28461000.000000,-0.390000,-0.390000,-0.390000,252178000.000000,142137000.000000,252178000.000000,4210987960.000000,-148.000000,-209.200000,16277000.000000,0.135000,1.000000,171908000.000000,0.805000,0.000000,0.000000,231403000.000000,77977000.000000,0.000000,271254000.000000,271254000.000000,0.000000,205916000.000000,183905000.000000,22011000.000000,-33064000.000000,0.000000,219040000.000000,0.000000,0.000000,223168000.000000,-288905000.000000,-271029000.000000,32673000.000000,0.000000,-29836000.000000,-33638000.000000,-33638000.000000,0.000000,0.000000,-0.157000,203918000.000000,-32010000.000000,4573000.000000,0.000000,17.236000,-129.216000,-93.051000,24132000.000000,3802000.000000,36.290000,20.348000,20.486000,49228000.000000,-203388000.000000,213611000.000000,213611000.000000,43756000.000000,-0.090000,-0.237000,-0.365000,-0.133000,17077000.000000,160162000.000000,1.000000,119773132.000000,120587000.000000,120587000.000000,1.771000,458094000.000000,0.000000,1375000.000000,0.000000,3.799000
MRT,2018-12-31,2019-01-31,2019-01-31,2019-Q2,235779000.000000,5913238111.000000,2025-03-10,-59000.000000,518113000.000000,457381500.000000,446011000.000000,72102000.000000,0.531000,2.257000,-16685000.000000,67467000.000000,67467000.000000,48295000.000000,-26876000.000000,2.122000,0.870000,0.000000,0.000000,0.000000,0.000000,206020000.000000,8979000.000000,0.000000,0.000000,0.000000,-25311000.000000,-16332000.000000,-0.067000,-16332000.000000,-25311000.000000,-25311000.000000,-0.130000,-0.130000,-0.130000,277073000.000000,253169750.000000,277073000.000000,5870452111.000000,-232.000000,-359.445000,32811000.000000,0.267000,1.000000,194642000.000000,0.801000,0.000000,0.000000,240414000.000000,143022750.000000,0.000000,272476000.000000,272476000.000000,0.000000,241040000.000000,210232000.000000,30808000.000000,-4282000.000000,0.000000,231599000.000000,0.000000,0.000000,235613000.000000,-289391000.000000,-271226000.000000,49496000.000000,0.000000,-26876000.000000,-28099000.000000,-28099000.000000,0.000000,0.000000,-0.116000,225435000.000000,-30793000.000000,3459000.000000,0.000000,21.342000,-210.443000,-372.077000,25762000.000000,1223000.000000,48.370000,24.341000,24.438000,75470000.000000,-206943000.000000,242937000.000000,242937000.000000,49644000.000000,-0.061000,-0.111000,-0.177000,-0.104000,28240000.000000,175791000.000000,1.000000,122250116.000000,122741000.000000,122741000.000000,1.979000,518113000.000000,0.000000,1565000.000000,0.000000,4.221000
MRT,2019-03-31,2019-04-30,2019-04-30,2019-Q3,234481000.000000,8480488196.000000,2025-03-10,101000.000000,537536000.000000,490381000.000000,456043000.000000,81493000.000000,0.557000,2.299000,-21149000.000000,54974000.000000,54974000.000000,53831000.000000,-30341000.000000,2.058000,0.876000,0.000000,0.000000,0.000000,0.000000,211542000.000000,9882000.000000,0.000000,0.000000,0.000000,-28497000.000000,-18615000.000000,-0.068000,-18615000.000000,-28497000.000000,-28497000.000000,-0.090000,-0.090000,-0.090000,286579000.000000,264016500.000000,286579000.000000,8413021196.000000,-295.000000,-451.948000,33713000.000000,0.270000,1.000000,219071000.000000,0.803000,0.000000,0.000000,261000000.000000,215546750.000000,0.000000,297762000.000000,297762000.000000,0.000000,250957000.000000,221562000.000000,29395000.000000,-233037000.000000,-823000.000000,32111000.000000,0.000000,0.000000,31449000.000000,-319348000.000000,-295896000.000000,54862000.000000,0.000000,-30341000.000000,-30341000.000000,-30341000.000000,0.000000,0.000000,-0.111000,254377000.000000,-35306000.000000,3585000.000000,0.000000,29.592000,-279.506000,-759.000000,31976000.000000,0.000000,68.310000,31.075000,31.207000,71151000.000000,-219179000.000000,272902000.000000,272902000.000000,56236000.000000,-0.062000,-0.115000,-0.132000,-0.104000,38206000.000000,198141000.000000,1.000000,124147097.000000,124672000.000000,124672000.000000,2.189000,537536000.000000,0.000000,1844000.000000,0.000000,4.312000
MRT,2019-06-30,2019-07-31,2019-07-31,2019-Q4,234137000.000000,10589530673.000000,2025-03-10,268000.000000,604162000.000000,529476250.000000,496086000.000000,108076000.000000,0.572000,2.497000,-28682000.000000,78484000.000000,78484000.000000,59669000.000000,-28655000.000000,1.894000,0.958000,0.000000,0.000000,0.000000,0.000000,251202000.000000,11306000.000000,0.000000,0.000000,0.000000,-27912000.000000,-16606000.000000,-0.055000,-16606000.000000,-27912000.000000,-27912000.000000,-0.230000,-0.230000,-0.230000,308558000.000000,281097000.000000,308558000.000000,10534556673.000000,-377.000000,-634.383000,29345000.000000,0.237000,1.000000,243167000.000000,0.803000,16187000.000000,0.000000,247542000.000000,245089750.000000,0.000000,286162000.000000,286162000.000000,0.000000,295604000.000000,261949000.000000,33655000.000000,-57663000.000000,-11432000.000000,46276000.000000,0.000000,0.000000,46384000.000000,-162074000.000000,-120480000.000000,58027000.000000,0.000000,-28655000.000000,-28655000.000000,-28655000.000000,0.000000,0.000000,-0.095000,278480000.000000,-35313000.000000,6208000.000000,0.000000,34.319000,-369.553000,-366.391000,41046000.000000,0.000000,84.270000,34.968000,34.385000,93341000.000000,-224455000.000000,302836000.000000,302836000.000000,61969000.000000,-0.054000,-0.102000,-0.114000,-0.092000,46423000.000000,216511000.000000,1.000000,125661928.000000,123566000.000000,123566000.000000,2.451000,587975000.000000,0.000000,743000.000000,0.000000,4.758000
MRT,2019-09-30,2019-10-31,2019-10-31,2020-Q1,222569000.000000,5605467645.000000,2025-03-10,436000.000000,636228000.000000,574009750.000000,488886000.000000,147342000.000000,0.580000,2.462000,-34924000.000000,69346000.000000,69346000.000000,67128000.000000,-38143000.000000,1.836000,1.026000,34238000.000000,9413000.000000,24825000.000000,34238000.000000,245869000.000000,15998000.000000,0.000000,0.000000,0.000000,-36933000.000000,-20935000.000000,-0.063000,-20935000.000000,-36933000.000000,-36933000.000000,-0.300000,-0.300000,-0.300000,314052000.000000,296565500.000000,314052000.000000,5526983645.000000,-150.000000,-264.007000,33518000.000000,0.263000,1.000000,266000000.000000,0.798000,15408000.000000,0.000000,319395000.000000,267087750.000000,0.000000,308285000.000000,308285000.000000,0.000000,322176000.000000,266317000.000000,55859000.000000,26082000.000000,-11432000.000000,39561000.000000,0.000000,0.000000,37994000.000000,-80354000.000000,-33998000.000000,68442000.000000,0.000000,-38143000.000000,-38143000.000000,-38143000.000000,0.000000,0.000000,-0.114000,310925000.000000,-44925000.000000,3784000.000000,0.000000,17.849000,-146.959000,-146.600000,80946000.000000,0.000000,43.980000,16.827000,16.839000,70482000.000000,-241531000.000000,333128000.000000,333128000.000000,69054000.000000,-0.066000,-0.129000,-0.138000,-0.111000,57213000.000000,241871000.000000,1.000000,127454926.000000,127548000.000000,127548000.000000,2.612000,620820000.000000,0.000000,1210000.000000,0.000000,4.867000
MRT,2019-12-31,2020-01-31,2020-01-31,2020-Q2,219479000.000000,7177133539.000000,2025-03-10,491000.000000,676425000.000000,613587750.000000,523142000.000000,153283000.000000,0.587000,2.486000,-38544000.000000,76534000.000000,76534000.000000,72095000.000000,-63742000.000000,1.723000,1.119000,34442000.000000,11142000.000000,23300000.000000,34442000.000000,280022000.000000,21549000.000000,0.000000,0.000000,0.000000,-62363000.000000,-40814000.000000,-0.113000,-40814000.000000,-62363000.000000,-62363000.000000,-0.500000,-0.500000,-0.500000,319164000.000000,307088250.000000,319164000.000000,7142025539.000000,-115.000000,-174.990000,19622000.000000,0.153000,1.000000,287999000.000000,0.800000,14766000.000000,0.000000,315904000.000000,285960250.000000,0.000000,308380000.000000,308380000.000000,0.000000,357261000.000000,303663000.000000,53598000.000000,8679000.000000,-11432000.000000,34206000.000000,0.000000,0.000000,34206000.000000,-83693000.000000,-33717000.000000,58166000.000000,0.000000,-63742000.000000,-63742000.000000,-63742000.000000,0.000000,0.000000,-0.177000,358022000.000000,-70023000.000000,2675000.000000,0.000000,22.487000,-112.597000,-112.180000,84497000.000000,0.000000,56.090000,19.931000,20.001000,94784000.000000,-270685000.000000,360094000.000000,360094000.000000,74689000.000000,-0.104000,-0.208000,-0.218000,-0.173000,67852000.000000,283333000.000000,1.000000,127957453.000000,128408000.000000,128408000.000000,2.804000,661659000.000000,0.000000,1379000.000000,0.000000,5.153000
MRT,2020-03-31,2020-04-30,2020-04-30,2020-Q3,206478000.000000,8676903785.000000,2025-03-10,827000.000000,735964000.000000,663194750.000000,552116000.000000,183848000.000000,0.590000,2.582000,-41360000.000000,124592000.000000,124592000.000000,81714000.000000,-70843000.000000,1.597000,1.198000,40848000.000000,12939000.000000,27909000.000000,40848000.000000,300791000.000000,27559000.000000,0.000000,0.000000,0.000000,-69679000.000000,-42120000.000000,-0.108000,-42120000.000000,-69679000.000000,-69679000.000000,-0.550000,-0.550000,-0.550000,334794000.000000,319142000.000000,334794000.000000,8634811785.000000,-124.000000,-205.005000,24145000.000000,0.186000,1.000000,309776000.000000,0.791000,23496000.000000,0.000000,283086000.000000,291481750.000000,0.000000,266722000.000000,266722000.000000,0.000000,401170000.000000,345638000.000000,55532000.000000,69618000.000000,-19527000.000000,31972000.000000,0.000000,0.000000,31972000.000000,-27859000.000000,33028000.000000,65505000.000000,0.000000,-70843000.000000,-70843000.000000,-70843000.000000,0.000000,0.000000,-0.181000,386776000.000000,-77000000.000000,9392000.000000,0.000000,25.917000,-122.481000,-121.964000,98425000.000000,0.000000,67.080000,22.164000,22.220000,105583000.000000,-290022000.000000,391490000.000000,391490000.000000,82307000.000000,-0.107000,-0.222000,-0.239000,-0.178000,82347000.000000,304469000.000000,1.000000,129351577.000000,129682000.000000,129682000.000000,3.019000,712468000.000000,0.000000,1164000.000000,0.000000,5.494000
MRT,2020-06-30,2020-07-31,2020-07-31,2020-Q4,1157892000.000000,16947794373.000000,2025-03-10,463000.000000,1833458000.000000,970518750.000000,1581793000.000000,251665000.000000,0.444000,3.749000,-51809000.000000,141851000.000000,141851000.000000,95733000.000000,-115116000.000000,3.732000,2.782000,905238000.000000,15600000.000000,889638000.000000,905238000.000000,369767000.000000,34673000.000000,0.000000,0.000000,0.000000,-107703000.000000,-73030000.000000,-0.169000,-73030000.000000,-107703000.000000,-112728000.000000,-0.890000,-0.890000,-0.890000,484829000.000000,363209750.000000,484829000.000000,16864050373.000000,-157.000000,-230.919000,27508000.000000,0.213000,1.000000,335536000.000000,0.778000,54083000.000000,5025000.000000,2118861000.000000,759311500.000000,0.000000,1228722000.000000,1228722000.000000,0.000000,1348629000.000000,423901000.000000,924728000.000000,63367000.000000,-39601000.000000,36935000.000000,985277000.000000,0.000000,1022212000.000000,-1038162000.000000,-946752000.000000,79317000.000000,0.000000,-115116000.000000,-115116000.000000,-115116000.000000,0.000000,0.000000,-0.267000,449492000.000000,-113956000.000000,5233000.000000,0.000000,34.956000,-147.224000,-145.899000,111853000.000000,0.000000,129.850000,39.298000,38.938000,147584000.000000,-339571000.000000,431269000.000000,431269000.000000,97879000.000000,-0.119000,-0.317000,-0.142000,-0.250000,121395000.000000,351613000.000000,1.000000,130518247.000000,129323000.000000,129323000.000000,3.335000,1779375000.000000,0.000000,2388000.000000,0.000000,13.759000
MRT,2020-09-30,2020-10-31,2020-10-31,2021-Q1,1163063000.000000,18042034162.000000,2025-03-10,-267000.000000,1852947000.000000,1274698500.000000,1579525000.000000,273422000.000000,0.377000,3.688000,-51102000.000000,102016000.000000,102016000.000000,107902000.000000,-153046000.000000,3.793000,2.765000,927421000.000000,17796000.000000,909625000.000000,927421000.000000,371900000.000000,39898000.000000,0.000000,0.000000,0.000000,-132880000.000000,-92982000.000000,-0.194000,-92982000.000000,-132880000.000000,-150954000.000000,-1.170000,-1.170000,-1.170000,492105000.000000,407723000.000000,492105000.000000,18805421162.000000,-142.000000,-202.248000,60318000.000000,0.452000,1.000000,372355000.000000,0.775000,52506000.000000,18074000.000000,2209384000.000000,1231808750.000000,0.000000,1313938000.000000,1313938000.000000,0.000000,1360842000.000000,416462000.000000,944380000.000000,32670000.000000,-39601000.000000,38395000.000000,985277000.000000,0.000000,1023672000.000000,-1102422000.000000,-1011719000.000000,111420000.000000,0.000000,-153046000.000000,-153046000.000000,-153046000.000000,0.000000,0.000000,-0.319000,510703000.000000,-138348000.000000,7663000.000000,0.000000,36.663000,-117.886000,-116.026000,129562000.000000,0.000000,135.750000,37.567000,37.722000,105942000.000000,-394577000.000000,480257000.000000,480257000.000000,113378000.000000,-0.120000,-0.375000,-0.108000,-0.277000,160204000.000000,397325000.000000,1.000000,132906329.000000,133452000.000000,133452000.000000,3.599000,1800441000.000000,0.000000,2092000.000000,0.000000,13.491000
MRT,2020-12-31,2021-01-31,2021-01-31,2021-Q2,1177074000.000000,26798114442.000000,2025-03-10,472000.000000,1969417000.000000,1597946500.000000,1678649000.000000,290768000.000000,0.335000,3.723000,-56112000.000000,95347000.000000,95347000.000000,121799000.000000,-191433000.000000,3.347000,2.918000,941167000.000000,20152000.000000,921015000.000000,941167000.000000,446817000.000000,45509000.000000,0.000000,0.000000,0.000000,-157067000.000000,-111558000.000000,-0.208000,-111558000.000000,-157067000.000000,-188386000.000000,-1.440000,-1.440000,-1.440000,502704000.000000,453608000.000000,502704000.000000,27623519442.000000,-176.000000,-247.616000,80281000.000000,0.595000,1.000000,414234000.000000,0.773000,50930000.000000,31319000.000000,2262732000.000000,1718515750.000000,0.000000,1349402000.000000,1349402000.000000,0.000000,1466713000.000000,501575000.000000,965138000.000000,18813000.000000,-39601000.000000,44651000.000000,985277000.000000,0.000000,1027678000.000000,-1145258000.000000,-1049545000.000000,136393000.000000,0.000000,-191433000.000000,-191433000.000000,-191433000.000000,0.000000,0.000000,-0.357000,576200000.000000,-161966000.000000,13170000.000000,0.000000,53.308000,-139.987000,-138.681000,136469000.000000,0.000000,199.700000,49.993000,50.303000,170412000.000000,-462118000.000000,536033000.000000,536033000.000000,134423000.000000,-0.120000,-0.422000,-0.091000,-0.293000,197718000.000000,441777000.000000,1.000000,134191860.000000,135024000.000000,135024000.000000,3.970000,1918487000.000000,0.000000,3047000.000000,0.000000,14.208000
MRT,2021-03-31,2021-04-30,2021-04-30,2021-Q3,1140622000.000000,25507825320.000000,2025-03-10,659000.000000,2062276000.000000,1929524500.000000,1705501000.000000,356775000.000000,0.312000,3.726000,-61982000.000000,106590000.000000,106590000.000000,136197000.000000,-230555000.000000,3.019000,3.059000,956709000.000000,20974000.000000,935735000.000000,956709000.000000,495434000.000000,51970000.000000,0.000000,0.000000,0.000000,-181337000.000000,-129367000.000000,-0.215000,-129367000.000000,-181337000.000000,-226092000.000000,-1.720000,-1.720000,-1.720000,508107000.000000,496936250.000000,508107000.000000,26353645320.000000,-145.000000,-203.712000,126957000.000000,0.931000,1.000000,465716000.000000,0.774000,79786000.000000,44755000.000000,2267730000.000000,2214676750.000000,0.000000,1361019000.000000,1361019000.000000,0.000000,1554169000.000000,564879000.000000,989290000.000000,-18002000.000000,-60103000.000000,41520000.000000,985277000.000000,0.000000,1024547000.000000,-1231488000.000000,-1109403000.000000,188939000.000000,0.000000,-230555000.000000,-230555000.000000,-230555000.000000,0.000000,0.000000,-0.383000,651018000.000000,-185302000.000000,20172000.000000,0.000000,50.202000,-110.637000,-109.093000,156539000.000000,0.000000,187.640000,42.378000,42.517000,164923000.000000,-520577000.000000,601913000.000000,601913000.000000,151258000.000000,-0.119000,-0.464000,-0.082000,-0.301000,229921000.000000,499760000.000000,1.000000,135940233.000000,136385000.000000,136385000.000000,4.413000,1982490000.000000,0.000000,4463000.000000,0.000000,14.536000
MRT,2021-06-30,2021-07-31,2021-07-31,2021-Q4,1128098000.000000,32316608124.000000,2025-03-10,-650000.000000,2257631000.000000,2035567750.000000,1848303000.000000,409328000.000000,0.331000,3.899000,-58297000.000000,275898000.000000,275898000.000000,150317000.000000,-262029000.000000,2.566000,3.269000,964605000.000000,19842000.000000,944763000.000000,964605000.000000,630601000.000000,57453000.000000,0.000000,0.000000,0.000000,-203814000.000000,-146361000.000000,-0.217000,-146361000.000000,-203814000.000000,-257178000.000000,-1.930000,-1.930000,-1.930000,528895000.000000,507952750.000000,528895000.000000,33166727124.000000,-163.000000,-226.609000,143743000.000000,1.060000,1.000000,522783000.000000,0.777000,91106000.000000,53364000.000000,2135027000.000000,2218718250.000000,0.000000,1226654000.000000,1226654000.000000,0.000000,1728736000.000000,720205000.000000,1008531000.000000,134047000.000000,-40530000.000000,43925000.000000,0.000000,0.000000,41675000.000000,-109668000.000000,-10841000.000000,202040000.000000,0.000000,-262029000.000000,-262029000.000000,-262029000.000000,0.000000,0.000000,-0.389000,730595000.000000,-207812000.000000,12547000.000000,0.000000,61.102000,-123.332000,-122.233000,152915000.000000,0.000000,235.910000,48.012000,47.544000,257109000.000000,-601600000.000000,673100000.000000,673100000.000000,174653000.000000,-0.129000,-0.516000,-0.092000,-0.303000,258535000.000000,555942000.000000,1.000000,136987021.000000,135654000.000000,135654000.000000,4.962000,2166525000.000000,0.000000,4851000.000000,0.000000,15.971000
MRT,2021-09-30,2021-10-31,2021-10-31,2022-Q1,1140136000.000000,44237354902.000000,2025-03-10,-2764000.000000,2271118000.000000,2140110500.000000,1855436000.000000,415682000.000000,0.356000,3.806000,-56896000.000000,371696000.000000,371696000.000000,170759000.000000,-297824000.000000,2.594000,3.284000,978036000.000000,20488000.000000,957548000.000000,978036000.000000,647816000.000000,62545000.000000,0.000000,0.000000,0.000000,-236842000.000000,-174297000.000000,-0.229000,-174297000.000000,-236842000.000000,-290992000.000000,-2.170000,-2.170000,-2.170000,530199000.000000,517476250.000000,530199000.000000,44926061902.000000,-190.000000,-257.756000,184883000.000000,1.327000,1.000000,590280000.000000,0.776000,88880000.000000,54150000.000000,2073278000.000000,2184691750.000000,0.000000,1212946000.000000,1212946000.000000,0.000000,1740919000.000000,715300000.000000,1025619000.000000,269680000.000000,-40530000.000000,42050000.000000,0.000000,0.000000,39750000.000000,-11849000.000000,85577000.000000,241779000.000000,0.000000,-297824000.000000,-297824000.000000,-297824000.000000,0.000000,0.000000,-0.391000,829796000.000000,-239516000.000000,14961000.000000,0.000000,83.435000,-148.535000,-146.940000,157152000.000000,0.000000,318.860000,58.128000,58.362000,172028000.000000,-692401000.000000,761039000.000000,761039000.000000,204099000.000000,-0.139000,-0.576000,-0.108000,-0.311000,291253000.000000,625697000.000000,1.000000,138735981.000000,139296000.000000,139296000.000000,5.463000,2182238000.000000,0.000000,6832000.000000,0.000000,15.666000
MRT,2021-12-31,2022-01-31,2022-01-31,2022-Q2,1153123000.000000,36016400488.000000,2025-03-10,-9299000.000000,2422021000.000000,2253261500.000000,1989165000.000000,432856000.000000,0.381000,3.839000,-63339000.000000,409819000.000000,409819000.000000,194407000.000000,-330703000.000000,2.379000,3.490000,989637000.000000,19665000.000000,969972000.000000,989637000.000000,759931000.000000,67346000.000000,0.000000,0.000000,0.000000,-268436000.000000,-201090000.000000,-0.234000,-201090000.000000,-268436000.000000,-323381000.000000,-2.380000,-2.380000,-2.380000,539367000.000000,526642000.000000,539367000.000000,36622740488.000000,-136.000000,-182.121000,196298000.000000,1.397000,1.000000,665151000.000000,0.774000,89095000.000000,54945000.000000,2076702000.000000,2138184250.000000,0.000000,1211390000.000000,1211390000.000000,0.000000,1882654000.000000,836042000.000000,1046612000.000000,314472000.000000,-40910000.000000,40497000.000000,0.000000,0.000000,40445000.000000,14390000.000000,118639000.000000,259637000.000000,0.000000,-330703000.000000,-330703000.000000,-330703000.000000,0.000000,0.000000,-0.385000,934701000.000000,-269550000.000000,13499000.000000,0.000000,66.775000,-108.909000,-108.029000,164032000.000000,0.000000,257.110000,41.901000,42.031000,269449000.000000,-792821000.000000,859558000.000000,859558000.000000,231543000.000000,-0.147000,-0.628000,-0.126000,-0.312000,328861000.000000,703158000.000000,1.000000,140081679.000000,140515000.000000,140515000.000000,6.117000,2332926000.000000,0.000000,7322000.000000,0.000000,16.603000
MRT,2022-03-31,2022-04-30,2022-04-30,2022-Q3,1134469000.000000,28603641021.000000,2025-03-10,-24478000.000000,2524544000.000000,2368828500.000000,2047045000.000000,477499000.000000,0.409000,3.759000,-79248000.000000,594893000.000000,594893000.000000,219452000.000000,-373649000.000000,2.243000,3.749000,1005206000.000000,19600000.000000,985606000.000000,1005206000.000000,818743000.000000,71287000.000000,0.000000,0.000000,0.000000,-312899000.000000,-241612000.000000,-0.249000,-241612000.000000,-312899000.000000,-368654000.000000,-2.670000,-2.670000,-2.670000,531577000.000000,532509500.000000,531577000.000000,29183459021.000000,-93.000000,-120.786000,184262000.000000,1.303000,1.000000,750509000.000000,0.774000,86857000.000000,55755000.000000,1935424000.000000,2055107750.000000,0.000000,1062981000.000000,1062981000.000000,0.000000,1992967000.000000,912576000.000000,1080391000.000000,488303000.000000,-11490000.000000,39151000.000000,0.000000,0.000000,39098000.000000,185695000.000000,276433000.000000,263510000.000000,0.000000,-373649000.000000,-373649000.000000,-373649000.000000,0.000000,0.000000,-0.385000,1062806000.000000,-312297000.000000,15234000.000000,0.000000,53.809000,-76.552000,-75.933000,186877000.000000,0.000000,202.740000,29.489000,29.560000,272092000.000000,-894226000.000000,969961000.000000,969961000.000000,267169000.000000,-0.158000,-0.702000,-0.152000,-0.323000,374742000.000000,795637000.000000,1.000000,141085336.000000,141422000.000000,141422000.000000,6.859000,2437687000.000000,0.000000,4995000.000000,0.000000,17.237000
MRT,2022-06-30,2022-07-31,2022-07-31,2022-Q4,1122200000.000000,21997229487.000000,2025-03-10,-25850000.000000,2832665000.000000,2512587000.000000,2256647000.000000,576018000.000000,0.434000,4.069000,-90580000.000000,1013210000.000000,1013210000.000000,242282000.000000,-390278000.000000,1.989000,3.941000,1045722000.000000,26100000.000000,1019622000.000000,1045722000.000000,1021123000.000000,75092000.000000,0.000000,0.000000,0.000000,-327051000.000000,-251959000.000000,-0.231000,-251959000.000000,-327051000.000000,-383630000.000000,-2.770000,-2.770000,-2.770000,573300000.000000,543610750.000000,573300000.000000,22407542487.000000,-69.000000,-88.933000,231332000.000000,1.642000,1.000000,848664000.000000,0.778000,110366000.000000,56579000.000000,1620364000.000000,1926442000.000000,0.000000,718129000.000000,718129000.000000,0.000000,2259365000.000000,1134447000.000000,1124918000.000000,737312000.000000,-25287000.000000,41592000.000000,0.000000,0.000000,41337000.000000,374063000.000000,489930000.000000,321912000.000000,0.000000,-390278000.000000,-390278000.000000,-390278000.000000,0.000000,0.000000,-0.358000,1176093000.000000,-327429000.000000,26154000.000000,0.000000,38.369000,-56.363000,-55.978000,232990000.000000,0.000000,155.060000,20.163000,20.026000,399745000.000000,-991878000.000000,1090946000.000000,1090946000.000000,289139000.000000,-0.155000,-0.718000,-0.170000,-0.300000,409562000.000000,886954000.000000,1.000000,141862695.000000,140895000.000000,140895000.000000,7.743000,2722299000.000000,0.000000,6648000.000000,0.000000,19.321000
MRT,2022-09-30,2022-10-31,2022-10-31,2023-Q1,1122078000.000000,22044388401.000000,2025-03-10,-37824000.000000,2835732000.000000,2653740500.000000,2233361000.000000,602371000.000000,0.458000,3.006000,-113519000.000000,1084945000.000000,1084945000.000000,266810000.000000,-367639000.000000,2.010000,5.575000,1219253000.000000,28646000.000000,1190607000.000000,1219253000.000000,1005713000.000000,79354000.000000,0.000000,0.000000,0.000000,-314649000.000000,-235295000.000000,-0.194000,-235295000.000000,-314649000.000000,-358724000.000000,-2.600000,-2.600000,-2.600000,431275000.000000,518879750.000000,431275000.000000,22076900401.000000,-70.000000,-93.826000,243579000.000000,1.698000,1.000000,949167000.000000,0.781000,107814000.000000,44075000.000000,1750943000.000000,1845858250.000000,0.000000,739845000.000000,739845000.000000,0.000000,2404457000.000000,1111283000.000000,1293174000.000000,713249000.000000,-25287000.000000,39930000.000000,0.000000,0.000000,39723000.000000,316428000.000000,455234000.000000,357098000.000000,0.000000,-367639000.000000,-367639000.000000,-367639000.000000,0.000000,0.000000,-0.302000,1271312000.000000,-322145000.000000,29717000.000000,0.000000,51.114000,-59.962000,-59.269000,259624000.000000,0.000000,154.100000,18.129000,18.183000,268718000.000000,-956201000.000000,1215977000.000000,1215977000.000000,298869000.000000,-0.139000,-0.709000,-0.170000,-0.259000,424832000.000000,972443000.000000,1.000000,143052488.000000,143476000.000000,143476000.000000,8.475000,2727918000.000000,0.000000,8915000.000000,0.000000,19.013000
MRT,2022-12-31,2023-01-31,2023-01-31,2023-Q2,1212105000.000000,17905390104.000000,2025-03-10,-5037000.000000,3039956000.000000,2808224250.000000,2416109000.000000,623847000.000000,0.480000,3.658000,-121369000.000000,1257012000.000000,1257012000.000000,296631000.000000,-324672000.000000,2.007000,4.750000,1215922000.000000,29173000.000000,1186749000.000000,1215922000.000000,1111880000.000000,84551000.000000,0.000000,0.000000,0.000000,-282858000.000000,-198307000.000000,-0.147000,-198307000.000000,-282858000.000000,-314226000.000000,-2.290000,-2.290000,-2.290000,528657000.000000,516202250.000000,528657000.000000,18039698104.000000,-64.000000,-90.969000,276948000.000000,1.916000,1.000000,1051381000.000000,0.780000,105263000.000000,31368000.000000,1689599000.000000,1749082500.000000,0.000000,648332000.000000,648332000.000000,0.000000,2511299000.000000,1204004000.000000,1307295000.000000,847193000.000000,-24907000.000000,38726000.000000,0.000000,0.000000,38521000.000000,410355000.000000,556631000.000000,398317000.000000,0.000000,-324672000.000000,-324672000.000000,-324672000.000000,0.000000,0.000000,-0.241000,1354832000.000000,-303451000.000000,33632000.000000,0.000000,33.870000,-55.149000,-54.218000,270316000.000000,0.000000,124.160000,13.283000,13.310000,358614000.000000,-1013654000.000000,1348012000.000000,1348012000.000000,315439000.000000,-0.116000,-0.629000,-0.162000,-0.210000,435582000.000000,1039393000.000000,1.000000,144212227.000000,144511000.000000,144511000.000000,9.328000,2934693000.000000,0.000000,10446000.000000,0.000000,20.308000
MRT,2023-03-31,2023-04-30,2023-04-30,2023-Q3,1238108000.000000,13075320560.000000,2025-03-10,-102000.000000,3200712000.000000,2977266250.000000,2527250000.000000,673462000.000000,0.497000,4.137000,-122456000.000000,1275297000.000000,1275297000.000000,328458000.000000,-269313000.000000,1.960000,4.323000,1214778000.000000,31054000.000000,1183724000.000000,1214778000.000000,1175373000.000000,91139000.000000,0.000000,0.000000,0.000000,-233187000.000000,-142048000.000000,-0.096000,-142048000.000000,-233187000.000000,-251692000.000000,-1.890000,-1.890000,-1.890000,601274000.000000,533626500.000000,601274000.000000,13034230560.000000,-56.000000,-91.759000,307089000.000000,2.113000,1.000000,1151547000.000000,0.778000,118033000.000000,18505000.000000,1733018000.000000,1698481000.000000,0.000000,693110000.000000,693110000.000000,0.000000,2599438000.000000,1289142000.000000,1310296000.000000,680404000.000000,-40550000.000000,38497000.000000,0.000000,0.000000,38293000.000000,212566000.000000,375572000.000000,429545000.000000,0.000000,-269313000.000000,-269313000.000000,-269313000.000000,0.000000,0.000000,-0.182000,1424147000.000000,-272600000.000000,24783000.000000,0.000000,21.746000,-48.551000,-47.672000,291327000.000000,0.000000,90.100000,8.835000,8.849000,376339000.000000,-1059700000.000000,1480005000.000000,1480005000.000000,331498000.000000,-0.090000,-0.505000,-0.137000,-0.158000,437547000.000000,1086348000.000000,1.000000,145120095.000000,145354000.000000,145354000.000000,10.182000,3082679000.000000,0.000000,17621000.000000,0.000000,21.208000
MRT,2023-06-30,2023-07-31,2023-07-31,2023-Q4,1354446000.000000,23398025524.000000,2025-03-10,-1576000.000000,3608317000.000000,3171179250.000000,2890314000.000000,718003000.000000,0.510000,5.003000,-128724000.000000,1262206000.000000,1262206000.000000,362832000.000000,-202335000.000000,1.882000,3.976000,1210545000.000000,34469000.000000,1176076000.000000,1210545000.000000,1439676000.000000,99028000.000000,0.000000,0.000000,0.000000,-176023000.000000,-76995000.000000,-0.048000,-76995000.000000,-176023000.000000,-182564000.000000,-1.400000,-1.400000,-1.400000,725112000.000000,571579500.000000,725112000.000000,23337506524.000000,-133.000000,-303.104000,333619000.000000,2.302000,1.000000,1254120000.000000,0.776000,115051000.000000,6541000.000000,1905737000.000000,1769824250.000000,0.000000,838026000.000000,838026000.000000,0.000000,2883205000.000000,1535868000.000000,1347337000.000000,248996000.000000,-15643000.000000,46207000.000000,0.000000,0.000000,45990000.000000,-259337000.000000,-114970000.000000,462343000.000000,0.000000,-202335000.000000,-202335000.000000,-202335000.000000,0.000000,0.000000,-0.125000,1488743000.000000,-234623000.000000,18481000.000000,0.000000,32.268000,-115.640000,-114.557000,313026000.000000,0.000000,160.380000,14.470000,14.376000,582636000.000000,-1090374000.000000,1616952000.000000,1616952000.000000,349735000.000000,-0.064000,-0.354000,-0.099000,-0.109000,444834000.000000,1131408000.000000,1.000000,145891168.000000,144942000.000000,144942000.000000,11.156000,3493266000.000000,0.000000,19771000.000000,0.000000,24.101000
MRT,2023-09-30,2023-10-31,2023-10-31,2024-Q1,1417172000.000000,23354212587.000000,2025-03-10,-17955000.000000,3635584000.000000,3371142250.000000,2891590000.000000,743994000.000000,0.522000,5.470000,-131969000.000000,1361723000.000000,1361723000.000000,397529000.000000,-167656000.000000,1.961000,3.502000,1215770000.000000,38138000.000000,1177632000.000000,1215770000.000000,1399544000.000000,104393000.000000,0.000000,0.000000,0.000000,-135265000.000000,-30872000.000000,-0.018000,-30872000.000000,-135265000.000000,-143634000.000000,-1.160000,-1.160000,-1.160000,807525000.000000,665642000.000000,807525000.000000,23302551587.000000,-172.000000,-754.812000,462723000.000000,3.134000,1.000000,1360578000.000000,0.774000,118038000.000000,8369000.000000,1897175000.000000,1806382250.000000,0.000000,962681000.000000,962681000.000000,0.000000,2828059000.000000,1474418000.000000,1353641000.000000,276778000.000000,-20020000.000000,46481000.000000,0.000000,0.000000,46266000.000000,-364180000.000000,-212191000.000000,594692000.000000,0.000000,-167656000.000000,-167656000.000000,-167656000.000000,0.000000,0.000000,-0.095000,1572171000.000000,-211593000.000000,23234000.000000,0.000000,28.921000,-139.298000,-136.802000,342729000.000000,0.000000,158.690000,13.284000,13.325000,366843000.000000,-1123857000.000000,1758107000.000000,1758107000.000000,388328000.000000,-0.050000,-0.252000,-0.075000,-0.077000,468799000.000000,1176243000.000000,1.000000,147168773.000000,147625000.000000,147625000.000000,11.909000,3517546000.000000,0.000000,24022000.000000,0.000000,23.828000
MRT,2023-12-31,2024-01-31,2024-01-31,2024-Q2,1558803000.000000,34957742983.000000,2025-03-10,-3009000.000000,3934226000.000000,3594709750.000000,3142708000.000000,791518000.000000,0.527000,6.437000,-146587000.000000,1438586000.000000,1438586000.000000,427124000.000000,-138672000.000000,1.984000,3.103000,1233690000.000000,44773000.000000,1188917000.000000,1233690000.000000,1502175000.000000,110809000.000000,0.000000,0.000000,0.000000,-99737000.000000,11072000.000000,0.006000,11072000.000000,-99737000.000000,-110378000.000000,-0.950000,-0.950000,-0.950000,958856000.000000,773191750.000000,958856000.000000,34811789983.000000,-349.000000,3144.128000,500693000.000000,3.361000,1.000000,1468384000.000000,0.775000,114955000.000000,10641000.000000,2030470000.000000,1891600000.000000,0.000000,1021218000.000000,1021218000.000000,0.000000,2975370000.000000,1583905000.000000,1391465000.000000,181574000.000000,-20020000.000000,54948000.000000,0.000000,0.000000,54733000.000000,-520439000.000000,-353832000.000000,647280000.000000,0.000000,-138672000.000000,-138672000.000000,-138672000.000000,0.000000,0.000000,-0.073000,1660196000.000000,-191812000.000000,17137000.000000,0.000000,36.458000,-252.089000,-248.074000,382299000.000000,0.000000,235.670000,18.442000,18.519000,479611000.000000,-1152326000.000000,1895508000.000000,1895508000.000000,424744000.000000,-0.039000,-0.179000,-0.053000,-0.053000,499493000.000000,1227852000.000000,1.000000,148333445.000000,148951000.000000,148951000.000000,12.726000,3819271000.000000,0.000000,28294000.000000,0.000000,25.641000
MRT,2024-03-31,2024-04-30,2024-04-30,2024-Q3,1268693000.000000,25916438369.000000,2025-03-10,-15675000.000000,4198751000.000000,3844219500.000000,2970014000.000000,1228737000.000000,0.528000,7.274000,-162292000.000000,1259197000.000000,1259197000.000000,449606000.000000,-73502000.000000,1.746000,2.841000,1235441000.000000,50857000.000000,1184584000.000000,1235441000.000000,1577014000.000000,119307000.000000,0.000000,0.000000,0.000000,-38129000.000000,81178000.000000,0.040000,81178000.000000,-38129000.000000,-50151000.000000,-0.500000,-0.510000,-0.500000,1093139000.000000,896158000.000000,1093139000.000000,25711542369.000000,-674.000000,316.730000,549933000.000000,3.659000,1.000000,1580303000.000000,0.779000,485988000.000000,12022000.000000,1987686000.000000,1955267000.000000,0.000000,980802000.000000,980802000.000000,0.000000,3105612000.000000,1701321000.000000,1404291000.000000,-16100000.000000,-361781000.000000,61297000.000000,0.000000,0.000000,61082000.000000,-789407000.000000,-265334000.000000,712225000.000000,0.000000,-73502000.000000,-73502000.000000,-73502000.000000,0.000000,0.000000,-0.036000,1719382000.000000,-139079000.000000,28030000.000000,0.000000,23.708000,-352.595000,-345.880000,423119000.000000,0.000000,172.940000,12.767000,12.804000,506284000.000000,-1133202000.000000,2029909000.000000,2029909000.000000,457065000.000000,-0.019000,-0.082000,-0.020000,-0.019000,504910000.000000,1261018000.000000,1.000000,149857976.000000,150290000.000000,154081000.000000,13.507000,3712763000.000000,0.000000,23351000.000000,0.000000,24.704000
MRT,2024-06-30,2024-07-31,2024-07-31,2024-Q4,283730000.000000,27108588753.000000,2025-03-10,-4789000.000000,4704968000.000000,4118382250.000000,3396617000.000000,1308351000.000000,0.526000,8.518000,-194896000.000000,1423080000.000000,1423080000.000000,477129000.000000,-57706000.000000,1.091000,2.693000,1237965000.000000,1193141000.000000,44824000.000000,1237965000.000000,1894974000.000000,130377000.000000,0.000000,0.000000,0.000000,-16097000.000000,114280000.000000,0.053000,114280000.000000,-16097000.000000,-29229000.000000,-0.390000,-0.390000,-0.390000,1274102000.000000,1033405500.000000,1274102000.000000,27084832753.000000,-1683.000000,237.004000,584950000.000000,3.910000,1.000000,1690642000.000000,0.780000,480864000.000000,13132000.000000,926102000.000000,1710358250.000000,0.000000,986574000.000000,986574000.000000,0.000000,3430866000.000000,3112887000.000000,317979000.000000,160874000.000000,-374702000.000000,64247000.000000,0.000000,0.000000,64208000.000000,-683180000.000000,-113582000.000000,779846000.000000,0.000000,-57706000.000000,-57706000.000000,-57706000.000000,0.000000,0.000000,-0.027000,1812119000.000000,-121477000.000000,23309000.000000,0.000000,21.277000,-469.771000,-459.872000,472879000.000000,0.000000,179.350000,12.505000,12.376000,736529000.000000,-1148080000.000000,2167771000.000000,2167771000.000000,499828000.000000,-0.014000,-0.056000,-0.009000,-0.007000,527676000.000000,1312291000.000000,1.000000,151149087.000000,149586000.000000,149586000.000000,14.492000,4224104000.000000,0.000000,28477000.000000,0.000000,28.239000
MRT,2024-09-30,2024-10-31,2024-10-31,2025-Q1,430170000.000000,27568668004.000000,2025-03-10,-4487000.000000,4709002000.000000,4386736750.000000,3393780000.000000,1315222000.000000,0.524000,9.364000,-198262000.000000,1553645000.000000,1553645000.000000,507197000.000000,-36274000.000000,1.145000,2.296000,1237337000.000000,1195399000.000000,41938000.000000,1237337000.000000,1783720000.000000,144796000.000000,0.000000,0.000000,0.000000,3959000.000000,148755000.000000,0.065000,148755000.000000,3959000.000000,-9157000.000000,-0.240000,-0.250000,-0.240000,1428545000.000000,1188660500.000000,1428545000.000000,27383553004.000000,6917.000000,184.085000,652113000.000000,4.275000,1.000000,1791826000.000000,0.779000,476624000.000000,13116000.000000,952460000.000000,1474179500.000000,0.000000,1154252000.000000,1154252000.000000,0.000000,3280457000.000000,2963610000.000000,316847000.000000,191922000.000000,-370325000.000000,63881000.000000,0.000000,0.000000,63842000.000000,-722295000.000000,-153708000.000000,850375000.000000,0.000000,-36274000.000000,-36274000.000000,-36274000.000000,0.000000,0.000000,-0.016000,1897913000.000000,-106087000.000000,25368000.000000,0.000000,19.298000,-760.012000,-753.292000,493096000.000000,0.000000,180.790000,11.991000,11.997000,424573000.000000,-1160131000.000000,2299023000.000000,2299023000.000000,540543000.000000,-0.008000,-0.031000,0.003000,0.002000,555716000.000000,1357370000.000000,1.000000,152490005.000000,152557000.000000,152557000.000000,15.070000,4232378000.000000,0.000000,27117000.000000,0.000000,27.743000
MRT,2024-12-31,2025-01-31,2025-01-31,2025-Q2,616340000.000000,31085130634.000000,2025-03-10,-22304000.000000,5005968000.000000,4654672250.000000,3665206000.000000,1340762000.000000,0.520000,10.460000,-192986000.000000,1758506000.000000,1758506000.000000,538496000.000000,-15529000.000000,1.202000,2.114000,1238342000.000000,1197430000.000000,40912000.000000,1238342000.000000,1878505000.000000,159225000.000000,0.000000,0.000000,0.000000,6661000.000000,165886000.000000,0.068000,165886000.000000,6661000.000000,-5189000.000000,-0.100000,-0.110000,-0.100000,1607346000.000000,1350783000.000000,1607346000.000000,30768822634.000000,4619.000000,185.482000,694753000.000000,4.521000,1.000000,1883428000.000000,0.778000,473388000.000000,11850000.000000,963550000.000000,1207449500.000000,0.000000,1121734000.000000,1121734000.000000,0.000000,3398622000.000000,3048866000.000000,349756000.000000,319920000.000000,-371159000.000000,67792000.000000,0.000000,0.000000,67753000.000000,-635572000.000000,-71427000.000000,887739000.000000,0.000000,-15529000.000000,-15529000.000000,-15529000.000000,0.000000,0.000000,-0.006000,1984198000.000000,-100770000.000000,24600000.000000,0.000000,19.339000,-2001.747000,-2025.900000,506018000.000000,0.000000,202.590000,12.835000,12.854000,514314000.000000,-1167855000.000000,2421924000.000000,2421924000.000000,589222000.000000,-0.003000,-0.011000,0.006000,0.003000,587401000.000000,1394976000.000000,1.000000,153438623.000000,153672000.000000,153672000.000000,15.760000,4532580000.000000,0.000000,10340000.000000,0.000000,29.495000
MRY,2015-12-31,2015-07-31,2015-07-31,2015-FY,,,2025-03-10,,,,,,,,-6705000.000000,,,14431000.000000,-12832000.000000,,,,,,,,2854000.000000,,,0.000000,-12599000.000000,-9745000.000000,-0.181000,-9745000.000000,-12599000.000000,-12599000.000000,-0.550000,-0.550000,-0.550000,,,,,,,-9984000.000000,-0.425000,1.000000,39276000.000000,0.731000,,0.000000,,,,,,,,,,81741000.000000,0.000000,551000.000000,0.000000,0.000000,85615000.000000,-595000.000000,6110000.000000,-3279000.000000,0.000000,-12832000.000000,-12979000.000000,-12979000.000000,0.000000,0.000000,-0.242000,51694000.000000,-12418000.000000,,0.000000,,,,,147000.000000,,,,,,53707000.000000,53707000.000000,15034000.000000,,,,-0.235000,1561000.000000,36660000.000000,1.000000,,23519000.000000,23519000.000000,2.284000,,,233000.000000,,
MRY,2016-12-31,2016-07-31,2016-07-31,2016-FY,49157000.000000,,2025-03-10,0.000000,153518000.000000,,127054000.000000,26464000.000000,,-4.703000,-6247000.000000,92842000.000000,92842000.000000,20127000.000000,-27438000.000000,1.631000,-0.696000,0.000000,0.000000,0.000000,0.000000,65913000.000000,4872000.000000,0.000000,,0.000000,-26970000.000000,-22098000.000000,-0.275000,-22098000.000000,-26970000.000000,-26970000.000000,-1.360000,-1.360000,-1.360000,-124740000.000000,,-124740000.000000,,,,-18163000.000000,-0.685000,1.000000,60198000.000000,0.749000,0.000000,0.000000,-17221000.000000,,0.000000,0.000000,0.000000,0.000000,86851000.000000,77897000.000000,8954000.000000,9000000.000000,0.000000,1773000.000000,0.000000,0.000000,27563000.000000,-6647000.000000,0.000000,-11916000.000000,0.000000,-27438000.000000,-36086000.000000,-36086000.000000,0.000000,0.000000,-0.449000,87041000.000000,-26843000.000000,1406000.000000,0.000000,,,,11108000.000000,8648000.000000,,,,24489000.000000,-126556000.000000,80325000.000000,80325000.000000,20940000.000000,,,,-0.336000,3617000.000000,66101000.000000,1.000000,,26521000.000000,26521000.000000,3.029000,153518000.000000,0.000000,468000.000000,0.000000,5.789000
MRY,2017-12-31,2017-07-31,2017-07-31,2017-FY,22450000.000000,,2025-03-10,0.000000,182902000.000000,168210000.000000,142909000.000000,39993000.000000,0.747000,-5.172000,-8174000.000000,87978000.000000,87978000.000000,27472000.000000,-35460000.000000,1.186000,-0.880000,0.000000,0.000000,0.000000,0.000000,96619000.000000,6840000.000000,0.000000,,0.000000,-34583000.000000,-27743000.000000,-0.221000,-27743000.000000,-34583000.000000,-34583000.000000,-1.540000,-1.540000,-1.540000,-151142000.000000,-137941000.000000,-151142000.000000,,,,-14193000.000000,-0.486000,1.000000,98245000.000000,0.781000,0.000000,0.000000,-25535000.000000,-21378000.000000,0.000000,0.000000,0.000000,0.000000,133067000.000000,120459000.000000,12608000.000000,-4696000.000000,0.000000,7672000.000000,0.000000,0.000000,9497000.000000,-8174000.000000,0.000000,-6019000.000000,0.000000,-35460000.000000,-45030000.000000,-45030000.000000,0.000000,0.000000,-0.358000,133318000.000000,-35073000.000000,3763000.000000,0.000000,,,,13139000.000000,9570000.000000,,,,39052000.000000,-162016000.000000,125717000.000000,125717000.000000,33561000.000000,-0.268000,0.326000,1.618000,-0.275000,9919000.000000,99757000.000000,1.000000,,29221000.000000,29221000.000000,4.302000,182902000.000000,0.000000,877000.000000,0.000000,6.259000
MRY,2018-12-31,2018-07-31,2018-07-31,2018-FY,204332000.000000,4223313354.000000,2025-03-10,-124000.000000,447781000.000000,315341500.000000,387164000.000000,60617000.000000,0.603000,3.761000,-15170000.000000,135579000.000000,135579000.000000,37875000.000000,-33646000.000000,2.118000,0.864000,0.000000,0.000000,0.000000,0.000000,164023000.000000,7988000.000000,0.000000,0.000000,0.000000,-32309000.000000,-24321000.000000,-0.128000,-24321000.000000,-32309000.000000,-32309000.000000,-0.630000,-0.630000,-0.630000,240236000.000000,44547000.000000,240236000.000000,3935870354.000000,-122.000000,-161.830000,2137000.000000,0.033000,1.000000,152299000.000000,0.801000,0.000000,0.000000,129370000.000000,51917500.000000,0.000000,162960000.000000,162960000.000000,0.000000,207545000.000000,182832000.000000,24713000.000000,47601000.000000,0.000000,207387000.000000,0.000000,0.000000,208397000.000000,-178103000.000000,-162933000.000000,17307000.000000,0.000000,-33646000.000000,-39978000.000000,-39978000.000000,0.000000,0.000000,-0.210000,186923000.000000,-34624000.000000,4895000.000000,0.000000,17.580000,-105.641000,-56.048000,19765000.000000,6332000.000000,35.310000,22.208000,11.861000,61611000.000000,-196100000.000000,190174000.000000,190174000.000000,39379000.000000,-0.127000,-0.897000,-0.622000,-0.170000,11224000.000000,147544000.000000,1.000000,119606722.000000,63881000.000000,63881000.000000,2.977000,447781000.000000,0.000000,1337000.000000,0.000000,7.010000
MRY,2019-12-31,2019-07-31,2019-07-31,2019-FY,234137000.000000,10589530673.000000,2025-03-10,268000.000000,604162000.000000,529476250.000000,496086000.000000,108076000.000000,0.572000,2.497000,-28682000.000000,78484000.000000,78484000.000000,59669000.000000,-28655000.000000,1.894000,0.958000,0.000000,0.000000,0.000000,0.000000,251202000.000000,11306000.000000,0.000000,0.000000,0.000000,-27912000.000000,-16606000.000000,-0.055000,-16606000.000000,-27912000.000000,-27912000.000000,-0.230000,-0.230000,-0.230000,308558000.000000,281097000.000000,308558000.000000,10534556673.000000,-377.000000,-634.383000,29345000.000000,0.237000,1.000000,243167000.000000,0.803000,16187000.000000,0.000000,247542000.000000,245089750.000000,0.000000,286162000.000000,286162000.000000,0.000000,295604000.000000,261949000.000000,33655000.000000,-57663000.000000,-11432000.000000,46276000.000000,0.000000,0.000000,46384000.000000,-162074000.000000,-120480000.000000,58027000.000000,0.000000,-28655000.000000,-28655000.000000,-28655000.000000,0.000000,0.000000,-0.095000,278480000.000000,-35313000.000000,6208000.000000,0.000000,34.319000,-369.553000,-366.391000,41046000.000000,0.000000,84.270000,34.968000,34.385000,93341000.000000,-224455000.000000,302836000.000000,302836000.000000,61969000.000000,-0.054000,-0.102000,-0.114000,-0.092000,46423000.000000,216511000.000000,1.000000,125661928.000000,123566000.000000,123566000.000000,2.451000,587975000.000000,0.000000,743000.000000,0.000000,4.758000
MRY,2020-12-31,2020-07-31,2020-07-31,2020-FY,1157892000.000000,16947794373.000000,2025-03-10,463000.000000,1833458000.000000,970518750.000000,1581793000.000000,251665000.000000,0.444000,3.749000,-51809000.000000,141851000.000000,141851000.000000,95733000.000000,-115116000.000000,3.732000,2.782000,905238000.000000,15600000.000000,889638000.000000,905238000.000000,369767000.000000,34673000.000000,0.000000,0.000000,0.000000,-107703000.000000,-73030000.000000,-0.169000,-73030000.000000,-107703000.000000,-112728000.000000,-0.890000,-0.890000,-0.890000,484829000.000000,363209750.000000,484829000.000000,16864050373.000000,-157.000000,-230.919000,27508000.000000,0.213000,1.000000,335536000.000000,0.778000,54083000.000000,5025000.000000,2118861000.000000,759311500.000000,0.000000,1228722000.000000,1228722000.000000,0.000000,1348629000.000000,423901000.000000,924728000.000000,63367000.000000,-39601000.000000,36935000.000000,985277000.000000,0.000000,1022212000.000000,-1038162000.000000,-946752000.000000,79317000.000000,0.000000,-115116000.000000,-115116000.000000,-115116000.000000,0.000000,0.000000,-0.267000,449492000.000000,-113956000.000000,5233000.000000,0.000000,34.956000,-147.224000,-145.899000,111853000.000000,0.000000,129.850000,39.298000,38.938000,147584000.000000,-339571000.000000,431269000.000000,431269000.000000,97879000.000000,-0.119000,-0.317000,-0.142000,-0.250000,121395000.000000,351613000.000000,1.000000,130518247.000000,129323000.000000,129323000.000000,3.335000,1779375000.000000,0.000000,2388000.000000,0.000000,13.759000
MRY,2021-12-31,2021-07-31,2021-07-31,2021-FY,1128098000.000000,32316608124.000000,2025-03-10,-650000.000000,2257631000.000000,2035567750.000000,1848303000.000000,409328000.000000,0.331000,3.899000,-58297000.000000,275898000.000000,275898000.000000,150317000.000000,-262029000.000000,2.566000,3.269000,964605000.000000,19842000.000000,944763000.000000,964605000.000000,630601000.000000,57453000.000000,0.000000,0.000000,0.000000,-203814000.000000,-146361000.000000,-0.217000,-146361000.000000,-203814000.000000,-257178000.000000,-1.930000,-1.930000,-1.930000,528895000.000000,507952750.000000,528895000.000000,33166727124.000000,-163.000000,-226.609000,143743000.000000,1.060000,1.000000,522783000.000000,0.777000,91106000.000000,53364000.000000,2135027000.000000,2218718250.000000,0.000000,1226654000.000000,1226654000.000000,0.000000,1728736000.000000,720205000.000000,1008531000.000000,134047000.000000,-40530000.000000,43925000.000000,0.000000,0.000000,41675000.000000,-109668000.000000,-10841000.000000,202040000.000000,0.000000,-262029000.000000,-262029000.000000,-262029000.000000,0.000000,0.000000,-0.389000,730595000.000000,-207812000.000000,12547000.000000,0.000000,61.102000,-123.332000,-122.233000,152915000.000000,0.000000,235.910000,48.012000,47.544000,257109000.000000,-601600000.000000,673100000.000000,673100000.000000,174653000.000000,-0.129000,-0.516000,-0.092000,-0.303000,258535000.000000,555942000.000000,1.000000,136987021.000000,135654000.000000,135654000.000000,4.962000,2166525000.000000,0.000000,4851000.000000,0.000000,15.971000
MRY,2022-12-31,2022-07-31,2022-07-31,2022-FY,1122200000.000000,21997229487.000000,2025-03-10,-25850000.000000,2832665000.000000,2512587000.000000,2256647000.000000,576018000.000000,0.434000,4.069000,-90580000.000000,1013210000.000000,1013210000.000000,242282000.000000,-390278000.000000,1.989000,3.941000,1045722000.000000,26100000.000000,1019622000.000000,1045722000.000000,1021123000.000000,75092000.000000,0.000000,0.000000,0.000000,-327051000.000000,-251959000.000000,-0.231000,-251959000.000000,-327051000.000000,-383630000.000000,-2.770000,-2.770000,-2.770000,573300000.000000,543610750.000000,573300000.000000,22407542487.000000,-69.000000,-88.933000,231332000.000000,1.642000,1.000000,848664000.000000,0.778000,110366000.000000,56579000.000000,1620364000.000000,1926442000.000000,0.000000,718129000.000000,718129000.000000,0.000000,2259365000.000000,1134447000.000000,1124918000.000000,737312000.000000,-25287000.000000,41592000.000000,0.000000,0.000000,41337000.000000,374063000.000000,489930000.000000,321912000.000000,0.000000,-390278000.000000,-390278000.000000,-390278000.000000,0.000000,0.000000,-0.358000,1176093000.000000,-327429000.000000,26154000.000000,0.000000,38.369000,-56.363000,-55.978000,232990000.000000,0.000000,155.060000,20.163000,20.026000,399745000.000000,-991878000.000000,1090946000.000000,1090946000.000000,289139000.000000,-0.155000,-0.718000,-0.170000,-0.300000,409562000.000000,886954000.000000,1.000000,141862695.000000,140895000.000000,140895000.000000,7.743000,2722299000.000000,0.000000,6648000.000000,0.000000,19.321000
MRY,2023-12-31,2023-07-31,2023-07-31,2023-FY,1354446000.000000,23398025524.000000,2025-03-10,-1576000.000000,3608317000.000000,3171179250.000000,2890314000.000000,718003000.000000,0.510000,5.003000,-128724000.000000,1262206000.000000,1262206000.000000,362832000.000000,-202335000.000000,1.882000,3.976000,1210545000.000000,34469000.000000,1176076000.000000,1210545000.000000,1439676000.000000,99028000.000000,0.000000,0.000000,0.000000,-176023000.000000,-76995000.000000,-0.048000,-76995000.000000,-176023000.000000,-182564000.000000,-1.400000,-1.400000,-1.400000,725112000.000000,571579500.000000,725112000.000000,23337506524.000000,-133.000000,-303.104000,333619000.000000,2.302000,1.000000,1254120000.000000,0.776000,115051000.000000,6541000.000000,1905737000.000000,1769824250.000000,0.000000,838026000.000000,838026000.000000,0.000000,2883205000.000000,1535868000.000000,1347337000.000000,248996000.000000,-15643000.000000,46207000.000000,0.000000,0.000000,45990000.000000,-259337000.000000,-114970000.000000,462343000.000000,0.000000,-202335000.000000,-202335000.000000,-202335000.000000,0.000000,0.000000,-0.125000,1488743000.000000,-234623000.000000,18481000.000000,0.000000,32.268000,-115.640000,-114.557000,313026000.000000,0.000000,160.380000,14.470000,14.376000,582636000.000000,-1090374000.000000,1616952000.000000,1616952000.000000,349735000.000000,-0.064000,-0.354000,-0.099000,-0.109000,444834000.000000,1131408000.000000,1.000000,145891168.000000,144942000.000000,144942000.000000,11.156000,3493266000.000000,0.000000,19771000.000000,0.000000,24.101000
MRY,2024-12-31,2024-07-31,2024-07-31,2024-FY,283730000.000000,27108588753.000000,2025-03-10,-4789000.000000,4704968000.000000,4118382250.000000,3396617000.000000,1308351000.000000,0.526000,8.518000,-194896000.000000,1423080000.000000,1423080000.000000,477129000.000000,-57706000.000000,1.091000,2.693000,1237965000.000000,1193141000.000000,44824000.000000,1237965000.000000,1894974000.000000,130377000.000000,0.000000,0.000000,0.000000,-16097000.000000,114280000.000000,0.053000,114280000.000000,-16097000.000000,-29229000.000000,-0.390000,-0.390000,-0.390000,1274102000.000000,1033405500.000000,1274102000.000000,27084832753.000000,-1683.000000,237.004000,584950000.000000,3.910000,1.000000,1690642000.000000,0.780000,480864000.000000,13132000.000000,926102000.000000,1710358250.000000,0.000000,986574000.000000,986574000.000000,0.000000,3430866000.000000,3112887000.000000,317979000.000000,160874000.000000,-374702000.000000,64247000.000000,0.000000,0.000000,64208000.000000,-683180000.000000,-113582000.000000,779846000.000000,0.000000,-57706000.000000,-57706000.000000,-57706000.000000,0.000000,0.000000,-0.027000,1812119000.000000,-121477000.000000,23309000.000000,0.000000,21.277000,-469.771000,-459.872000,472879000.000000,0.000000,179.350000,12.505000,12.376000,736529000.000000,-1148080000.000000,2167771000.000000,2167771000.000000,499828000.000000,-0.014000,-0.056000,-0.009000,-0.007000,527676000.000000,1312291000.000000,1.000000,151149087.000000,149586000.000000,149586000.000000,14.492000,4224104000.000000,0.000000,28477000.000000,0.000000,28.239000
