dimension,calendardate,datekey,reportperiod,fiscalperiod,workingcapital,marketcap,lastupdated,accoci,assets,assetsavg,assetsc,assetsnc,assetturnover,bvps,capex,cashneq,cashnequsd,cor,consolinc,currentratio,de,debt,debtc,debtnc,debtusd,deferredrev,depamor,deposits,divyield,dps,ebit,ebitda,ebitdamargin,ebitdausd,ebitusd,ebt,eps,epsdil,epsusd,equity,equityavg,equityusd,ev,evebit,evebitda,fcf,fcfps,fxusd,gp,grossmargin,intangibles,intexp,invcap,invcapavg,inventory,investments,investmentsc,investmentsnc,liabilities,liabilitiesc,liabilitiesnc,ncf,ncfbus,ncfcommon,ncfdebt,ncfdiv,ncff,ncfi,ncfinv,ncfo,ncfx,netinc,netinccmn,netinccmnusd,netincdis,netincnci,netmargin,opex,opinc,payables,payoutratio,pb,pe,pe1,ppnenet,prefdivis,price,ps,ps1,receivables,retearn,revenue,revenueusd,rnd,roa,roe,roic,ros,sbcomp,sgna,sharefactor,sharesbas,shareswa,shareswadil,sps,tangibles,taxassets,taxexp,taxliabilities,tbvps
ARQ,2020-06-30,2020-09-14,2020-07-31,2021-Q2,315789000.000000,,2025-03-21,1146000.000000,1437241000.000000,,793448000.000000,643793000.000000,,-11.466000,,138900000.000000,138900000.000000,,,1.661000,-1.034000,201459000.000000,17204000.000000,184255000.000000,201459000.000000,376720000.000000,,0.000000,,0.000000,,,,,,,,,,-651399000.000000,,-651399000.000000,,,,,,1.000000,,,24144000.000000,,997997000.000000,,0.000000,747920000.000000,451976000.000000,295944000.000000,673593000.000000,477659000.000000,195934000.000000,,,,,,,,,,,,,,,,,,,7713000.000000,,,,,229817000.000000,,,,,151210000.000000,-871597000.000000,,,,,,,,,,1.000000,277290066.000000,56809625.000000,,,1413097000.000000,0.000000,,0.000000,24.874000
ARQ,2020-09-30,2020-12-03,2020-10-31,2021-Q3,4439112000.000000,96222859000.000000,2025-03-21,375000.000000,5712889000.000000,,4986771000.000000,726118000.000000,,29.771000,-18114000.000000,3939925000.000000,3939925000.000000,66681000.000000,-168889000.000000,9.106000,0.150000,206051000.000000,19333000.000000,186718000.000000,206051000.000000,441704000.000000,11352000.000000,0.000000,0.000000,0.000000,-168456000.000000,-157104000.000000,-0.984000,-157104000.000000,-168456000.000000,-168456000.000000,-1.010000,-1.010000,-1.010000,4967815000.000000,,4967815000.000000,92488985000.000000,,,-37868000.000000,-0.227000,1.000000,92943000.000000,0.582000,23269000.000000,0.000000,1408087000.000000,,0.000000,1161526000.000000,814123000.000000,347403000.000000,745074000.000000,547659000.000000,197415000.000000,3801031000.000000,0.000000,4252648000.000000,0.000000,0.000000,4254420000.000000,-433635000.000000,-415521000.000000,-19754000.000000,0.000000,-168889000.000000,-168889000.000000,-168889000.000000,0.000000,0.000000,-1.058000,262397000.000000,-169454000.000000,5061000.000000,0.000000,19.369000,,,242905000.000000,0.000000,339.890000,,,168982000.000000,-1040486000.000000,159624000.000000,159624000.000000,74138000.000000,,,,,119141000.000000,188259000.000000,1.000000,283100000.000000,166868200.000000,166868200.000000,0.957000,5689620000.000000,0.000000,433000.000000,0.000000,34.096000
ARQ,2020-12-31,2021-03-31,2021-01-31,2021-Q4,3511388000.000000,66193136000.000000,2025-03-21,439000.000000,5921739000.000000,,4300652000.000000,1621087000.000000,,34.859000,-12298000.000000,820177000.000000,820177000.000000,82904000.000000,-198935000.000000,5.449000,0.200000,204537000.000000,19650000.000000,184887000.000000,204537000.000000,642846000.000000,11850000.000000,0.000000,0.000000,0.000000,-197593000.000000,-185743000.000000,-0.975000,-185743000.000000,-197593000.000000,-197593000.000000,-0.180000,-0.180000,-0.180000,4936471000.000000,,4936471000.000000,65577496000.000000,-122.000000,-132.818000,7316000.000000,0.052000,1.000000,107561000.000000,0.565000,24540000.000000,0.000000,4492295000.000000,,0.000000,4253162000.000000,3087887000.000000,1165275000.000000,985268000.000000,789264000.000000,196004000.000000,-3119726000.000000,0.000000,22278000.000000,0.000000,0.000000,22278000.000000,-3161607000.000000,-3147119000.000000,19614000.000000,-11000.000000,-198935000.000000,-198935000.000000,-198935000.000000,0.000000,0.000000,-1.044000,307958000.000000,-200397000.000000,5647000.000000,0.000000,13.409000,-122.784000,-60.178000,255786000.000000,0.000000,229.280000,111.803000,54.842000,294017000.000000,-1239421000.000000,190465000.000000,190465000.000000,93997000.000000,,,,,143651000.000000,213961000.000000,1.000000,288700000.000000,141613196.000000,141613196.000000,1.345000,5897199000.000000,0.000000,1342000.000000,0.000000,41.643000
ARQ,2021-03-31,2021-06-04,2021-04-30,2022-Q1,3444338000.000000,71822016000.000000,2025-03-21,366000.000000,5929010000.000000,,4221336000.000000,1707674000.000000,,17.016000,-8910000.000000,644674000.000000,644674000.000000,97346000.000000,-203220000.000000,5.433000,0.196000,200530000.000000,20734000.000000,179796000.000000,200530000.000000,638736000.000000,13193000.000000,0.000000,0.000000,0.000000,-203471000.000000,-190278000.000000,-0.831000,-190278000.000000,-203471000.000000,-203471000.000000,-0.700000,-0.700000,-0.700000,4958321000.000000,,4958321000.000000,71377872000.000000,,,12944000.000000,0.044000,1.000000,131568000.000000,0.575000,38221000.000000,0.000000,4669647000.000000,,0.000000,4463426000.000000,3285751000.000000,1177675000.000000,970689000.000000,776998000.000000,193691000.000000,-174396000.000000,0.000000,67800000.000000,0.000000,0.000000,67800000.000000,-264069000.000000,-244699000.000000,21854000.000000,19000.000000,-203220000.000000,-203220000.000000,-203220000.000000,0.000000,0.000000,-0.888000,337163000.000000,-205595000.000000,4371000.000000,0.000000,14.485000,,,259132000.000000,0.000000,242.560000,,,166337000.000000,-1442641000.000000,228914000.000000,228914000.000000,109796000.000000,,,,,151014000.000000,227367000.000000,1.000000,296100000.000000,291385850.000000,291385850.000000,0.786000,5890789000.000000,0.000000,-251000.000000,0.000000,20.216000
ARQ,2021-06-30,2021-09-02,2021-07-31,2022-Q2,3632364000.000000,92343201000.000000,2025-03-21,1141000.000000,6032416000.000000,,4508102000.000000,1524314000.000000,,16.677000,-5841000.000000,698548000.000000,698548000.000000,106121000.000000,-189719000.000000,5.148000,0.215000,194897000.000000,20641000.000000,174256000.000000,194897000.000000,708858000.000000,13915000.000000,0.000000,0.000000,0.000000,-189205000.000000,-175290000.000000,-0.644000,-175290000.000000,-189205000.000000,-189205000.000000,-0.640000,-0.640000,-0.640000,4964965000.000000,,4964965000.000000,91839550000.000000,-121.000000,-129.641000,-11952000.000000,-0.040000,1.000000,166077000.000000,0.610000,36538000.000000,0.000000,4616489000.000000,,0.000000,4392952000.000000,3436941000.000000,956011000.000000,1067451000.000000,875738000.000000,191713000.000000,54586000.000000,0.000000,24463000.000000,0.000000,0.000000,24463000.000000,36038000.000000,42601000.000000,-6111000.000000,196000.000000,-189719000.000000,-189719000.000000,-189719000.000000,0.000000,0.000000,-0.697000,366218000.000000,-200141000.000000,9475000.000000,0.000000,18.599000,-121.382000,-121.300000,258617000.000000,0.000000,306.890000,108.486000,107.338000,237457000.000000,-1632360000.000000,272198000.000000,272198000.000000,118087000.000000,,,,,163991000.000000,248131000.000000,1.000000,300900000.000000,297717099.000000,297717099.000000,0.914000,5995878000.000000,0.000000,514000.000000,0.000000,20.140000
ARQ,2021-09-30,2021-12-03,2021-10-31,2022-Q3,3349522000.000000,105707193000.000000,2025-03-21,-3486000.000000,6163471000.000000,,4308257000.000000,1855214000.000000,,16.523000,-6070000.000000,935217000.000000,935217000.000000,120786000.000000,-154856000.000000,4.494000,0.231000,203891000.000000,25194000.000000,178697000.000000,203891000.000000,766876000.000000,14373000.000000,0.000000,0.000000,0.000000,-153677000.000000,-139304000.000000,-0.417000,-139304000.000000,-153677000.000000,-153677000.000000,-0.510000,-0.510000,-0.510000,5006682000.000000,,5006682000.000000,104975867000.000000,-141.000000,-152.003000,9468000.000000,0.031000,1.000000,213655000.000000,0.639000,34616000.000000,0.000000,4438794000.000000,,0.000000,4167471000.000000,2955613000.000000,1211858000.000000,1156789000.000000,958735000.000000,198054000.000000,236816000.000000,0.000000,50408000.000000,0.000000,0.000000,50408000.000000,171064000.000000,177134000.000000,15538000.000000,-194000.000000,-154856000.000000,-154856000.000000,-154856000.000000,0.000000,0.000000,-0.463000,370926000.000000,-157271000.000000,10559000.000000,0.000000,21.113000,-141.560000,-170.005000,278434000.000000,0.000000,345.110000,103.027000,101.919000,254243000.000000,-1787216000.000000,334441000.000000,334441000.000000,115900000.000000,,,,,144387000.000000,255026000.000000,1.000000,306300000.000000,303006685.000000,303006685.000000,1.104000,6128855000.000000,0.000000,1179000.000000,0.000000,20.227000
ARQ,2021-12-31,2022-03-30,2022-01-31,2022-Q4,3201550000.000000,72870798000.000000,2025-03-21,-16286000.000000,6649698000.000000,,4598643000.000000,2051055000.000000,,16.351000,-8172000.000000,1085729000.000000,1085729000.000000,134180000.000000,-132153000.000000,3.292000,0.317000,206297000.000000,25101000.000000,181196000.000000,206297000.000000,1169067000.000000,15570000.000000,0.000000,0.000000,0.000000,-130607000.000000,-115037000.000000,-0.300000,-115037000.000000,-130607000.000000,-130607000.000000,-0.420000,-0.420000,-0.420000,5049045000.000000,,5049045000.000000,71991366000.000000,-106.000000,-116.132000,70726000.000000,0.229000,1.000000,249594000.000000,0.650000,45590000.000000,0.000000,4327583000.000000,,0.000000,4022571000.000000,2766364000.000000,1256207000.000000,1600653000.000000,1397093000.000000,203560000.000000,150335000.000000,0.000000,36592000.000000,0.000000,0.000000,35527000.000000,36167000.000000,57491000.000000,78898000.000000,-257000.000000,-132153000.000000,-132153000.000000,-132153000.000000,0.000000,0.000000,-0.344000,401623000.000000,-152029000.000000,13441000.000000,0.000000,14.433000,-107.171000,-102.491000,295435000.000000,0.000000,231.630000,59.763000,57.042000,545629000.000000,-1919369000.000000,383774000.000000,383774000.000000,123149000.000000,,,,,145703000.000000,278474000.000000,1.000000,314600000.000000,308785997.000000,308785997.000000,1.243000,6604108000.000000,0.000000,1546000.000000,0.000000,21.387000
ARQ,2022-03-31,2022-06-03,2022-04-30,2023-Q1,2978015000.000000,41295742000.000000,2025-03-21,-46587000.000000,7022699000.000000,,4341733000.000000,2680966000.000000,,17.362000,-12217000.000000,1063401000.000000,1063401000.000000,147930000.000000,-165794000.000000,3.184000,0.287000,206549000.000000,27298000.000000,179251000.000000,206549000.000000,1143131000.000000,20032000.000000,0.000000,0.000000,0.000000,-192488000.000000,-172456000.000000,-0.408000,-172456000.000000,-192488000.000000,-192488000.000000,-0.530000,-0.530000,-0.530000,5457994000.000000,,5457994000.000000,40438890000.000000,-61.000000,-67.165000,172396000.000000,0.548000,1.000000,274441000.000000,0.650000,684465000.000000,0.000000,4117664000.000000,,0.000000,3964057000.000000,2751679000.000000,1212378000.000000,1564705000.000000,1363718000.000000,200987000.000000,-22123000.000000,-177925000.000000,41370000.000000,0.000000,0.000000,-11846000.000000,-189792000.000000,350000.000000,184613000.000000,-5098000.000000,-165794000.000000,-165794000.000000,-165794000.000000,0.000000,0.000000,-0.393000,463207000.000000,-188766000.000000,18442000.000000,0.000000,7.566000,-64.271000,-61.819000,307557000.000000,0.000000,129.820000,29.230000,28.886000,277559000.000000,-2085163000.000000,422371000.000000,422371000.000000,150798000.000000,,,,,172493000.000000,312409000.000000,1.000000,318100000.000000,314361000.000000,314361000.000000,1.344000,6338234000.000000,0.000000,-26694000.000000,0.000000,20.162000
ARQ,2022-06-30,2022-09-01,2022-07-31,2023-Q2,3102261000.000000,55408000000.000000,2025-03-21,-47857000.000000,7064115000.000000,,4503697000.000000,2560418000.000000,,17.045000,-10584000.000000,906663000.000000,906663000.000000,173232000.000000,-222806000.000000,3.214000,0.302000,241757000.000000,26605000.000000,215152000.000000,241757000.000000,1153566000.000000,27320000.000000,0.000000,0.000000,0.000000,-218960000.000000,-191640000.000000,-0.385000,-191640000.000000,-218960000.000000,-218960000.000000,-0.700000,-0.700000,-0.700000,5426323000.000000,,5426323000.000000,54743094000.000000,-79.000000,-88.518000,53849000.000000,0.169000,1.000000,324016000.000000,0.652000,674868000.000000,0.000000,4322905000.000000,,0.000000,4133161000.000000,3046477000.000000,1086684000.000000,1637792000.000000,1401436000.000000,236356000.000000,-156677000.000000,0.000000,8520000.000000,0.000000,0.000000,-22373000.000000,-196447000.000000,-185163000.000000,64433000.000000,-2290000.000000,-222806000.000000,-222806000.000000,-222806000.000000,0.000000,0.000000,-0.448000,531748000.000000,-207732000.000000,20286000.000000,0.000000,10.211000,-82.012000,-80.162000,352322000.000000,0.000000,173.150000,33.830000,33.656000,304964000.000000,-2307969000.000000,497248000.000000,497248000.000000,183748000.000000,,,,,209181000.000000,348000000.000000,1.000000,320000000.000000,318356000.000000,318356000.000000,1.562000,6389247000.000000,0.000000,3846000.000000,0.000000,20.070000
ARQ,2022-09-30,2022-12-02,2022-10-31,2023-Q3,3079862000.000000,48156384000.000000,2025-03-21,-69179000.000000,7155688000.000000,,4558904000.000000,2596784000.000000,,16.902000,-14284000.000000,819003000.000000,819003000.000000,190721000.000000,-201442000.000000,3.082000,0.320000,254276000.000000,29263000.000000,225013000.000000,254276000.000000,1207034000.000000,30036000.000000,0.000000,0.000000,0.000000,-196927000.000000,-166891000.000000,-0.300000,-166891000.000000,-196927000.000000,-196927000.000000,-0.630000,-0.630000,-0.630000,5410777000.000000,,5410777000.000000,47591657000.000000,-64.000000,-73.669000,64993000.000000,0.203000,1.000000,366307000.000000,0.658000,845257000.000000,0.000000,4266662000.000000,,0.000000,4066960000.000000,3123879000.000000,943081000.000000,1732417000.000000,1479042000.000000,253375000.000000,-87908000.000000,-174630000.000000,22136000.000000,0.000000,0.000000,-18321000.000000,-146862000.000000,42052000.000000,79277000.000000,-2002000.000000,-200936000.000000,-200936000.000000,-200936000.000000,0.000000,-506000.000000,-0.361000,572326000.000000,-206019000.000000,24757000.000000,0.000000,8.900000,-66.727000,-65.675000,380652000.000000,0.000000,149.740000,25.885000,25.767000,394063000.000000,-2508905000.000000,557028000.000000,557028000.000000,211387000.000000,,,,,229163000.000000,360939000.000000,1.000000,321600000.000000,320135000.000000,320135000.000000,1.740000,6310431000.000000,0.000000,4009000.000000,0.000000,19.712000
ARQ,2022-12-31,2023-03-29,2023-01-31,2023-Q4,2991173000.000000,44674500000.000000,2025-03-21,-38272000.000000,7722322000.000000,,4984690000.000000,2737632000.000000,,16.948000,-12055000.000000,939902000.000000,939902000.000000,205657000.000000,-207484000.000000,2.500000,0.413000,251658000.000000,27301000.000000,224357000.000000,251658000.000000,1684938000.000000,32387000.000000,0.000000,0.000000,0.000000,-206797000.000000,-174410000.000000,-0.296000,-174410000.000000,-206797000.000000,-206797000.000000,-0.640000,-0.640000,-0.640000,5456436000.000000,,5456436000.000000,43986256000.000000,-54.000000,-62.357000,205261000.000000,0.638000,1.000000,383355000.000000,0.651000,843383000.000000,0.000000,4197178000.000000,,0.000000,4140989000.000000,3067966000.000000,1073023000.000000,2253707000.000000,1993517000.000000,260190000.000000,120905000.000000,-11854000.000000,8798000.000000,0.000000,0.000000,-40084000.000000,-64784000.000000,-42675000.000000,217316000.000000,8457000.000000,-207169000.000000,-207169000.000000,-207169000.000000,0.000000,-315000.000000,-0.352000,623105000.000000,-239750000.000000,23672000.000000,0.000000,8.187000,-56.074000,-54.984000,392089000.000000,0.000000,137.460000,21.627000,21.210000,715821000.000000,-2716074000.000000,589012000.000000,589012000.000000,242125000.000000,,,,,66048000.000000,380980000.000000,1.000000,325000000.000000,321961000.000000,321961000.000000,1.829000,6878939000.000000,0.000000,372000.000000,0.000000,21.366000
ARQ,2023-03-31,2023-06-02,2023-04-30,2024-Q1,2682006000.000000,57100939000.000000,2025-03-21,-30828000.000000,7446774000.000000,,4569547000.000000,2877227000.000000,,16.308000,-16311000.000000,653014000.000000,653014000.000000,209414000.000000,-226064000.000000,2.421000,0.406000,254843000.000000,29190000.000000,225653000.000000,254843000.000000,1574597000.000000,36032000.000000,0.000000,0.000000,0.000000,-232232000.000000,-196200000.000000,-0.315000,-196200000.000000,-232232000.000000,-232232000.000000,-0.700000,-0.700000,-0.700000,5286243000.000000,,5286243000.000000,56702768000.000000,-66.000000,-77.767000,283133000.000000,0.873000,1.000000,414185000.000000,0.664000,967670000.000000,0.000000,4193392000.000000,,0.000000,4383229000.000000,3292514000.000000,1090715000.000000,2148789000.000000,1887541000.000000,261248000.000000,-285892000.000000,-123112000.000000,-139259000.000000,0.000000,0.000000,-223658000.000000,-362213000.000000,-222790000.000000,299444000.000000,535000.000000,-225627000.000000,-225627000.000000,-225627000.000000,0.000000,-437000.000000,-0.362000,687423000.000000,-273238000.000000,22221000.000000,0.000000,10.802000,-66.665000,-65.622000,405827000.000000,0.000000,175.210000,25.189000,25.054000,352993000.000000,-3065096000.000000,623599000.000000,623599000.000000,277412000.000000,,,,,264509000.000000,410011000.000000,1.000000,325900000.000000,324157000.000000,324157000.000000,1.924000,6479104000.000000,0.000000,-6605000.000000,0.000000,19.988000
ARQ,2023-06-30,2023-08-31,2023-07-31,2024-Q2,2491639000.000000,51713445000.000000,2025-03-21,-32244000.000000,7509816000.000000,,4404951000.000000,3104865000.000000,,16.151000,-14172000.000000,755192000.000000,755192000.000000,218392000.000000,-227320000.000000,2.302000,0.418000,296852000.000000,33846000.000000,263006000.000000,296852000.000000,1535562000.000000,42068000.000000,0.000000,0.000000,0.000000,-230588000.000000,-188520000.000000,-0.280000,-188520000.000000,-230588000.000000,-230588000.000000,-0.690000,-0.690000,-0.690000,5286938000.000000,,5286938000.000000,51255105000.000000,-59.000000,-70.597000,69019000.000000,0.211000,1.000000,455626000.000000,0.676000,1120401000.000000,0.000000,4017763000.000000,,0.000000,4097689000.000000,2996941000.000000,1100748000.000000,2211589000.000000,1913312000.000000,298277000.000000,102541000.000000,-141459000.000000,16149000.000000,0.000000,0.000000,-82162000.000000,101042000.000000,284153000.000000,83191000.000000,470000.000000,-226867000.000000,-226867000.000000,-226867000.000000,0.000000,-453000.000000,-0.337000,741033000.000000,-285407000.000000,41248000.000000,0.000000,9.781000,-60.090000,-58.966000,456052000.000000,0.000000,156.850000,21.162000,21.011000,406404000.000000,-3291963000.000000,674018000.000000,674018000.000000,313996000.000000,,,,,299722000.000000,427037000.000000,1.000000,329700000.000000,327335000.000000,327335000.000000,2.059000,6389415000.000000,0.000000,-3721000.000000,0.000000,19.519000
ARQ,2023-09-30,2023-12-01,2023-10-31,2024-Q3,2279611000.000000,61239921000.000000,2025-03-21,-27208000.000000,7264379000.000000,,4312283000.000000,2952096000.000000,,14.970000,-18635000.000000,982182000.000000,982182000.000000,228948000.000000,-214694000.000000,2.121000,0.471000,286377000.000000,33348000.000000,253029000.000000,286377000.000000,1617669000.000000,45958000.000000,0.000000,0.000000,0.000000,-210859000.000000,-164901000.000000,-0.225000,-164901000.000000,-210859000.000000,-210859000.000000,-0.650000,-0.650000,-0.650000,4929921000.000000,,4929921000.000000,60544116000.000000,-69.000000,-83.621000,102272000.000000,0.311000,1.000000,505225000.000000,0.688000,1114172000.000000,0.000000,3421730000.000000,,0.000000,3514186000.000000,2566357000.000000,947829000.000000,2323612000.000000,2032672000.000000,290940000.000000,226515000.000000,-14963000.000000,-368534000.000000,0.000000,0.000000,-459652000.000000,570860000.000000,605722000.000000,120907000.000000,-5600000.000000,-214251000.000000,-214251000.000000,-214251000.000000,0.000000,-443000.000000,-0.292000,765848000.000000,-260623000.000000,75456000.000000,0.000000,12.422000,-70.075000,-69.392000,470616000.000000,0.000000,185.970000,23.367000,23.368000,511034000.000000,-3906252000.000000,734173000.000000,734173000.000000,332065000.000000,,,,,298286000.000000,433783000.000000,1.000000,329300000.000000,329310000.000000,329310000.000000,2.229000,6150207000.000000,0.000000,3392000.000000,0.000000,18.676000
ARQ,2023-12-31,2024-03-26,2024-01-31,2024-Q4,2308034000.000000,52810284000.000000,2025-03-21,-8220000.000000,8223383000.000000,,5039264000.000000,3184119000.000000,,15.645000,-20101000.000000,1762749000.000000,1762749000.000000,241804000.000000,-169912000.000000,1.845000,0.585000,287981000.000000,33944000.000000,254037000.000000,287981000.000000,2213107000.000000,48737000.000000,0.000000,0.000000,0.000000,-173651000.000000,-124914000.000000,-0.161000,-124914000.000000,-173651000.000000,-173651000.000000,-0.510000,-0.510000,-0.510000,5180308000.000000,,5180308000.000000,51335516000.000000,-61.000000,-76.105000,324479000.000000,0.980000,1.000000,532895000.000000,0.688000,1307317000.000000,0.000000,2710068000.000000,,0.000000,2999806000.000000,2083499000.000000,916307000.000000,3032789000.000000,2731230000.000000,301559000.000000,781082000.000000,3828000.000000,18340000.000000,0.000000,0.000000,-88631000.000000,522569000.000000,538842000.000000,344580000.000000,2564000.000000,-169352000.000000,-169352000.000000,-169352000.000000,0.000000,-560000.000000,-0.219000,808400000.000000,-275505000.000000,51721000.000000,0.000000,10.194000,-63.163000,-61.969000,499592000.000000,0.000000,158.020000,18.817000,18.468000,926902000.000000,-4075604000.000000,774699000.000000,774699000.000000,364476000.000000,,,,,305498000.000000,443924000.000000,1.000000,334200000.000000,331112000.000000,331112000.000000,2.340000,6916066000.000000,0.000000,-4299000.000000,0.000000,20.887000
ARQ,2024-03-31,2024-05-31,2024-04-30,2025-Q1,1714467000.000000,45593064000.000000,2025-03-21,-15713000.000000,7298018000.000000,,4143290000.000000,3154728000.000000,,13.664000,-23923000.000000,1330411000.000000,1330411000.000000,272517000.000000,-317816000.000000,1.706000,0.599000,278441000.000000,30940000.000000,247501000.000000,278441000.000000,1950334000.000000,53943000.000000,0.000000,0.000000,0.000000,-314267000.000000,-260324000.000000,-0.314000,-260324000.000000,-314267000.000000,-314267000.000000,-0.950000,-0.950000,-0.950000,4558234000.000000,,4558234000.000000,44541094000.000000,-48.000000,-60.300000,331545000.000000,0.994000,1.000000,556192000.000000,0.671000,1283873000.000000,0.000000,2533352000.000000,,0.000000,3128916000.000000,2200935000.000000,927981000.000000,2730326000.000000,2428823000.000000,301503000.000000,-431841000.000000,0.000000,-458908000.000000,0.000000,0.000000,-633498000.000000,-151178000.000000,-126506000.000000,355468000.000000,-2633000.000000,-316988000.000000,-316988000.000000,-316988000.000000,0.000000,-828000.000000,-0.383000,904764000.000000,-348572000.000000,64239000.000000,0.000000,10.002000,-49.159000,-48.636000,508348000.000000,0.000000,136.180000,15.139000,15.084000,345505000.000000,-4908921000.000000,828709000.000000,828709000.000000,410794000.000000,,,,,331936000.000000,493970000.000000,1.000000,334800000.000000,333584000.000000,333584000.000000,2.484000,6014145000.000000,0.000000,2721000.000000,0.000000,18.029000
ARQ,2024-06-30,2024-08-29,2024-07-31,2025-Q2,1433406000.000000,38259728000.000000,2025-03-21,-5379000.000000,6943886000.000000,,3898088000.000000,3045798000.000000,,12.360000,-11035000.000000,1282045000.000000,1282045000.000000,288078000.000000,-317770000.000000,1.582000,0.680000,312812000.000000,32843000.000000,279969000.000000,312812000.000000,1860656000.000000,58957000.000000,0.000000,0.000000,0.000000,-313113000.000000,-254156000.000000,-0.293000,-254156000.000000,-313113000.000000,-313113000.000000,-0.950000,-0.950000,-0.950000,4129001000.000000,,4129001000.000000,37290495000.000000,-37.000000,-46.364000,58830000.000000,0.176000,1.000000,580745000.000000,0.668000,1270614000.000000,0.000000,2239357000.000000,,0.000000,2645868000.000000,1948462000.000000,697406000.000000,2806298000.000000,2464682000.000000,341616000.000000,-35879000.000000,-8906000.000000,-387022000.000000,0.000000,0.000000,-490546000.000000,384078000.000000,404019000.000000,69865000.000000,724000.000000,-316899000.000000,-316899000.000000,-316899000.000000,0.000000,-871000.000000,-0.365000,936048000.000000,-355303000.000000,134537000.000000,0.000000,9.266000,-37.602000,-37.301000,537237000.000000,0.000000,114.140000,11.932000,11.892000,431597000.000000,-5625819000.000000,868823000.000000,868823000.000000,437660000.000000,,,,,356000000.000000,498388000.000000,1.000000,335200000.000000,334071000.000000,334071000.000000,2.601000,5673272000.000000,0.000000,3786000.000000,0.000000,16.982000
ARQ,2024-09-30,2024-11-27,2024-10-31,2025-Q3,2336799000.000000,57321000000.000000,2025-03-21,-2760000.000000,8202258000.000000,,4984071000.000000,3218187000.000000,,8.830000,-23472000.000000,2148928000.000000,2148928000.000000,320894000.000000,-327902000.000000,1.883000,1.798000,2595628000.000000,38288000.000000,2557340000.000000,2595628000.000000,1986907000.000000,61848000.000000,0.000000,0.000000,0.000000,-321653000.000000,-259805000.000000,-0.276000,-259805000.000000,-321653000.000000,-322342000.000000,-0.980000,-0.980000,-0.980000,2929445000.000000,,2929445000.000000,57767700000.000000,-51.000000,-64.244000,78234000.000000,0.236000,1.000000,621200000.000000,0.659000,1259179000.000000,689000.000000,4742507000.000000,,0.000000,2900839000.000000,2008062000.000000,892777000.000000,5267849000.000000,2647272000.000000,2620577000.000000,852981000.000000,-8219000.000000,-974138000.000000,2073270000.000000,0.000000,1017639000.000000,-267142000.000000,-235451000.000000,101706000.000000,778000.000000,-324279000.000000,-324279000.000000,-324279000.000000,0.000000,-3623000.000000,-0.344000,986657000.000000,-365457000.000000,148920000.000000,0.000000,19.567000,-50.838000,-51.239000,559093000.000000,0.000000,173.700000,16.788000,16.878000,596352000.000000,-6970492000.000000,942094000.000000,942094000.000000,442435000.000000,,,,,363259000.000000,544222000.000000,1.000000,330000000.000000,331761000.000000,331761000.000000,2.840000,6943079000.000000,0.000000,1937000.000000,0.000000,20.928000
ARQ,2024-12-31,2025-03-21,2025-01-31,2025-Q4,2568189000.000000,52918099000.000000,2025-03-21,-2236000.000000,9033938000.000000,,5869372000.000000,3164566000.000000,,9.052000,-17282000.000000,2628798000.000000,2628798000.000000,333184000.000000,-325724000.000000,1.778000,2.009000,2685270000.000000,35923000.000000,2649347000.000000,2685270000.000000,2595540000.000000,67703000.000000,0.000000,0.000000,0.000000,-329735000.000000,-262032000.000000,-0.266000,-262032000.000000,-329735000.000000,-331805000.000000,-0.980000,-0.980000,-0.980000,2999929000.000000,,2999929000.000000,52974571000.000000,-41.000000,-51.118000,415443000.000000,1.254000,1.000000,653586000.000000,0.662000,1334587000.000000,2070000.000000,4454640000.000000,,0.000000,2665349000.000000,2008873000.000000,656476000.000000,6027295000.000000,3301183000.000000,2726112000.000000,532440000.000000,-13430000.000000,9674000.000000,0.000000,0.000000,-120118000.000000,224888000.000000,255350000.000000,432725000.000000,-5055000.000000,-327474000.000000,-327474000.000000,-327474000.000000,0.000000,1750000.000000,-0.332000,1040264000.000000,-386678000.000000,169767000.000000,0.000000,17.640000,-41.161000,-41.034000,655832000.000000,0.000000,158.390000,14.592000,14.532000,922805000.000000,-7293575000.000000,986770000.000000,986770000.000000,492490000.000000,,,,,428119000.000000,547774000.000000,1.000000,334100000.000000,331420000.000000,331420000.000000,2.977000,7699351000.000000,0.000000,-4331000.000000,0.000000,23.231000
ART,2020-06-30,2020-09-14,2020-07-31,2021-Q2,315789000.000000,,2025-03-21,1146000.000000,1437241000.000000,,793448000.000000,643793000.000000,,-11.466000,-19798000.000000,138900000.000000,138900000.000000,157014000.000000,-342589000.000000,1.661000,-1.034000,201459000.000000,17204000.000000,184255000.000000,201459000.000000,376720000.000000,38013000.000000,0.000000,,0.000000,-341671000.000000,-303658000.000000,-0.754000,-303658000.000000,-341671000.000000,-341671000.000000,-6.530000,-6.530000,-6.530000,-651399000.000000,,-651399000.000000,,,,-131617000.000000,-2.317000,1.000000,245650000.000000,0.610000,24144000.000000,0.000000,997997000.000000,,0.000000,747920000.000000,451976000.000000,295944000.000000,673593000.000000,477659000.000000,195934000.000000,-9508000.000000,-6035000.000000,51041000.000000,2090000.000000,0.000000,540170000.000000,-437859000.000000,-405842000.000000,-111819000.000000,0.000000,-342589000.000000,-342589000.000000,-342589000.000000,0.000000,0.000000,-0.851000,594980000.000000,-349330000.000000,7713000.000000,0.000000,,,,229817000.000000,0.000000,,,,151210000.000000,-871597000.000000,402664000.000000,402664000.000000,127189000.000000,,,,-0.849000,82581000.000000,467791000.000000,1.000000,277290066.000000,56809625.000000,56809625.000000,7.088000,1413097000.000000,0.000000,918000.000000,0.000000,24.874000
ART,2020-09-30,2020-12-03,2020-10-31,2021-Q3,4439112000.000000,96222859000.000000,2025-03-21,375000.000000,5712889000.000000,,4986771000.000000,726118000.000000,,29.771000,,3939925000.000000,3939925000.000000,,,9.106000,0.150000,206051000.000000,19333000.000000,186718000.000000,206051000.000000,441704000.000000,,0.000000,0.000000,0.000000,,,,,,,,,,4967815000.000000,,4967815000.000000,92488985000.000000,,,,,1.000000,,,23269000.000000,,1408087000.000000,,0.000000,1161526000.000000,814123000.000000,347403000.000000,745074000.000000,547659000.000000,197415000.000000,,,,,,,,,,,,,,,,,,,5061000.000000,,19.369000,,,242905000.000000,,339.890000,,,168982000.000000,-1040486000.000000,,,,,,,,,,1.000000,283100000.000000,166868200.000000,,,5689620000.000000,0.000000,,0.000000,34.096000
ART,2020-12-31,2021-03-31,2021-01-31,2021-Q4,3511388000.000000,66193136000.000000,2025-03-21,439000.000000,5921739000.000000,,4300652000.000000,1621087000.000000,,34.859000,-40330000.000000,820177000.000000,820177000.000000,242588000.000000,-539102000.000000,5.449000,0.200000,204537000.000000,19650000.000000,184887000.000000,204537000.000000,642846000.000000,43301000.000000,0.000000,0.000000,0.000000,-537040000.000000,-493739000.000000,-0.834000,-493739000.000000,-537040000.000000,-537040000.000000,-3.810000,-3.810000,-3.810000,4936471000.000000,,4936471000.000000,65577496000.000000,-122.000000,-132.818000,-85747000.000000,-0.606000,1.000000,349461000.000000,0.590000,24540000.000000,0.000000,4492295000.000000,,0.000000,4253162000.000000,3087887000.000000,1165275000.000000,985268000.000000,789264000.000000,196004000.000000,693217000.000000,-6035000.000000,4295791000.000000,2090000.000000,0.000000,4775290000.000000,-4036645000.000000,-3981906000.000000,-45417000.000000,-11000.000000,-539102000.000000,-539102000.000000,-539102000.000000,0.000000,0.000000,-0.911000,893398000.000000,-543937000.000000,5647000.000000,0.000000,13.409000,-122.784000,-60.178000,255786000.000000,0.000000,229.280000,111.803000,54.842000,294017000.000000,-1239421000.000000,592049000.000000,592049000.000000,237946000.000000,,,,-0.907000,301441000.000000,655452000.000000,1.000000,288700000.000000,141613196.000000,141613196.000000,4.181000,5897199000.000000,0.000000,2062000.000000,0.000000,41.643000
ART,2021-03-31,2021-06-04,2021-04-30,2022-Q1,3444338000.000000,71822016000.000000,2025-03-21,366000.000000,5929010000.000000,4750219750.000000,4221336000.000000,1707674000.000000,,17.016000,,644674000.000000,644674000.000000,,,5.433000,0.196000,200530000.000000,20734000.000000,179796000.000000,200530000.000000,638736000.000000,,0.000000,0.000000,0.000000,,,,,,,,,,4958321000.000000,3552802000.000000,4958321000.000000,71377872000.000000,,,,,1.000000,,,38221000.000000,,4669647000.000000,2892006500.000000,0.000000,4463426000.000000,3285751000.000000,1177675000.000000,970689000.000000,776998000.000000,193691000.000000,,,,,,,,,,,,,,,,,,,4371000.000000,,14.485000,,,259132000.000000,,242.560000,,,166337000.000000,-1442641000.000000,,,,,,,,,,1.000000,296100000.000000,291385850.000000,,,5890789000.000000,0.000000,,0.000000,20.216000
ART,2021-06-30,2021-09-02,2021-07-31,2022-Q2,3632364000.000000,92343201000.000000,2025-03-21,1141000.000000,6032416000.000000,5899013500.000000,4508102000.000000,1524314000.000000,0.144000,16.677000,-45163000.000000,698548000.000000,698548000.000000,353052000.000000,-760763000.000000,5.148000,0.215000,194897000.000000,20641000.000000,174256000.000000,194897000.000000,708858000.000000,50310000.000000,0.000000,0.000000,0.000000,-758725000.000000,-708415000.000000,-0.832000,-708415000.000000,-758725000.000000,-758725000.000000,-2.530000,-2.530000,-2.530000,4964965000.000000,4956893000.000000,4964965000.000000,91839550000.000000,-121.000000,-129.641000,-29560000.000000,-0.099000,1.000000,498149000.000000,0.585000,36538000.000000,0.000000,4616489000.000000,3796629500.000000,0.000000,4392952000.000000,3436941000.000000,956011000.000000,1067451000.000000,875738000.000000,191713000.000000,561495000.000000,0.000000,4367189000.000000,0.000000,0.000000,4368961000.000000,-3823273000.000000,-3764738000.000000,15603000.000000,204000.000000,-760763000.000000,-760763000.000000,-760763000.000000,0.000000,0.000000,-0.894000,1273736000.000000,-775587000.000000,9475000.000000,0.000000,18.599000,-121.382000,-121.300000,258617000.000000,0.000000,306.890000,108.486000,107.338000,237457000.000000,-1632360000.000000,851201000.000000,851201000.000000,396018000.000000,-0.129000,-0.153000,-0.200000,-0.891000,577797000.000000,877718000.000000,1.000000,300900000.000000,297717099.000000,297717099.000000,2.859000,5995878000.000000,0.000000,2038000.000000,0.000000,20.140000
ART,2021-09-30,2021-12-03,2021-10-31,2022-Q3,3349522000.000000,105707193000.000000,2025-03-21,-3486000.000000,6163471000.000000,6011659000.000000,4308257000.000000,1855214000.000000,0.171000,16.523000,-33119000.000000,935217000.000000,935217000.000000,407157000.000000,-746730000.000000,4.494000,0.231000,203891000.000000,25194000.000000,178697000.000000,203891000.000000,766876000.000000,53331000.000000,0.000000,0.000000,0.000000,-743946000.000000,-690615000.000000,-0.673000,-690615000.000000,-743946000.000000,-743946000.000000,-2.030000,-2.030000,-2.030000,5006682000.000000,4966609750.000000,5006682000.000000,104975867000.000000,-141.000000,-152.003000,17776000.000000,0.059000,1.000000,618861000.000000,0.603000,34616000.000000,0.000000,4438794000.000000,4554306250.000000,0.000000,4167471000.000000,2955613000.000000,1211858000.000000,1156789000.000000,958735000.000000,198054000.000000,-3002720000.000000,0.000000,164949000.000000,0.000000,0.000000,164949000.000000,-3218574000.000000,-3172083000.000000,50895000.000000,10000.000000,-746730000.000000,-746730000.000000,-746730000.000000,0.000000,0.000000,-0.728000,1382265000.000000,-763404000.000000,10559000.000000,0.000000,21.113000,-141.560000,-170.005000,278434000.000000,0.000000,345.110000,103.027000,101.919000,254243000.000000,-1787216000.000000,1026018000.000000,1026018000.000000,437780000.000000,-0.124000,-0.150000,-0.163000,-0.725000,603043000.000000,944485000.000000,1.000000,306300000.000000,303006685.000000,303006685.000000,3.386000,6128855000.000000,0.000000,2784000.000000,0.000000,20.227000
ART,2021-12-31,2022-03-30,2022-01-31,2022-Q4,3201550000.000000,72870798000.000000,2025-03-21,-16286000.000000,6649698000.000000,6193648750.000000,4598643000.000000,2051055000.000000,0.197000,16.815000,-28993000.000000,1085729000.000000,1085729000.000000,458433000.000000,-679948000.000000,3.292000,0.317000,206297000.000000,25101000.000000,181196000.000000,206297000.000000,1169067000.000000,57051000.000000,0.000000,0.000000,0.000000,-676960000.000000,-619909000.000000,-0.508000,-619909000.000000,-676960000.000000,-676960000.000000,-2.260000,-2.260000,-2.260000,5049045000.000000,4994753250.000000,5049045000.000000,71991366000.000000,-106.000000,-116.132000,81186000.000000,0.270000,1.000000,760894000.000000,0.624000,45590000.000000,0.000000,4327583000.000000,4513128250.000000,0.000000,4022571000.000000,2766364000.000000,1256207000.000000,1600653000.000000,1397093000.000000,203560000.000000,267341000.000000,0.000000,179263000.000000,0.000000,0.000000,178198000.000000,-20800000.000000,32527000.000000,110179000.000000,-236000.000000,-679948000.000000,-679948000.000000,-679948000.000000,0.000000,0.000000,-0.558000,1475930000.000000,-715036000.000000,13441000.000000,0.000000,14.433000,-107.171000,-102.491000,295435000.000000,0.000000,231.630000,59.763000,57.042000,545629000.000000,-1919369000.000000,1219327000.000000,1219327000.000000,466932000.000000,-0.110000,-0.136000,-0.150000,-0.555000,605095000.000000,1008998000.000000,1.000000,314600000.000000,300273227.000000,300273227.000000,4.061000,6604108000.000000,0.000000,2988000.000000,0.000000,21.994000
ART,2022-03-31,2022-06-03,2022-04-30,2023-Q1,2978015000.000000,41295742000.000000,2025-03-21,-46587000.000000,7022699000.000000,6467071000.000000,4341733000.000000,2680966000.000000,0.218000,17.362000,-32300000.000000,1063401000.000000,1063401000.000000,509017000.000000,-642522000.000000,3.184000,0.287000,206549000.000000,27298000.000000,179251000.000000,206549000.000000,1143131000.000000,63890000.000000,0.000000,0.000000,0.000000,-665977000.000000,-602087000.000000,-0.426000,-602087000.000000,-665977000.000000,-665977000.000000,-2.100000,-2.100000,-2.100000,5457994000.000000,5119671500.000000,5457994000.000000,40438890000.000000,-61.000000,-67.165000,240638000.000000,0.765000,1.000000,903767000.000000,0.640000,684465000.000000,0.000000,4117664000.000000,4375132500.000000,0.000000,3964057000.000000,2751679000.000000,1212378000.000000,1564705000.000000,1363718000.000000,200987000.000000,419614000.000000,-177925000.000000,152833000.000000,0.000000,0.000000,98552000.000000,53477000.000000,277576000.000000,272938000.000000,-5353000.000000,-642522000.000000,-642522000.000000,-642522000.000000,0.000000,0.000000,-0.455000,1601974000.000000,-698207000.000000,18442000.000000,0.000000,7.566000,-64.271000,-61.819000,307557000.000000,0.000000,129.820000,29.230000,28.886000,277559000.000000,-2085163000.000000,1412784000.000000,1412784000.000000,507934000.000000,-0.099000,-0.126000,-0.152000,-0.471000,626574000.000000,1094040000.000000,1.000000,318100000.000000,314361000.000000,314361000.000000,4.494000,6338234000.000000,0.000000,-23455000.000000,0.000000,20.162000
ART,2022-06-30,2022-09-01,2022-07-31,2023-Q2,3102261000.000000,55408000000.000000,2025-03-21,-47857000.000000,7064115000.000000,6724995750.000000,4503697000.000000,2560418000.000000,0.244000,17.045000,-37043000.000000,906663000.000000,906663000.000000,576128000.000000,-675609000.000000,3.214000,0.302000,241757000.000000,26605000.000000,215152000.000000,241757000.000000,1153566000.000000,77295000.000000,0.000000,0.000000,0.000000,-695732000.000000,-618437000.000000,-0.378000,-618437000.000000,-695732000.000000,-695732000.000000,-2.160000,-2.160000,-2.160000,5426323000.000000,5235011000.000000,5426323000.000000,54743094000.000000,-79.000000,-88.518000,306439000.000000,0.963000,1.000000,1061706000.000000,0.648000,674868000.000000,0.000000,4322905000.000000,4301736500.000000,0.000000,4133161000.000000,3046477000.000000,1086684000.000000,1637792000.000000,1401436000.000000,236356000.000000,208351000.000000,-177925000.000000,136890000.000000,0.000000,0.000000,51716000.000000,-179008000.000000,49812000.000000,343482000.000000,-7839000.000000,-675609000.000000,-675609000.000000,-675609000.000000,0.000000,0.000000,-0.413000,1767504000.000000,-705798000.000000,20286000.000000,0.000000,10.211000,-82.012000,-80.162000,352322000.000000,0.000000,173.150000,33.830000,33.656000,304964000.000000,-2307969000.000000,1637834000.000000,1637834000.000000,573595000.000000,-0.100000,-0.129000,-0.162000,-0.425000,671764000.000000,1193909000.000000,1.000000,320000000.000000,318356000.000000,318356000.000000,5.145000,6389247000.000000,0.000000,-20123000.000000,0.000000,20.070000
ART,2022-09-30,2022-12-02,2022-10-31,2023-Q3,3079862000.000000,48156384000.000000,2025-03-21,-69179000.000000,7155688000.000000,6973050000.000000,4558904000.000000,2596784000.000000,0.267000,16.902000,-45257000.000000,819003000.000000,819003000.000000,646063000.000000,-722195000.000000,3.082000,0.320000,254276000.000000,29263000.000000,225013000.000000,254276000.000000,1207034000.000000,92958000.000000,0.000000,0.000000,0.000000,-738982000.000000,-646024000.000000,-0.347000,-646024000.000000,-738982000.000000,-738982000.000000,-2.280000,-2.280000,-2.280000,5410777000.000000,5336034750.000000,5410777000.000000,47591657000.000000,-64.000000,-73.669000,361964000.000000,1.131000,1.000000,1214358000.000000,0.653000,845257000.000000,0.000000,4266662000.000000,4258703500.000000,0.000000,4066960000.000000,3123879000.000000,943081000.000000,1732417000.000000,1479042000.000000,253375000.000000,-116373000.000000,-352555000.000000,108618000.000000,0.000000,0.000000,-17013000.000000,-496934000.000000,-85270000.000000,407221000.000000,-9647000.000000,-721689000.000000,-721689000.000000,-721689000.000000,0.000000,-506000.000000,-0.388000,1968904000.000000,-754546000.000000,24757000.000000,0.000000,8.900000,-66.727000,-65.675000,380652000.000000,0.000000,149.740000,25.885000,25.767000,394063000.000000,-2508905000.000000,1860421000.000000,1860421000.000000,669082000.000000,-0.103000,-0.135000,-0.174000,-0.397000,756540000.000000,1299822000.000000,1.000000,321600000.000000,320135000.000000,320135000.000000,5.811000,6310431000.000000,0.000000,-17293000.000000,0.000000,19.712000
ART,2022-12-31,2023-03-29,2023-01-31,2023-Q4,2991173000.000000,44674500000.000000,2025-03-21,-38272000.000000,7722322000.000000,7241206000.000000,4984690000.000000,2737632000.000000,0.285000,17.119000,-49140000.000000,939902000.000000,939902000.000000,717540000.000000,-797526000.000000,2.500000,0.413000,251658000.000000,27301000.000000,224357000.000000,251658000.000000,1684938000.000000,109775000.000000,0.000000,0.000000,0.000000,-815172000.000000,-705397000.000000,-0.341000,-705397000.000000,-815172000.000000,-815172000.000000,-2.500000,-2.500000,-2.500000,5456436000.000000,5437882500.000000,5456436000.000000,43986256000.000000,-54.000000,-62.357000,496499000.000000,1.558000,1.000000,1348119000.000000,0.653000,843383000.000000,0.000000,4197178000.000000,4226102250.000000,0.000000,4140989000.000000,3067966000.000000,1073023000.000000,2253707000.000000,1993517000.000000,260190000.000000,-145803000.000000,-364409000.000000,80824000.000000,0.000000,0.000000,-92624000.000000,-597885000.000000,-185436000.000000,545639000.000000,-933000.000000,-796705000.000000,-796705000.000000,-796705000.000000,0.000000,-821000.000000,-0.386000,2190386000.000000,-842267000.000000,23672000.000000,0.000000,8.187000,-56.074000,-54.984000,392089000.000000,0.000000,137.460000,21.627000,21.210000,715821000.000000,-2716074000.000000,2065659000.000000,2065659000.000000,788058000.000000,-0.110000,-0.147000,-0.193000,-0.395000,676885000.000000,1402328000.000000,1.000000,325000000.000000,318730000.000000,318730000.000000,6.481000,6878939000.000000,0.000000,-18467000.000000,0.000000,21.582000
ART,2023-03-31,2023-06-02,2023-04-30,2024-Q1,2682006000.000000,57100939000.000000,2025-03-21,-30828000.000000,7446774000.000000,7347224750.000000,4569547000.000000,2877227000.000000,0.309000,16.308000,-53234000.000000,653014000.000000,653014000.000000,779024000.000000,-857796000.000000,2.421000,0.406000,254843000.000000,29190000.000000,225653000.000000,254843000.000000,1574597000.000000,125775000.000000,0.000000,0.000000,0.000000,-854916000.000000,-729141000.000000,-0.322000,-729141000.000000,-854916000.000000,-854916000.000000,-2.670000,-2.670000,-2.670000,5286243000.000000,5394944750.000000,5286243000.000000,56702768000.000000,-66.000000,-77.767000,607236000.000000,1.873000,1.000000,1487863000.000000,0.656000,967670000.000000,0.000000,4193392000.000000,4245034250.000000,0.000000,4383229000.000000,3292514000.000000,1090715000.000000,2148789000.000000,1887541000.000000,261248000.000000,-409572000.000000,-309596000.000000,-99805000.000000,0.000000,0.000000,-304436000.000000,-770306000.000000,-408576000.000000,660470000.000000,4700000.000000,-856538000.000000,-856538000.000000,-856538000.000000,0.000000,-1258000.000000,-0.378000,2414602000.000000,-926739000.000000,22221000.000000,0.000000,10.802000,-66.665000,-65.622000,405827000.000000,0.000000,175.210000,25.189000,25.054000,352993000.000000,-3065096000.000000,2266887000.000000,2266887000.000000,914672000.000000,-0.117000,-0.159000,-0.201000,-0.377000,768901000.000000,1499930000.000000,1.000000,325900000.000000,324157000.000000,324157000.000000,6.993000,6479104000.000000,0.000000,1622000.000000,0.000000,19.988000
ART,2023-06-30,2023-08-31,2023-07-31,2024-Q2,2491639000.000000,51713445000.000000,2025-03-21,-32244000.000000,7509816000.000000,7458650000.000000,4404951000.000000,3104865000.000000,0.328000,16.151000,-56822000.000000,755192000.000000,755192000.000000,824184000.000000,-862310000.000000,2.302000,0.418000,296852000.000000,33846000.000000,263006000.000000,296852000.000000,1535562000.000000,140523000.000000,0.000000,0.000000,0.000000,-866544000.000000,-726021000.000000,-0.297000,-726021000.000000,-866544000.000000,-866544000.000000,-2.660000,-2.660000,-2.660000,5286938000.000000,5360098500.000000,5286938000.000000,51255105000.000000,-59.000000,-70.597000,622406000.000000,1.901000,1.000000,1619473000.000000,0.663000,1120401000.000000,0.000000,4017763000.000000,4168748750.000000,0.000000,4097689000.000000,2996941000.000000,1100748000.000000,2211589000.000000,1913312000.000000,298277000.000000,-150354000.000000,-451055000.000000,-92176000.000000,0.000000,0.000000,-364225000.000000,-472817000.000000,60740000.000000,679228000.000000,7460000.000000,-860599000.000000,-860599000.000000,-860599000.000000,0.000000,-1711000.000000,-0.352000,2623887000.000000,-1004414000.000000,41248000.000000,0.000000,9.781000,-60.090000,-58.966000,456052000.000000,0.000000,156.850000,21.162000,21.011000,406404000.000000,-3291963000.000000,2443657000.000000,2443657000.000000,1044920000.000000,-0.115000,-0.161000,-0.208000,-0.355000,859442000.000000,1578967000.000000,1.000000,329700000.000000,327335000.000000,327335000.000000,7.465000,6389415000.000000,0.000000,-5945000.000000,0.000000,19.519000
ART,2023-09-30,2023-12-01,2023-10-31,2024-Q3,2279611000.000000,61239921000.000000,2025-03-21,-27208000.000000,7264379000.000000,7485822750.000000,4312283000.000000,2952096000.000000,0.350000,14.970000,-61173000.000000,982182000.000000,982182000.000000,862411000.000000,-875562000.000000,2.121000,0.471000,286377000.000000,33348000.000000,253029000.000000,286377000.000000,1617669000.000000,156445000.000000,0.000000,0.000000,0.000000,-880476000.000000,-724031000.000000,-0.276000,-724031000.000000,-880476000.000000,-880476000.000000,-2.680000,-2.680000,-2.680000,4929921000.000000,5239884500.000000,4929921000.000000,60544116000.000000,-69.000000,-83.621000,659685000.000000,2.003000,1.000000,1758391000.000000,0.671000,1114172000.000000,0.000000,3421730000.000000,3957515750.000000,0.000000,3514186000.000000,2566357000.000000,947829000.000000,2323612000.000000,2032672000.000000,290940000.000000,164069000.000000,-291388000.000000,-482846000.000000,0.000000,0.000000,-805556000.000000,244905000.000000,624410000.000000,720858000.000000,3862000.000000,-873914000.000000,-873914000.000000,-873914000.000000,0.000000,-1648000.000000,-0.333000,2817409000.000000,-1059018000.000000,75456000.000000,0.000000,12.422000,-70.075000,-69.392000,470616000.000000,0.000000,185.970000,23.367000,23.368000,511034000.000000,-3906252000.000000,2620802000.000000,2620802000.000000,1165598000.000000,-0.117000,-0.167000,-0.222000,-0.336000,928565000.000000,1651811000.000000,1.000000,329300000.000000,329310000.000000,329310000.000000,7.958000,6150207000.000000,0.000000,-6562000.000000,0.000000,18.676000
ART,2023-12-31,2024-03-26,2024-01-31,2024-Q4,2308034000.000000,52810284000.000000,2025-03-21,-8220000.000000,8223383000.000000,7611088000.000000,5039264000.000000,3184119000.000000,0.369000,15.794000,-69219000.000000,1762749000.000000,1762749000.000000,898558000.000000,-837990000.000000,1.845000,0.585000,287981000.000000,33944000.000000,254037000.000000,287981000.000000,2213107000.000000,172795000.000000,0.000000,0.000000,0.000000,-847330000.000000,-674535000.000000,-0.240000,-674535000.000000,-847330000.000000,-847330000.000000,-2.550000,-2.550000,-2.550000,5180308000.000000,5170852500.000000,5180308000.000000,51335516000.000000,-61.000000,-76.105000,778903000.000000,2.375000,1.000000,1907931000.000000,0.680000,1307317000.000000,0.000000,2710068000.000000,3585738250.000000,0.000000,2999806000.000000,2083499000.000000,916307000.000000,3032789000.000000,2731230000.000000,301559000.000000,824246000.000000,-275706000.000000,-473304000.000000,0.000000,0.000000,-854103000.000000,832258000.000000,1205927000.000000,848122000.000000,-2031000.000000,-836097000.000000,-836097000.000000,-836097000.000000,0.000000,-1893000.000000,-0.298000,3002704000.000000,-1094773000.000000,51721000.000000,0.000000,10.194000,-63.163000,-61.969000,499592000.000000,0.000000,158.020000,18.817000,18.468000,926902000.000000,-4075604000.000000,2806489000.000000,2806489000.000000,1287949000.000000,-0.110000,-0.162000,-0.236000,-0.302000,1168015000.000000,1714755000.000000,1.000000,334200000.000000,328001000.000000,328001000.000000,8.556000,6916066000.000000,0.000000,-11233000.000000,0.000000,21.086000
ART,2024-03-31,2024-05-31,2024-04-30,2025-Q1,1714467000.000000,45593064000.000000,2025-03-21,-15713000.000000,7298018000.000000,7573899000.000000,4143290000.000000,3154728000.000000,0.398000,13.664000,-76831000.000000,1330411000.000000,1330411000.000000,961661000.000000,-929742000.000000,1.706000,0.599000,278441000.000000,30940000.000000,247501000.000000,278441000.000000,1950334000.000000,190706000.000000,0.000000,0.000000,0.000000,-929365000.000000,-738659000.000000,-0.245000,-738659000.000000,-929365000.000000,-929365000.000000,-2.800000,-2.800000,-2.800000,4558234000.000000,4988850250.000000,4558234000.000000,44541094000.000000,-48.000000,-60.300000,827315000.000000,2.480000,1.000000,2049938000.000000,0.681000,1283873000.000000,0.000000,2533352000.000000,3170728250.000000,0.000000,3128916000.000000,2200935000.000000,927981000.000000,2730326000.000000,2428823000.000000,301503000.000000,678297000.000000,-152594000.000000,-792953000.000000,0.000000,0.000000,-1263943000.000000,1043293000.000000,1302211000.000000,904146000.000000,-5199000.000000,-927458000.000000,-927458000.000000,-927458000.000000,0.000000,-2284000.000000,-0.308000,3220045000.000000,-1170107000.000000,64239000.000000,0.000000,10.002000,-49.159000,-48.636000,508348000.000000,0.000000,136.180000,15.139000,15.084000,345505000.000000,-4908921000.000000,3011599000.000000,3011599000.000000,1421331000.000000,-0.122000,-0.186000,-0.293000,-0.309000,1235442000.000000,1798714000.000000,1.000000,334800000.000000,333584000.000000,333584000.000000,9.028000,6014145000.000000,0.000000,-1907000.000000,0.000000,18.029000
ART,2024-06-30,2024-08-29,2024-07-31,2025-Q2,1433406000.000000,38259728000.000000,2025-03-21,-5379000.000000,6943886000.000000,7432416500.000000,3898088000.000000,3045798000.000000,0.431000,12.360000,-73694000.000000,1282045000.000000,1282045000.000000,1031347000.000000,-1020192000.000000,1.582000,0.680000,312812000.000000,32843000.000000,279969000.000000,312812000.000000,1860656000.000000,207595000.000000,0.000000,0.000000,0.000000,-1011890000.000000,-804295000.000000,-0.251000,-804295000.000000,-1011890000.000000,-1011890000.000000,-3.060000,-3.060000,-3.060000,4129001000.000000,4699366000.000000,4129001000.000000,37290495000.000000,-37.000000,-46.364000,817126000.000000,2.446000,1.000000,2175057000.000000,0.678000,1270614000.000000,0.000000,2239357000.000000,2726126750.000000,0.000000,2645868000.000000,1948462000.000000,697406000.000000,2806298000.000000,2464682000.000000,341616000.000000,539877000.000000,-20041000.000000,-1196124000.000000,0.000000,0.000000,-1672327000.000000,1326329000.000000,1422077000.000000,890820000.000000,-4945000.000000,-1017490000.000000,-1017490000.000000,-1017490000.000000,0.000000,-2702000.000000,-0.317000,3415060000.000000,-1240003000.000000,134537000.000000,0.000000,9.266000,-37.602000,-37.301000,537237000.000000,0.000000,114.140000,11.932000,11.892000,431597000.000000,-5625819000.000000,3206404000.000000,3206404000.000000,1544995000.000000,-0.137000,-0.217000,-0.371000,-0.316000,1291720000.000000,1870065000.000000,1.000000,335200000.000000,334071000.000000,334071000.000000,9.598000,5673272000.000000,0.000000,5600000.000000,0.000000,16.982000
ART,2024-09-30,2024-11-27,2024-10-31,2025-Q3,2336799000.000000,57321000000.000000,2025-03-21,-2760000.000000,8202258000.000000,7666886250.000000,4984071000.000000,3218187000.000000,0.445000,8.830000,-78531000.000000,2148928000.000000,2148928000.000000,1123293000.000000,-1133400000.000000,1.883000,1.798000,2595628000.000000,38288000.000000,2557340000.000000,2595628000.000000,1986907000.000000,223485000.000000,0.000000,0.000000,0.000000,-1122684000.000000,-899199000.000000,-0.263000,-899199000.000000,-1122684000.000000,-1123373000.000000,-3.390000,-3.390000,-3.390000,2929445000.000000,4199247000.000000,2929445000.000000,57767700000.000000,-51.000000,-64.244000,793088000.000000,2.391000,1.000000,2291032000.000000,0.671000,1259179000.000000,689000.000000,4742507000.000000,3056321000.000000,0.000000,2900839000.000000,2008062000.000000,892777000.000000,5267849000.000000,2647272000.000000,2620577000.000000,1166343000.000000,-13297000.000000,-1801728000.000000,2073270000.000000,0.000000,-195036000.000000,488327000.000000,580904000.000000,871619000.000000,1433000.000000,-1127518000.000000,-1127518000.000000,-1127518000.000000,0.000000,-5882000.000000,-0.330000,3635869000.000000,-1344837000.000000,148920000.000000,0.000000,19.567000,-50.838000,-51.239000,559093000.000000,0.000000,173.700000,16.788000,16.878000,596352000.000000,-6970492000.000000,3414325000.000000,3414325000.000000,1655365000.000000,-0.147000,-0.269000,-0.367000,-0.329000,1356693000.000000,1980504000.000000,1.000000,330000000.000000,331761000.000000,331761000.000000,10.292000,6943079000.000000,0.000000,4145000.000000,0.000000,20.928000
ART,2024-12-31,2025-03-21,2025-01-31,2025-Q4,2568189000.000000,52918099000.000000,2025-03-21,-2236000.000000,9033938000.000000,7869525000.000000,5869372000.000000,3164566000.000000,0.461000,9.017000,-75712000.000000,2628798000.000000,2628798000.000000,1214673000.000000,-1289212000.000000,1.778000,2.009000,2685270000.000000,35923000.000000,2649347000.000000,2685270000.000000,2595540000.000000,242451000.000000,0.000000,0.000000,0.000000,-1278768000.000000,-1036317000.000000,-0.286000,-1036317000.000000,-1278768000.000000,-1281527000.000000,-3.860000,-3.860000,-3.860000,2999929000.000000,3654152250.000000,2999929000.000000,52974571000.000000,-41.000000,-51.118000,884052000.000000,2.657000,1.000000,2411723000.000000,0.665000,1334587000.000000,2759000.000000,4454640000.000000,3492464000.000000,0.000000,2665349000.000000,2008873000.000000,656476000.000000,6027295000.000000,3301183000.000000,2726112000.000000,917701000.000000,-30555000.000000,-1810394000.000000,2073270000.000000,0.000000,-226523000.000000,190646000.000000,297412000.000000,959764000.000000,-6186000.000000,-1285640000.000000,-1285640000.000000,-1285640000.000000,0.000000,-3572000.000000,-0.355000,3867733000.000000,-1456010000.000000,169767000.000000,0.000000,17.640000,-41.161000,-41.034000,655832000.000000,0.000000,158.390000,14.592000,14.532000,922805000.000000,-7293575000.000000,3626396000.000000,3626396000.000000,1783379000.000000,-0.163000,-0.352000,-0.366000,-0.353000,1479314000.000000,2084354000.000000,1.000000,334100000.000000,332707000.000000,332707000.000000,10.900000,7699351000.000000,0.000000,4113000.000000,0.000000,23.142000
ARY,2020-12-31,2021-03-31,2021-01-31,2021-FY,3511388000.000000,66193136000.000000,2025-03-21,439000.000000,5921739000.000000,,4300652000.000000,1621087000.000000,,34.859000,-40330000.000000,820177000.000000,820177000.000000,242588000.000000,-539102000.000000,5.449000,0.200000,204537000.000000,19650000.000000,184887000.000000,204537000.000000,642846000.000000,43301000.000000,0.000000,0.000000,0.000000,-537040000.000000,-493739000.000000,-0.834000,-493739000.000000,-537040000.000000,-537040000.000000,-3.810000,-3.810000,-3.810000,4936471000.000000,,4936471000.000000,65577496000.000000,-122.000000,-132.818000,-85747000.000000,-0.606000,1.000000,349461000.000000,0.590000,24540000.000000,0.000000,4492295000.000000,,0.000000,4253162000.000000,3087887000.000000,1165275000.000000,985268000.000000,789264000.000000,196004000.000000,693217000.000000,-6035000.000000,4295791000.000000,2090000.000000,0.000000,4775290000.000000,-4036645000.000000,-3981906000.000000,-45417000.000000,-11000.000000,-539102000.000000,-539102000.000000,-539102000.000000,0.000000,0.000000,-0.911000,893398000.000000,-543937000.000000,5647000.000000,0.000000,13.409000,-122.784000,-60.178000,255786000.000000,0.000000,229.280000,111.803000,54.842000,294017000.000000,-1239421000.000000,592049000.000000,592049000.000000,237946000.000000,,,,-0.907000,301441000.000000,655452000.000000,1.000000,288700000.000000,141613196.000000,141613196.000000,4.181000,5897199000.000000,0.000000,2062000.000000,0.000000,41.643000
ARY,2021-12-31,2022-03-30,2022-01-31,2022-FY,3201550000.000000,72870798000.000000,2025-03-21,-16286000.000000,6649698000.000000,6193648750.000000,4598643000.000000,2051055000.000000,0.197000,16.815000,-28993000.000000,1085729000.000000,1085729000.000000,458433000.000000,-679948000.000000,3.292000,0.317000,206297000.000000,25101000.000000,181196000.000000,206297000.000000,1169067000.000000,57051000.000000,0.000000,0.000000,0.000000,-676960000.000000,-619909000.000000,-0.508000,-619909000.000000,-676960000.000000,-676960000.000000,-2.260000,-2.260000,-2.260000,5049045000.000000,4994753250.000000,5049045000.000000,71991366000.000000,-106.000000,-116.132000,81186000.000000,0.270000,1.000000,760894000.000000,0.624000,45590000.000000,0.000000,4327583000.000000,4513128250.000000,0.000000,4022571000.000000,2766364000.000000,1256207000.000000,1600653000.000000,1397093000.000000,203560000.000000,267341000.000000,0.000000,179263000.000000,0.000000,0.000000,178198000.000000,-20800000.000000,32527000.000000,110179000.000000,-236000.000000,-679948000.000000,-679948000.000000,-679948000.000000,0.000000,0.000000,-0.558000,1475930000.000000,-715036000.000000,13441000.000000,0.000000,14.433000,-107.171000,-102.491000,295435000.000000,0.000000,231.630000,59.763000,57.042000,545629000.000000,-1919369000.000000,1219327000.000000,1219327000.000000,466932000.000000,-0.110000,-0.136000,-0.150000,-0.555000,605095000.000000,1008998000.000000,1.000000,314600000.000000,300273227.000000,300273227.000000,4.061000,6604108000.000000,0.000000,2988000.000000,0.000000,21.994000
ARY,2022-12-31,2023-03-29,2023-01-31,2023-FY,2991173000.000000,44674500000.000000,2025-03-21,-38272000.000000,7722322000.000000,7241206000.000000,4984690000.000000,2737632000.000000,0.285000,17.119000,-49140000.000000,939902000.000000,939902000.000000,717540000.000000,-797526000.000000,2.500000,0.413000,251658000.000000,27301000.000000,224357000.000000,251658000.000000,1684938000.000000,109775000.000000,0.000000,0.000000,0.000000,-815172000.000000,-705397000.000000,-0.341000,-705397000.000000,-815172000.000000,-815172000.000000,-2.500000,-2.500000,-2.500000,5456436000.000000,5437882500.000000,5456436000.000000,43986256000.000000,-54.000000,-62.357000,496499000.000000,1.558000,1.000000,1348119000.000000,0.653000,843383000.000000,0.000000,4197178000.000000,4226102250.000000,0.000000,4140989000.000000,3067966000.000000,1073023000.000000,2253707000.000000,1993517000.000000,260190000.000000,-145803000.000000,-364409000.000000,80824000.000000,0.000000,0.000000,-92624000.000000,-597885000.000000,-185436000.000000,545639000.000000,-933000.000000,-796705000.000000,-796705000.000000,-796705000.000000,0.000000,-821000.000000,-0.386000,2190386000.000000,-842267000.000000,23672000.000000,0.000000,8.187000,-56.074000,-54.984000,392089000.000000,0.000000,137.460000,21.627000,21.210000,715821000.000000,-2716074000.000000,2065659000.000000,2065659000.000000,788058000.000000,-0.110000,-0.147000,-0.193000,-0.395000,676885000.000000,1402328000.000000,1.000000,325000000.000000,318730000.000000,318730000.000000,6.481000,6878939000.000000,0.000000,-18467000.000000,0.000000,21.582000
ARY,2023-12-31,2024-03-26,2024-01-31,2024-FY,2308034000.000000,52810284000.000000,2025-03-21,-8220000.000000,8223383000.000000,7611088000.000000,5039264000.000000,3184119000.000000,0.369000,15.794000,-69219000.000000,1762749000.000000,1762749000.000000,898558000.000000,-837990000.000000,1.845000,0.585000,287981000.000000,33944000.000000,254037000.000000,287981000.000000,2213107000.000000,172795000.000000,0.000000,0.000000,0.000000,-847330000.000000,-674535000.000000,-0.240000,-674535000.000000,-847330000.000000,-847330000.000000,-2.550000,-2.550000,-2.550000,5180308000.000000,5170852500.000000,5180308000.000000,51335516000.000000,-61.000000,-76.105000,778903000.000000,2.375000,1.000000,1907931000.000000,0.680000,1307317000.000000,0.000000,2710068000.000000,3585738250.000000,0.000000,2999806000.000000,2083499000.000000,916307000.000000,3032789000.000000,2731230000.000000,301559000.000000,824246000.000000,-275706000.000000,-473304000.000000,0.000000,0.000000,-854103000.000000,832258000.000000,1205927000.000000,848122000.000000,-2031000.000000,-836097000.000000,-836097000.000000,-836097000.000000,0.000000,-1893000.000000,-0.298000,3002704000.000000,-1094773000.000000,51721000.000000,0.000000,10.194000,-63.163000,-61.969000,499592000.000000,0.000000,158.020000,18.817000,18.468000,926902000.000000,-4075604000.000000,2806489000.000000,2806489000.000000,1287949000.000000,-0.110000,-0.162000,-0.236000,-0.302000,1168015000.000000,1714755000.000000,1.000000,334200000.000000,328001000.000000,328001000.000000,8.556000,6916066000.000000,0.000000,-11233000.000000,0.000000,21.086000
ARY,2024-12-31,2025-03-21,2025-01-31,2025-FY,2568189000.000000,52918099000.000000,2025-03-21,-2236000.000000,9033938000.000000,7869525000.000000,5869372000.000000,3164566000.000000,0.461000,9.017000,-75712000.000000,2628798000.000000,2628798000.000000,1214673000.000000,-1289212000.000000,1.778000,2.009000,2685270000.000000,35923000.000000,2649347000.000000,2685270000.000000,2595540000.000000,242451000.000000,0.000000,0.000000,0.000000,-1278768000.000000,-1036317000.000000,-0.286000,-1036317000.000000,-1278768000.000000,-1281527000.000000,-3.860000,-3.860000,-3.860000,2999929000.000000,3654152250.000000,2999929000.000000,52974571000.000000,-41.000000,-51.118000,884052000.000000,2.657000,1.000000,2411723000.000000,0.665000,1334587000.000000,2759000.000000,4454640000.000000,3492464000.000000,0.000000,2665349000.000000,2008873000.000000,656476000.000000,6027295000.000000,3301183000.000000,2726112000.000000,917701000.000000,-30555000.000000,-1810394000.000000,2073270000.000000,0.000000,-226523000.000000,190646000.000000,297412000.000000,959764000.000000,-6186000.000000,-1285640000.000000,-1285640000.000000,-1285640000.000000,0.000000,-3572000.000000,-0.355000,3867733000.000000,-1456010000.000000,169767000.000000,0.000000,17.640000,-41.161000,-41.034000,655832000.000000,0.000000,158.390000,14.592000,14.532000,922805000.000000,-7293575000.000000,3626396000.000000,3626396000.000000,1783379000.000000,-0.163000,-0.352000,-0.366000,-0.353000,1479314000.000000,2084354000.000000,1.000000,334100000.000000,332707000.000000,332707000.000000,10.900000,7699351000.000000,0.000000,4113000.000000,0.000000,23.142000
MRQ,2018-12-31,2019-01-31,2019-01-31,2019-Q4,554047000.000000,,2025-03-21,16000.000000,764288000.000000,,698952000.000000,65336000.000000,,-8.188000,,116541000.000000,116541000.000000,,,4.824000,-0.531000,16660000.000000,4117000.000000,12543000.000000,16660000.000000,107004000.000000,,0.000000,,0.000000,,,,,,,,,,-312467000.000000,,-312467000.000000,,,,,,1.000000,,,20000.000000,,519482000.000000,,0.000000,492257000.000000,492257000.000000,0.000000,165902000.000000,144905000.000000,20997000.000000,,,,,,,,,,,,,,,,,,,8258000.000000,,,,,22756000.000000,,,,,63359000.000000,-351784000.000000,,,,,,,,,,1.000000,,38162228.000000,,,764268000.000000,0.000000,,0.000000,20.027000
MRQ,2019-09-30,2019-10-31,2019-10-31,2020-Q3,,,2025-03-21,,,,,,,,-4476000.000000,,,29489000.000000,-88057000.000000,,,,,,,,8671000.000000,,,0.000000,-87681000.000000,-79010000.000000,-1.082000,-79010000.000000,-87681000.000000,-87681000.000000,-1.920000,-1.920000,-1.920000,,,,,,,-28226000.000000,-0.615000,1.000000,43523000.000000,0.596000,,0.000000,,,,,,,,,,30364000.000000,0.000000,23518000.000000,0.000000,0.000000,34920000.000000,19194000.000000,23670000.000000,-23750000.000000,0.000000,-88057000.000000,-88057000.000000,-88057000.000000,0.000000,0.000000,-1.206000,133655000.000000,-90132000.000000,,0.000000,,,,,0.000000,,,,,,73012000.000000,73012000.000000,27669000.000000,,,,,22958000.000000,105986000.000000,1.000000,,45911449.000000,45911449.000000,1.590000,,,376000.000000,,
MRQ,2019-12-31,2020-01-31,2020-01-31,2020-Q4,248739000.000000,,2025-03-21,216000.000000,1012720000.000000,,665194000.000000,347526000.000000,,-10.885000,-5404000.000000,127206000.000000,127206000.000000,34522000.000000,-83254000.000000,1.597000,-1.140000,211267000.000000,18092000.000000,193175000.000000,211267000.000000,329965000.000000,9243000.000000,0.000000,,0.000000,-82999000.000000,-73756000.000000,-0.841000,-73756000.000000,-82999000.000000,-82999000.000000,-1.620000,-1.620000,-1.620000,-544757000.000000,,-544757000.000000,,,,-48196000.000000,-0.963000,1.000000,53170000.000000,0.606000,11844000.000000,0.000000,668482000.000000,,0.000000,330376000.000000,306844000.000000,23532000.000000,621003000.000000,416455000.000000,204548000.000000,-51784000.000000,0.000000,6658000.000000,0.000000,0.000000,6658000.000000,-15650000.000000,-10246000.000000,-42792000.000000,0.000000,-83254000.000000,-83254000.000000,-83254000.000000,0.000000,0.000000,-0.949000,138282000.000000,-85112000.000000,8488000.000000,0.000000,,,,223112000.000000,0.000000,,,,179459000.000000,-700319000.000000,87692000.000000,87692000.000000,29709000.000000,,,,,20974000.000000,108573000.000000,1.000000,,50048719.000000,50048719.000000,1.752000,1000876000.000000,0.000000,255000.000000,0.000000,19.998000
MRQ,2020-03-31,2020-04-30,2020-04-30,2021-Q1,,,2025-03-21,,,,,,,,-4222000.000000,,,42557000.000000,-93644000.000000,,,,,,,,9647000.000000,,,0.000000,-93888000.000000,-84241000.000000,-0.774000,-84241000.000000,-93888000.000000,-93888000.000000,-1.720000,-1.720000,-1.720000,,,,,,,-10814000.000000,-0.199000,1.000000,66258000.000000,0.609000,,0.000000,,,,,,,,,,310873000.000000,0.000000,11001000.000000,0.000000,0.000000,489469000.000000,-172004000.000000,-161782000.000000,-6592000.000000,0.000000,-93644000.000000,-93644000.000000,-93644000.000000,0.000000,0.000000,-0.861000,162661000.000000,-96403000.000000,,0.000000,,,,,0.000000,,,,,,108815000.000000,108815000.000000,33278000.000000,,,,,20445000.000000,129383000.000000,1.000000,,54304138.000000,54304138.000000,2.004000,,,-244000.000000,,
MRQ,2020-06-30,2020-07-31,2020-07-31,2021-Q2,315789000.000000,,2025-03-21,1146000.000000,1437241000.000000,,793448000.000000,643793000.000000,,-10.992000,-5696000.000000,138900000.000000,138900000.000000,50446000.000000,-77634000.000000,1.661000,-1.034000,201459000.000000,17204000.000000,184255000.000000,201459000.000000,376720000.000000,10452000.000000,0.000000,,0.000000,-77103000.000000,-66651000.000000,-0.501000,-66651000.000000,-77103000.000000,-77103000.000000,-1.310000,-1.310000,-1.310000,-651399000.000000,,-651399000.000000,,,,-44381000.000000,-0.749000,1.000000,82699000.000000,0.621000,24144000.000000,0.000000,997997000.000000,,0.000000,747920000.000000,451976000.000000,295944000.000000,673593000.000000,477659000.000000,195934000.000000,-298961000.000000,-6035000.000000,9864000.000000,2090000.000000,0.000000,9123000.000000,-269399000.000000,-257484000.000000,-38685000.000000,0.000000,-77634000.000000,-77634000.000000,-77634000.000000,0.000000,0.000000,-0.583000,160382000.000000,-77683000.000000,7713000.000000,0.000000,,,,229817000.000000,0.000000,,,,151210000.000000,-871597000.000000,133145000.000000,133145000.000000,36533000.000000,,,,,18204000.000000,123849000.000000,1.000000,277290066.000000,59260645.000000,59260645.000000,2.247000,1413097000.000000,0.000000,531000.000000,0.000000,23.845000
MRQ,2020-09-30,2020-10-31,2020-10-31,2021-Q3,4439112000.000000,69328062301.000000,2025-03-21,375000.000000,5712889000.000000,,4986771000.000000,726118000.000000,,29.771000,-18114000.000000,3939925000.000000,3939925000.000000,66681000.000000,-168889000.000000,9.106000,0.150000,206051000.000000,19333000.000000,186718000.000000,206051000.000000,441704000.000000,11352000.000000,0.000000,0.000000,0.000000,-168456000.000000,-157104000.000000,-0.984000,-157104000.000000,-168456000.000000,-168456000.000000,-1.010000,-1.010000,-1.010000,4967815000.000000,,4967815000.000000,69390621301.000000,-164.000000,-181.769000,-37868000.000000,-0.227000,1.000000,92943000.000000,0.582000,23269000.000000,0.000000,1408087000.000000,,0.000000,1161526000.000000,814123000.000000,347403000.000000,745074000.000000,547659000.000000,197415000.000000,3801031000.000000,0.000000,4252648000.000000,0.000000,0.000000,4254420000.000000,-433635000.000000,-415521000.000000,-19754000.000000,0.000000,-168889000.000000,-168889000.000000,-168889000.000000,0.000000,0.000000,-1.058000,262397000.000000,-169454000.000000,5061000.000000,0.000000,13.955000,-163.733000,-44.173000,242905000.000000,0.000000,250.020000,141.695000,85.270000,168982000.000000,-1040486000.000000,159624000.000000,159624000.000000,74138000.000000,,,,,119141000.000000,188259000.000000,1.000000,277290066.000000,166868200.000000,166868200.000000,0.957000,5689620000.000000,0.000000,433000.000000,0.000000,34.096000
MRQ,2020-12-31,2021-01-31,2021-01-31,2021-Q4,3511388000.000000,77130595000.000000,2025-03-21,439000.000000,5921739000.000000,,4300652000.000000,1621087000.000000,,34.859000,-12298000.000000,820177000.000000,820177000.000000,82904000.000000,-198935000.000000,5.449000,0.200000,204537000.000000,19650000.000000,184887000.000000,204537000.000000,642846000.000000,11850000.000000,0.000000,0.000000,0.000000,-197593000.000000,-185743000.000000,-0.975000,-185743000.000000,-197593000.000000,-197593000.000000,-0.180000,-0.180000,-0.180000,4936471000.000000,,4936471000.000000,73396721000.000000,-137.000000,-148.655000,7316000.000000,0.052000,1.000000,107561000.000000,0.565000,24540000.000000,0.000000,4492295000.000000,,0.000000,4253162000.000000,3087887000.000000,1165275000.000000,985268000.000000,789264000.000000,196004000.000000,-3119726000.000000,-1164000.000000,22278000.000000,0.000000,0.000000,22278000.000000,-3161607000.000000,-3147119000.000000,19614000.000000,-11000.000000,-198935000.000000,-198935000.000000,-198935000.000000,0.000000,0.000000,-1.044000,307958000.000000,-200397000.000000,5647000.000000,0.000000,15.625000,-143.072000,-71.509000,255786000.000000,0.000000,272.450000,130.277000,65.168000,294017000.000000,-1239421000.000000,190465000.000000,190465000.000000,93997000.000000,,,,,143651000.000000,213961000.000000,1.000000,283100000.000000,141613000.000000,141613000.000000,1.345000,5897199000.000000,0.000000,1342000.000000,0.000000,41.643000
MRQ,2021-03-31,2021-04-30,2021-04-30,2022-Q1,3444338000.000000,66860033000.000000,2025-03-21,366000.000000,5929010000.000000,,4221336000.000000,1707674000.000000,,17.016000,-8910000.000000,644674000.000000,644674000.000000,97346000.000000,-203220000.000000,5.433000,0.196000,200530000.000000,20734000.000000,179796000.000000,200530000.000000,638736000.000000,13193000.000000,0.000000,0.000000,0.000000,-203471000.000000,-190278000.000000,-0.831000,-190278000.000000,-203471000.000000,-203471000.000000,-0.700000,-0.700000,-0.700000,4958321000.000000,,4958321000.000000,66244393000.000000,-102.000000,-110.449000,12944000.000000,0.044000,1.000000,131568000.000000,0.575000,38221000.000000,0.000000,4669647000.000000,,0.000000,4463426000.000000,3285751000.000000,1177675000.000000,970689000.000000,776998000.000000,193691000.000000,-174396000.000000,0.000000,67800000.000000,0.000000,0.000000,67800000.000000,-264069000.000000,-244699000.000000,21854000.000000,19000.000000,-203220000.000000,-203220000.000000,-203220000.000000,0.000000,0.000000,-0.888000,337163000.000000,-205595000.000000,4371000.000000,0.000000,13.484000,-103.071000,-72.372000,259132000.000000,0.000000,231.590000,93.885000,94.759000,166337000.000000,-1442641000.000000,228914000.000000,228914000.000000,109796000.000000,,,,,151014000.000000,227367000.000000,1.000000,288700000.000000,291386000.000000,291386000.000000,0.786000,5890789000.000000,0.000000,-251000.000000,0.000000,20.216000
MRQ,2021-06-30,2021-07-31,2021-07-31,2022-Q2,3632364000.000000,78679692000.000000,2025-03-21,1141000.000000,6032416000.000000,,4508102000.000000,1524314000.000000,,16.677000,-5841000.000000,698548000.000000,698548000.000000,106121000.000000,-189719000.000000,5.148000,0.215000,194897000.000000,20641000.000000,174256000.000000,194897000.000000,708858000.000000,13915000.000000,0.000000,0.000000,0.000000,-189205000.000000,-175290000.000000,-0.644000,-175290000.000000,-189205000.000000,-189205000.000000,-0.640000,-0.640000,-0.640000,4964965000.000000,,4964965000.000000,78235548000.000000,-103.000000,-110.437000,-11952000.000000,-0.040000,1.000000,166077000.000000,0.610000,36538000.000000,0.000000,4616489000.000000,,0.000000,4392952000.000000,3436941000.000000,956011000.000000,1067451000.000000,875738000.000000,191713000.000000,54586000.000000,0.000000,24463000.000000,0.000000,0.000000,24463000.000000,36038000.000000,42601000.000000,-6111000.000000,196000.000000,-189719000.000000,-189719000.000000,-189719000.000000,0.000000,0.000000,-0.697000,366218000.000000,-200141000.000000,9475000.000000,0.000000,15.847000,-103.422000,-105.028000,258617000.000000,0.000000,265.720000,92.434000,92.939000,237457000.000000,-1632360000.000000,272198000.000000,272198000.000000,118087000.000000,,,,,163991000.000000,248131000.000000,1.000000,296100000.000000,297717000.000000,297717000.000000,0.914000,5995878000.000000,0.000000,514000.000000,0.000000,20.140000
MRQ,2021-09-30,2021-10-31,2021-10-31,2022-Q3,3349522000.000000,106470456000.000000,2025-03-21,-3486000.000000,6163471000.000000,,4308257000.000000,1855214000.000000,,16.523000,-6070000.000000,935217000.000000,935217000.000000,120786000.000000,-154856000.000000,4.494000,0.231000,203891000.000000,25194000.000000,178697000.000000,203891000.000000,766876000.000000,14373000.000000,0.000000,0.000000,0.000000,-153677000.000000,-139304000.000000,-0.417000,-139304000.000000,-153677000.000000,-153677000.000000,-0.510000,-0.510000,-0.510000,5006682000.000000,,5006682000.000000,105966805000.000000,-142.000000,-153.438000,9468000.000000,0.031000,1.000000,213655000.000000,0.639000,34616000.000000,0.000000,4438794000.000000,,0.000000,4167471000.000000,2955613000.000000,1211858000.000000,1156789000.000000,958735000.000000,198054000.000000,236816000.000000,0.000000,50408000.000000,0.000000,0.000000,50408000.000000,171064000.000000,177134000.000000,15538000.000000,-194000.000000,-154856000.000000,-154856000.000000,-154856000.000000,0.000000,0.000000,-0.463000,370926000.000000,-157271000.000000,10559000.000000,0.000000,21.266000,-142.582000,-174.305000,278434000.000000,0.000000,353.840000,103.771000,104.497000,254243000.000000,-1787216000.000000,334441000.000000,334441000.000000,115900000.000000,,,,,144387000.000000,255026000.000000,1.000000,300900000.000000,303007000.000000,303007000.000000,1.104000,6128855000.000000,0.000000,1179000.000000,0.000000,20.227000
MRQ,2021-12-31,2022-01-31,2022-01-31,2022-Q4,3201550000.000000,84508170000.000000,2025-03-21,-16286000.000000,6649698000.000000,,4598643000.000000,2051055000.000000,,16.351000,-8172000.000000,1085729000.000000,1085729000.000000,134180000.000000,-132153000.000000,3.292000,0.317000,206297000.000000,25101000.000000,181196000.000000,206297000.000000,1169067000.000000,15570000.000000,0.000000,0.000000,0.000000,-130607000.000000,-115037000.000000,-0.300000,-115037000.000000,-130607000.000000,-130607000.000000,-0.420000,-0.420000,-0.420000,5049045000.000000,,5049045000.000000,83776844000.000000,-124.000000,-135.144000,70726000.000000,0.229000,1.000000,249594000.000000,0.650000,45590000.000000,0.000000,4327583000.000000,,0.000000,4022571000.000000,2766364000.000000,1256207000.000000,1600653000.000000,1397093000.000000,203560000.000000,150335000.000000,-1065000.000000,36592000.000000,0.000000,0.000000,35527000.000000,36167000.000000,57491000.000000,78898000.000000,-257000.000000,-132153000.000000,-132153000.000000,-132153000.000000,0.000000,0.000000,-0.344000,401623000.000000,-152029000.000000,13441000.000000,0.000000,16.737000,-124.286000,-122.080000,295435000.000000,0.000000,275.900000,69.307000,67.943000,545629000.000000,-1919369000.000000,383774000.000000,383774000.000000,123149000.000000,,,,,145703000.000000,278474000.000000,1.000000,306300000.000000,308784000.000000,308784000.000000,1.243000,6604108000.000000,0.000000,1546000.000000,0.000000,21.387000
MRQ,2022-03-31,2022-04-30,2022-04-30,2023-Q1,2978015000.000000,53935024000.000000,2025-03-21,-46587000.000000,7022699000.000000,,4341733000.000000,2680966000.000000,,17.362000,-12217000.000000,1063401000.000000,1063401000.000000,147930000.000000,-165794000.000000,3.184000,0.287000,206549000.000000,27298000.000000,179251000.000000,206549000.000000,1143131000.000000,20032000.000000,0.000000,0.000000,0.000000,-192488000.000000,-172456000.000000,-0.408000,-172456000.000000,-192488000.000000,-192488000.000000,-0.530000,-0.530000,-0.530000,5457994000.000000,,5457994000.000000,53055592000.000000,-80.000000,-88.119000,172396000.000000,0.548000,1.000000,274441000.000000,0.650000,684465000.000000,0.000000,4117664000.000000,,0.000000,3964057000.000000,2751679000.000000,1212378000.000000,1564705000.000000,1363718000.000000,200987000.000000,-22123000.000000,-177925000.000000,41370000.000000,0.000000,0.000000,-11846000.000000,-189792000.000000,350000.000000,184613000.000000,-5098000.000000,-165794000.000000,-165794000.000000,-165794000.000000,0.000000,0.000000,-0.393000,463207000.000000,-188766000.000000,18442000.000000,0.000000,9.882000,-83.943000,-81.638000,307557000.000000,0.000000,171.440000,38.176000,38.147000,277559000.000000,-2085163000.000000,422371000.000000,422371000.000000,150798000.000000,,,,,172493000.000000,312409000.000000,1.000000,314600000.000000,314361000.000000,314361000.000000,1.344000,6338234000.000000,0.000000,-26694000.000000,0.000000,20.162000
MRQ,2022-06-30,2022-07-31,2022-07-31,2023-Q2,3102261000.000000,47686371000.000000,2025-03-21,-47857000.000000,7064115000.000000,,4503697000.000000,2560418000.000000,,17.045000,-10584000.000000,906663000.000000,906663000.000000,173232000.000000,-222806000.000000,3.214000,0.302000,241757000.000000,26605000.000000,215152000.000000,241757000.000000,1153566000.000000,27320000.000000,0.000000,0.000000,0.000000,-218960000.000000,-191640000.000000,-0.385000,-191640000.000000,-218960000.000000,-218960000.000000,-0.700000,-0.700000,-0.700000,5426323000.000000,,5426323000.000000,46829519000.000000,-67.000000,-75.722000,53849000.000000,0.169000,1.000000,324016000.000000,0.652000,674868000.000000,0.000000,4322905000.000000,,0.000000,4133161000.000000,3046477000.000000,1086684000.000000,1637792000.000000,1401436000.000000,236356000.000000,-156677000.000000,0.000000,8520000.000000,0.000000,0.000000,-22373000.000000,-196447000.000000,-185163000.000000,64433000.000000,-2290000.000000,-222806000.000000,-222806000.000000,-222806000.000000,0.000000,0.000000,-0.448000,531748000.000000,-207732000.000000,20286000.000000,0.000000,8.788000,-70.583000,-69.403000,352322000.000000,0.000000,149.910000,29.116000,29.139000,304964000.000000,-2307969000.000000,497248000.000000,497248000.000000,183748000.000000,,,,,209181000.000000,348000000.000000,1.000000,318100000.000000,318356000.000000,318356000.000000,1.562000,6389247000.000000,0.000000,3846000.000000,0.000000,20.070000
MRQ,2022-09-30,2022-10-31,2022-10-31,2023-Q3,3079862000.000000,51296000000.000000,2025-03-21,-69179000.000000,7155688000.000000,,4558904000.000000,2596784000.000000,,16.902000,-14284000.000000,819003000.000000,819003000.000000,190721000.000000,-201442000.000000,3.082000,0.320000,254276000.000000,29263000.000000,225013000.000000,254276000.000000,1207034000.000000,30036000.000000,0.000000,0.000000,0.000000,-196927000.000000,-166891000.000000,-0.300000,-166891000.000000,-196927000.000000,-196927000.000000,-0.630000,-0.630000,-0.630000,5410777000.000000,,5410777000.000000,50631094000.000000,-69.000000,-78.373000,64993000.000000,0.203000,1.000000,366307000.000000,0.658000,845257000.000000,0.000000,4266662000.000000,,0.000000,4066960000.000000,3123879000.000000,943081000.000000,1732417000.000000,1479042000.000000,253375000.000000,-87908000.000000,-174630000.000000,22136000.000000,0.000000,0.000000,-18321000.000000,-146862000.000000,42052000.000000,79277000.000000,-2002000.000000,-200936000.000000,-200936000.000000,-200936000.000000,0.000000,-506000.000000,-0.361000,572326000.000000,-206019000.000000,24757000.000000,0.000000,9.480000,-71.078000,-70.307000,380652000.000000,0.000000,160.300000,27.572000,27.584000,394063000.000000,-2508905000.000000,557028000.000000,557028000.000000,211387000.000000,,,,,229163000.000000,360939000.000000,1.000000,320000000.000000,320135000.000000,320135000.000000,1.740000,6310431000.000000,0.000000,4009000.000000,0.000000,19.712000
MRQ,2022-12-31,2023-01-31,2023-01-31,2023-Q4,2991173000.000000,50311104000.000000,2025-03-21,-38272000.000000,7722322000.000000,,4984690000.000000,2737632000.000000,,16.948000,-12055000.000000,939902000.000000,939902000.000000,205657000.000000,-207484000.000000,2.500000,0.413000,251658000.000000,27301000.000000,224357000.000000,251658000.000000,1684938000.000000,32387000.000000,0.000000,0.000000,0.000000,-206797000.000000,-174410000.000000,-0.296000,-174410000.000000,-206797000.000000,-206797000.000000,-0.640000,-0.640000,-0.640000,5456436000.000000,,5456436000.000000,49746377000.000000,-61.000000,-70.523000,205261000.000000,0.638000,1.000000,383355000.000000,0.651000,843383000.000000,0.000000,4197178000.000000,,0.000000,4140989000.000000,3067966000.000000,1073023000.000000,2253707000.000000,1993517000.000000,260190000.000000,120905000.000000,-11854000.000000,8798000.000000,0.000000,0.000000,-40084000.000000,-64784000.000000,-42675000.000000,217316000.000000,8457000.000000,-207169000.000000,-207169000.000000,-207169000.000000,0.000000,-315000.000000,-0.352000,623105000.000000,-239750000.000000,23672000.000000,0.000000,9.221000,-63.149000,-62.576000,392089000.000000,0.000000,156.440000,24.356000,24.139000,715821000.000000,-2716074000.000000,589012000.000000,589012000.000000,242125000.000000,,,,,250696000.000000,380980000.000000,1.000000,321600000.000000,321961000.000000,321961000.000000,1.829000,6878939000.000000,0.000000,372000.000000,0.000000,21.366000
MRQ,2023-03-31,2023-04-30,2023-04-30,2024-Q1,2682006000.000000,48126000000.000000,2025-03-21,-30828000.000000,7446774000.000000,,4569547000.000000,2877227000.000000,,16.308000,-16311000.000000,653014000.000000,653014000.000000,209414000.000000,-226064000.000000,2.421000,0.406000,254843000.000000,29190000.000000,225653000.000000,254843000.000000,1574597000.000000,36032000.000000,0.000000,0.000000,0.000000,-232232000.000000,-196200000.000000,-0.315000,-196200000.000000,-232232000.000000,-232232000.000000,-0.700000,-0.700000,-0.700000,5286243000.000000,,5286243000.000000,47437756000.000000,-55.000000,-65.060000,283133000.000000,0.873000,1.000000,414185000.000000,0.664000,967670000.000000,0.000000,4193392000.000000,,0.000000,4383229000.000000,3292514000.000000,1090715000.000000,2148789000.000000,1887541000.000000,261248000.000000,-285892000.000000,-123112000.000000,-139259000.000000,0.000000,0.000000,-223658000.000000,-362213000.000000,-222790000.000000,299444000.000000,535000.000000,-225627000.000000,-225627000.000000,-225627000.000000,0.000000,-437000.000000,-0.362000,687423000.000000,-273238000.000000,22221000.000000,0.000000,9.104000,-56.187000,-55.461000,405827000.000000,0.000000,148.080000,21.230000,21.175000,352993000.000000,-3065096000.000000,623599000.000000,623599000.000000,277412000.000000,,,,,264509000.000000,410011000.000000,1.000000,325000000.000000,324157000.000000,324157000.000000,1.924000,6479104000.000000,0.000000,-6605000.000000,0.000000,19.988000
MRQ,2023-06-30,2023-07-31,2023-07-31,2024-Q2,2491639000.000000,57915689000.000000,2025-03-21,-32244000.000000,7509816000.000000,,4404951000.000000,3104865000.000000,,16.151000,-14172000.000000,755192000.000000,755192000.000000,218392000.000000,-227320000.000000,2.302000,0.418000,296852000.000000,33846000.000000,263006000.000000,296852000.000000,1535562000.000000,42068000.000000,0.000000,0.000000,0.000000,-230588000.000000,-188520000.000000,-0.280000,-188520000.000000,-230588000.000000,-230588000.000000,-0.690000,-0.690000,-0.690000,5286938000.000000,,5286938000.000000,57517518000.000000,-66.000000,-79.223000,69019000.000000,0.211000,1.000000,455626000.000000,0.676000,1120401000.000000,0.000000,4017763000.000000,,0.000000,4097689000.000000,2996941000.000000,1100748000.000000,2211589000.000000,1913312000.000000,298277000.000000,102541000.000000,-141459000.000000,16149000.000000,0.000000,0.000000,-82162000.000000,101042000.000000,284153000.000000,83191000.000000,470000.000000,-226867000.000000,-226867000.000000,-226867000.000000,0.000000,-453000.000000,-0.337000,741033000.000000,-285407000.000000,41248000.000000,0.000000,10.954000,-67.297000,-66.808000,456052000.000000,0.000000,177.710000,23.700000,23.805000,406404000.000000,-3291963000.000000,674018000.000000,674018000.000000,313996000.000000,,,,,299722000.000000,427037000.000000,1.000000,325900000.000000,327335000.000000,327335000.000000,2.059000,6389415000.000000,0.000000,-3721000.000000,0.000000,19.519000
MRQ,2023-09-30,2023-10-31,2023-10-31,2024-Q3,2279611000.000000,47849361000.000000,2025-03-21,-27208000.000000,7264379000.000000,,4312283000.000000,2952096000.000000,,14.970000,-18635000.000000,982182000.000000,982182000.000000,228948000.000000,-214694000.000000,2.121000,0.471000,286377000.000000,33348000.000000,253029000.000000,286377000.000000,1617669000.000000,45958000.000000,0.000000,0.000000,0.000000,-210859000.000000,-164901000.000000,-0.225000,-164901000.000000,-210859000.000000,-210859000.000000,-0.650000,-0.650000,-0.650000,4929921000.000000,,4929921000.000000,47391021000.000000,-54.000000,-65.454000,102272000.000000,0.311000,1.000000,505225000.000000,0.688000,1114172000.000000,0.000000,3421730000.000000,,0.000000,3514186000.000000,2566357000.000000,947829000.000000,2323612000.000000,2032672000.000000,290940000.000000,226515000.000000,-14963000.000000,-368534000.000000,0.000000,0.000000,-459652000.000000,570860000.000000,605722000.000000,120907000.000000,-5600000.000000,-214251000.000000,-214251000.000000,-214251000.000000,0.000000,-443000.000000,-0.292000,765848000.000000,-260623000.000000,75456000.000000,0.000000,9.706000,-54.753000,-54.153000,470616000.000000,0.000000,145.130000,18.258000,18.236000,511034000.000000,-3906252000.000000,734173000.000000,734173000.000000,332065000.000000,,,,,298286000.000000,433783000.000000,1.000000,329700000.000000,329310000.000000,329310000.000000,2.229000,6150207000.000000,0.000000,3392000.000000,0.000000,18.676000
MRQ,2023-12-31,2024-01-31,2024-01-31,2024-Q4,2308034000.000000,64424252000.000000,2025-03-21,-8220000.000000,8223383000.000000,,5039264000.000000,3184119000.000000,,15.645000,-20101000.000000,1762749000.000000,1762749000.000000,241804000.000000,-169912000.000000,1.845000,0.585000,287981000.000000,33944000.000000,254037000.000000,287981000.000000,2213107000.000000,48737000.000000,0.000000,0.000000,0.000000,-173651000.000000,-124914000.000000,-0.161000,-124914000.000000,-173651000.000000,-173651000.000000,-0.510000,-0.510000,-0.510000,5180308000.000000,,5180308000.000000,63728447000.000000,-75.000000,-94.478000,324479000.000000,0.980000,1.000000,532895000.000000,0.688000,1307317000.000000,0.000000,2710068000.000000,,0.000000,2999806000.000000,2083499000.000000,916307000.000000,3032789000.000000,2731230000.000000,301559000.000000,781082000.000000,3828000.000000,18340000.000000,0.000000,0.000000,-88631000.000000,522569000.000000,538842000.000000,344580000.000000,2564000.000000,-169352000.000000,-169352000.000000,-169352000.000000,0.000000,-560000.000000,-0.219000,808400000.000000,-275505000.000000,51721000.000000,0.000000,12.436000,-77.054000,-76.722000,499592000.000000,0.000000,195.640000,22.955000,22.865000,926902000.000000,-4075604000.000000,774699000.000000,774699000.000000,364476000.000000,,,,,305498000.000000,443924000.000000,1.000000,329300000.000000,331112000.000000,331112000.000000,2.340000,6916066000.000000,0.000000,-4299000.000000,0.000000,20.887000
MRQ,2024-03-31,2024-04-30,2024-04-30,2025-Q1,1714467000.000000,51867840000.000000,2025-03-21,-15713000.000000,7298018000.000000,,4143290000.000000,3154728000.000000,,13.664000,-23923000.000000,1330411000.000000,1330411000.000000,272517000.000000,-317816000.000000,1.706000,0.599000,278441000.000000,30940000.000000,247501000.000000,278441000.000000,1950334000.000000,53943000.000000,0.000000,0.000000,0.000000,-314267000.000000,-260324000.000000,-0.314000,-260324000.000000,-314267000.000000,-314267000.000000,-0.950000,-0.950000,-0.950000,4558234000.000000,,4558234000.000000,50393072000.000000,-54.000000,-68.222000,331545000.000000,0.994000,1.000000,556192000.000000,0.671000,1283873000.000000,0.000000,2533352000.000000,,0.000000,3128916000.000000,2200935000.000000,927981000.000000,2730326000.000000,2428823000.000000,301503000.000000,-431841000.000000,0.000000,-458908000.000000,0.000000,0.000000,-633498000.000000,-151178000.000000,-126506000.000000,355468000.000000,-2633000.000000,-316988000.000000,-316988000.000000,-316988000.000000,0.000000,-828000.000000,-0.383000,904764000.000000,-348572000.000000,64239000.000000,0.000000,11.379000,-55.925000,-55.429000,508348000.000000,0.000000,155.200000,17.223000,17.191000,345505000.000000,-4908921000.000000,828709000.000000,828709000.000000,410794000.000000,,,,,331936000.000000,493970000.000000,1.000000,334200000.000000,333584000.000000,333584000.000000,2.484000,6014145000.000000,0.000000,2721000.000000,0.000000,18.029000
MRQ,2024-06-30,2024-07-31,2024-07-31,2025-Q2,1433406000.000000,43651224000.000000,2025-03-21,-5379000.000000,6943886000.000000,,3898088000.000000,3045798000.000000,,12.360000,-11035000.000000,1282045000.000000,1282045000.000000,288078000.000000,-317770000.000000,1.582000,0.680000,312812000.000000,32843000.000000,279969000.000000,312812000.000000,1860656000.000000,58957000.000000,0.000000,0.000000,0.000000,-313113000.000000,-254156000.000000,-0.293000,-254156000.000000,-313113000.000000,-313113000.000000,-0.950000,-0.950000,-0.950000,4129001000.000000,,4129001000.000000,42599254000.000000,-42.000000,-52.965000,58830000.000000,0.176000,1.000000,580745000.000000,0.668000,1270614000.000000,0.000000,2239357000.000000,,0.000000,2645868000.000000,1948462000.000000,697406000.000000,2806298000.000000,2464682000.000000,341616000.000000,-35879000.000000,-8906000.000000,-387022000.000000,0.000000,0.000000,-490546000.000000,384078000.000000,404019000.000000,69865000.000000,724000.000000,-316899000.000000,-316899000.000000,-316899000.000000,0.000000,-871000.000000,-0.365000,936048000.000000,-355303000.000000,134537000.000000,0.000000,10.572000,-42.901000,-42.608000,537237000.000000,0.000000,130.380000,13.614000,13.584000,431597000.000000,-5625819000.000000,868823000.000000,868823000.000000,437660000.000000,,,,,356000000.000000,498388000.000000,1.000000,334800000.000000,334071000.000000,334071000.000000,2.601000,5673272000.000000,0.000000,3786000.000000,0.000000,16.982000
MRQ,2024-09-30,2024-10-31,2024-10-31,2025-Q3,2336799000.000000,38487664000.000000,2025-03-21,-2760000.000000,8202258000.000000,,4984071000.000000,3218187000.000000,,8.830000,-23472000.000000,2148928000.000000,2148928000.000000,320894000.000000,-327902000.000000,1.883000,1.798000,2595628000.000000,38288000.000000,2557340000.000000,2595628000.000000,1986907000.000000,61848000.000000,0.000000,0.000000,0.000000,-321653000.000000,-259805000.000000,-0.276000,-259805000.000000,-321653000.000000,-322342000.000000,-0.980000,-0.980000,-0.980000,2929445000.000000,,2929445000.000000,37518431000.000000,-33.000000,-41.724000,78234000.000000,0.236000,1.000000,621200000.000000,0.659000,1259179000.000000,689000.000000,4742507000.000000,,0.000000,2900839000.000000,2008062000.000000,892777000.000000,5267849000.000000,2647272000.000000,2620577000.000000,852981000.000000,-8219000.000000,-974138000.000000,2073270000.000000,0.000000,1017639000.000000,-267142000.000000,-235451000.000000,101706000.000000,778000.000000,-324279000.000000,-324279000.000000,-324279000.000000,0.000000,-3623000.000000,-0.344000,986657000.000000,-365457000.000000,148920000.000000,0.000000,13.138000,-34.135000,-33.870000,559093000.000000,0.000000,114.820000,11.272000,11.157000,596352000.000000,-6970492000.000000,942094000.000000,942094000.000000,442435000.000000,,,,,363259000.000000,544222000.000000,1.000000,335200000.000000,331761000.000000,331761000.000000,2.840000,6943079000.000000,0.000000,1937000.000000,0.000000,20.928000
MRQ,2024-12-31,2025-01-31,2025-01-31,2025-Q4,2568189000.000000,59898300000.000000,2025-03-21,-2236000.000000,9033938000.000000,,5869372000.000000,3164566000.000000,,9.052000,-17282000.000000,2628798000.000000,2628798000.000000,333184000.000000,-325724000.000000,1.778000,2.009000,2685270000.000000,35923000.000000,2649347000.000000,2685270000.000000,2595540000.000000,67703000.000000,0.000000,0.000000,0.000000,-329735000.000000,-262032000.000000,-0.266000,-262032000.000000,-329735000.000000,-331805000.000000,-0.980000,-0.980000,-0.980000,2999929000.000000,,2999929000.000000,60345000000.000000,-47.000000,-58.230000,415443000.000000,1.254000,1.000000,653586000.000000,0.662000,1334587000.000000,2070000.000000,4454640000.000000,,0.000000,2665349000.000000,2008873000.000000,656476000.000000,6027295000.000000,3301183000.000000,2726112000.000000,532440000.000000,-13430000.000000,9674000.000000,0.000000,0.000000,-120118000.000000,224888000.000000,255350000.000000,432725000.000000,-5055000.000000,-327474000.000000,-327474000.000000,-327474000.000000,0.000000,1750000.000000,-0.332000,1040264000.000000,-386678000.000000,169767000.000000,0.000000,19.967000,-46.590000,-47.023000,655832000.000000,0.000000,181.510000,16.517000,16.653000,922805000.000000,-7293575000.000000,986770000.000000,986770000.000000,492490000.000000,,,,,428119000.000000,547774000.000000,1.000000,330000000.000000,331420000.000000,331420000.000000,2.977000,7699351000.000000,0.000000,-4331000.000000,0.000000,23.231000
MRT,2018-12-31,2019-01-31,2019-01-31,2019-Q4,554047000.000000,,2025-03-21,16000.000000,764288000.000000,,698952000.000000,65336000.000000,,-8.188000,-4016000.000000,116541000.000000,116541000.000000,51753000.000000,-178028000.000000,4.824000,-0.531000,16660000.000000,4117000.000000,12543000.000000,16660000.000000,107004000.000000,4534000.000000,0.000000,,0.000000,-177208000.000000,-172674000.000000,-1.786000,-172674000.000000,-177208000.000000,-177208000.000000,-4.670000,-4.670000,-4.670000,-312467000.000000,,-312467000.000000,,,,-147998000.000000,-3.878000,1.000000,44913000.000000,0.465000,20000.000000,0.000000,519482000.000000,,0.000000,492257000.000000,492257000.000000,0.000000,165902000.000000,144905000.000000,20997000.000000,-93023000.000000,0.000000,-24626000.000000,0.000000,0.000000,413601000.000000,-362642000.000000,-358626000.000000,-143982000.000000,0.000000,-178028000.000000,-178028000.000000,-178028000.000000,0.000000,0.000000,-1.842000,230378000.000000,-185465000.000000,8258000.000000,0.000000,,,,22756000.000000,0.000000,,,,63359000.000000,-351784000.000000,96666000.000000,96666000.000000,68681000.000000,,,,-1.833000,22409000.000000,161697000.000000,1.000000,,38162228.000000,38162228.000000,2.533000,764268000.000000,0.000000,820000.000000,0.000000,20.027000
MRT,2019-09-30,2019-10-31,2019-10-31,2020-Q3,,,2025-03-21,,,,,,,,,,,,,,,,,,,,,,,0.000000,,,,,,,,,,,,,,,,,,1.000000,,,,,,,,,,,,,,,,,,,,,,,,,,,,,,,,,,,,,,,,,,,,,,,,,,,,,1.000000,,45911449.000000,,,,,,,
MRT,2019-12-31,2020-01-31,2020-01-31,2020-Q4,248739000.000000,,2025-03-21,216000.000000,1012720000.000000,888504000.000000,665194000.000000,347526000.000000,0.298000,-12.147000,-22848000.000000,127206000.000000,127206000.000000,116557000.000000,-348535000.000000,1.597000,-1.140000,211267000.000000,18092000.000000,193175000.000000,211267000.000000,329965000.000000,31234000.000000,0.000000,,0.000000,-347542000.000000,-316308000.000000,-1.195000,-316308000.000000,-347542000.000000,-347542000.000000,-7.770000,-7.770000,-7.770000,-544757000.000000,-428612000.000000,-544757000.000000,,,,-199406000.000000,-4.446000,1.000000,148191000.000000,0.560000,11844000.000000,0.000000,668482000.000000,593982000.000000,0.000000,330376000.000000,306844000.000000,23532000.000000,621003000.000000,416455000.000000,204548000.000000,19406000.000000,-6314000.000000,33348000.000000,0.000000,0.000000,57469000.000000,138495000.000000,167657000.000000,-176558000.000000,0.000000,-348535000.000000,-348535000.000000,-348535000.000000,0.000000,0.000000,-1.316000,506279000.000000,-358088000.000000,8488000.000000,0.000000,,,,223112000.000000,0.000000,,,,179459000.000000,-700319000.000000,264748000.000000,264748000.000000,105160000.000000,-0.392000,0.813000,-0.585000,-1.313000,78399000.000000,401119000.000000,1.000000,,44847442.000000,44847442.000000,5.903000,1000876000.000000,0.000000,993000.000000,0.000000,22.317000
MRT,2020-03-31,2020-04-30,2020-04-30,2021-Q1,,,2025-03-21,,,,,,,,,,,,,,,,,,,,,,,0.000000,,,,,,,,,,,,,,,,,,1.000000,,,,,,,,,,,,,,,,,,,,,,,,,,,,,,,,,,,,,,,,,,,,,,,,,,,,,1.000000,,54304138.000000,,,,,,,
MRT,2020-06-30,2020-07-31,2020-07-31,2021-Q2,315789000.000000,,2025-03-21,1146000.000000,1437241000.000000,,793448000.000000,643793000.000000,,-10.992000,-19798000.000000,138900000.000000,138900000.000000,157014000.000000,-342589000.000000,1.661000,-1.034000,201459000.000000,17204000.000000,184255000.000000,201459000.000000,376720000.000000,38013000.000000,0.000000,,0.000000,-341671000.000000,-303658000.000000,-0.754000,-303658000.000000,-341671000.000000,-341671000.000000,-6.570000,-6.570000,-6.570000,-651399000.000000,,-651399000.000000,,,,-131617000.000000,-2.221000,1.000000,245650000.000000,0.610000,24144000.000000,0.000000,997997000.000000,,0.000000,747920000.000000,451976000.000000,295944000.000000,673593000.000000,477659000.000000,195934000.000000,-9508000.000000,-6035000.000000,51041000.000000,2090000.000000,0.000000,540170000.000000,-437859000.000000,-405842000.000000,-111819000.000000,0.000000,-342589000.000000,-342589000.000000,-342589000.000000,0.000000,0.000000,-0.851000,594980000.000000,-349330000.000000,7713000.000000,0.000000,,,,229817000.000000,0.000000,,,,151210000.000000,-871597000.000000,402664000.000000,402664000.000000,127189000.000000,,,,-0.849000,82581000.000000,467791000.000000,1.000000,277290066.000000,59260645.000000,59260645.000000,6.795000,1413097000.000000,0.000000,918000.000000,0.000000,23.845000
MRT,2020-09-30,2020-10-31,2020-10-31,2021-Q3,4439112000.000000,69328062301.000000,2025-03-21,375000.000000,5712889000.000000,,4986771000.000000,726118000.000000,,29.771000,-33436000.000000,3939925000.000000,3939925000.000000,194206000.000000,-423421000.000000,9.106000,0.150000,206051000.000000,19333000.000000,186718000.000000,206051000.000000,441704000.000000,40694000.000000,0.000000,0.000000,0.000000,-422446000.000000,-381752000.000000,-0.780000,-381752000.000000,-422446000.000000,-422446000.000000,-5.660000,-5.660000,-5.660000,4967815000.000000,,4967815000.000000,69390621301.000000,-164.000000,-181.769000,-141259000.000000,-0.847000,1.000000,295070000.000000,0.603000,23269000.000000,0.000000,1408087000.000000,,0.000000,1161526000.000000,814123000.000000,347403000.000000,745074000.000000,547659000.000000,197415000.000000,3761159000.000000,-6035000.000000,4280171000.000000,2090000.000000,0.000000,4759670000.000000,-890688000.000000,-845033000.000000,-107823000.000000,0.000000,-423421000.000000,-423421000.000000,-423421000.000000,0.000000,0.000000,-0.865000,723722000.000000,-428652000.000000,5061000.000000,0.000000,13.955000,-163.733000,-44.173000,242905000.000000,0.000000,250.020000,141.695000,85.270000,168982000.000000,-1040486000.000000,489276000.000000,489276000.000000,173658000.000000,,,,-0.863000,178764000.000000,550064000.000000,1.000000,277290066.000000,166868200.000000,166868200.000000,2.932000,5689620000.000000,0.000000,975000.000000,0.000000,34.096000
MRT,2020-12-31,2021-01-31,2021-01-31,2021-Q4,3511388000.000000,77130595000.000000,2025-03-21,439000.000000,5921739000.000000,3467229500.000000,4300652000.000000,1621087000.000000,0.171000,34.859000,-40330000.000000,820177000.000000,820177000.000000,242588000.000000,-539102000.000000,5.449000,0.200000,204537000.000000,19650000.000000,184887000.000000,204537000.000000,642846000.000000,43301000.000000,0.000000,0.000000,0.000000,-537040000.000000,-493739000.000000,-0.834000,-493739000.000000,-537040000.000000,-537040000.000000,-3.810000,-3.810000,-3.810000,4936471000.000000,2195857000.000000,4936471000.000000,73396721000.000000,-137.000000,-148.655000,-85747000.000000,-0.606000,1.000000,349461000.000000,0.590000,24540000.000000,0.000000,4492295000.000000,2580388500.000000,0.000000,4253162000.000000,3087887000.000000,1165275000.000000,985268000.000000,789264000.000000,196004000.000000,693217000.000000,-7199000.000000,4295791000.000000,2090000.000000,0.000000,4775290000.000000,-4036645000.000000,-3981906000.000000,-45417000.000000,-11000.000000,-539102000.000000,-539102000.000000,-539102000.000000,0.000000,0.000000,-0.911000,893398000.000000,-543937000.000000,5647000.000000,0.000000,15.625000,-143.072000,-71.509000,255786000.000000,0.000000,272.450000,130.277000,65.168000,294017000.000000,-1239421000.000000,592049000.000000,592049000.000000,237946000.000000,-0.155000,-0.246000,-0.208000,-0.907000,301441000.000000,655452000.000000,1.000000,283100000.000000,141613000.000000,141613000.000000,4.181000,5897199000.000000,0.000000,2062000.000000,0.000000,41.643000
MRT,2021-03-31,2021-04-30,2021-04-30,2022-Q1,3444338000.000000,66860033000.000000,2025-03-21,366000.000000,5929010000.000000,4750219750.000000,4221336000.000000,1707674000.000000,0.150000,17.016000,-45018000.000000,644674000.000000,644674000.000000,297377000.000000,-648678000.000000,5.433000,0.196000,200530000.000000,20734000.000000,179796000.000000,200530000.000000,638736000.000000,46847000.000000,0.000000,0.000000,0.000000,-646623000.000000,-599776000.000000,-0.842000,-599776000.000000,-646623000.000000,-646623000.000000,-3.200000,-3.200000,-3.200000,4958321000.000000,3552802000.000000,4958321000.000000,66244393000.000000,-102.000000,-110.449000,-61989000.000000,-0.213000,1.000000,414771000.000000,0.582000,38221000.000000,0.000000,4669647000.000000,2892006500.000000,0.000000,4463426000.000000,3285751000.000000,1177675000.000000,970689000.000000,776998000.000000,193691000.000000,207948000.000000,-7199000.000000,4352590000.000000,2090000.000000,0.000000,4353621000.000000,-4128710000.000000,-4064823000.000000,-16971000.000000,8000.000000,-648678000.000000,-648678000.000000,-648678000.000000,0.000000,0.000000,-0.911000,1067900000.000000,-653129000.000000,4371000.000000,0.000000,13.484000,-103.071000,-72.372000,259132000.000000,0.000000,231.590000,93.885000,94.759000,166337000.000000,-1442641000.000000,712148000.000000,712148000.000000,314464000.000000,-0.137000,-0.183000,-0.224000,-0.908000,432010000.000000,753436000.000000,1.000000,288700000.000000,291386000.000000,291386000.000000,2.444000,5890789000.000000,0.000000,2055000.000000,0.000000,20.216000
MRT,2021-06-30,2021-07-31,2021-07-31,2022-Q2,3632364000.000000,78679692000.000000,2025-03-21,1141000.000000,6032416000.000000,5899013500.000000,4508102000.000000,1524314000.000000,0.144000,16.677000,-45163000.000000,698548000.000000,698548000.000000,353052000.000000,-760763000.000000,5.148000,0.215000,194897000.000000,20641000.000000,174256000.000000,194897000.000000,708858000.000000,50310000.000000,0.000000,0.000000,0.000000,-758725000.000000,-708415000.000000,-0.832000,-708415000.000000,-758725000.000000,-758725000.000000,-2.530000,-2.530000,-2.530000,4964965000.000000,4956893000.000000,4964965000.000000,78235548000.000000,-103.000000,-110.437000,-29560000.000000,-0.099000,1.000000,498149000.000000,0.585000,36538000.000000,0.000000,4616489000.000000,3796629500.000000,0.000000,4392952000.000000,3436941000.000000,956011000.000000,1067451000.000000,875738000.000000,191713000.000000,561495000.000000,-1164000.000000,4367189000.000000,0.000000,0.000000,4368961000.000000,-3823273000.000000,-3764738000.000000,15603000.000000,204000.000000,-760763000.000000,-760763000.000000,-760763000.000000,0.000000,0.000000,-0.894000,1273736000.000000,-775587000.000000,9475000.000000,0.000000,15.847000,-103.422000,-105.028000,258617000.000000,0.000000,265.720000,92.434000,92.939000,237457000.000000,-1632360000.000000,851201000.000000,851201000.000000,396018000.000000,-0.129000,-0.153000,-0.200000,-0.891000,577797000.000000,877718000.000000,1.000000,296100000.000000,297717000.000000,297717000.000000,2.859000,5995878000.000000,0.000000,2038000.000000,0.000000,20.140000
MRT,2021-09-30,2021-10-31,2021-10-31,2022-Q3,3349522000.000000,106470456000.000000,2025-03-21,-3486000.000000,6163471000.000000,6011659000.000000,4308257000.000000,1855214000.000000,0.171000,16.523000,-33119000.000000,935217000.000000,935217000.000000,407157000.000000,-746730000.000000,4.494000,0.231000,203891000.000000,25194000.000000,178697000.000000,203891000.000000,766876000.000000,53331000.000000,0.000000,0.000000,0.000000,-743946000.000000,-690615000.000000,-0.673000,-690615000.000000,-743946000.000000,-743946000.000000,-2.030000,-2.030000,-2.030000,5006682000.000000,4966609750.000000,5006682000.000000,105966805000.000000,-142.000000,-153.438000,17776000.000000,0.059000,1.000000,618861000.000000,0.603000,34616000.000000,0.000000,4438794000.000000,4554306250.000000,0.000000,4167471000.000000,2955613000.000000,1211858000.000000,1156789000.000000,958735000.000000,198054000.000000,-3002720000.000000,-1164000.000000,164949000.000000,0.000000,0.000000,164949000.000000,-3218574000.000000,-3172083000.000000,50895000.000000,10000.000000,-746730000.000000,-746730000.000000,-746730000.000000,0.000000,0.000000,-0.728000,1382265000.000000,-763404000.000000,10559000.000000,0.000000,21.266000,-142.582000,-174.305000,278434000.000000,0.000000,353.840000,103.771000,104.497000,254243000.000000,-1787216000.000000,1026018000.000000,1026018000.000000,437780000.000000,-0.124000,-0.150000,-0.163000,-0.725000,603043000.000000,944485000.000000,1.000000,300900000.000000,303007000.000000,303007000.000000,3.386000,6128855000.000000,0.000000,2784000.000000,0.000000,20.227000
MRT,2021-12-31,2022-01-31,2022-01-31,2022-Q4,3201550000.000000,84508170000.000000,2025-03-21,-16286000.000000,6649698000.000000,6193648750.000000,4598643000.000000,2051055000.000000,0.197000,16.815000,-28993000.000000,1085729000.000000,1085729000.000000,458433000.000000,-679948000.000000,3.292000,0.317000,206297000.000000,25101000.000000,181196000.000000,206297000.000000,1169067000.000000,57051000.000000,0.000000,0.000000,0.000000,-676960000.000000,-619909000.000000,-0.508000,-619909000.000000,-676960000.000000,-676960000.000000,-2.260000,-2.260000,-2.260000,5049045000.000000,4994753250.000000,5049045000.000000,83776844000.000000,-124.000000,-135.144000,81186000.000000,0.270000,1.000000,760894000.000000,0.624000,45590000.000000,0.000000,4327583000.000000,4513128250.000000,0.000000,4022571000.000000,2766364000.000000,1256207000.000000,1600653000.000000,1397093000.000000,203560000.000000,267341000.000000,-1065000.000000,179263000.000000,0.000000,0.000000,178198000.000000,-20800000.000000,32527000.000000,110179000.000000,-236000.000000,-679948000.000000,-679948000.000000,-679948000.000000,0.000000,0.000000,-0.558000,1475930000.000000,-715036000.000000,13441000.000000,0.000000,16.737000,-124.286000,-122.080000,295435000.000000,0.000000,275.900000,69.307000,67.943000,545629000.000000,-1919369000.000000,1219327000.000000,1219327000.000000,466932000.000000,-0.110000,-0.136000,-0.150000,-0.555000,605095000.000000,1008998000.000000,1.000000,306300000.000000,300273000.000000,300273000.000000,4.061000,6604108000.000000,0.000000,2988000.000000,0.000000,21.994000
MRT,2022-03-31,2022-04-30,2022-04-30,2023-Q1,2978015000.000000,53935024000.000000,2025-03-21,-46587000.000000,7022699000.000000,6467071000.000000,4341733000.000000,2680966000.000000,0.218000,17.362000,-32300000.000000,1063401000.000000,1063401000.000000,509017000.000000,-642522000.000000,3.184000,0.287000,206549000.000000,27298000.000000,179251000.000000,206549000.000000,1143131000.000000,63890000.000000,0.000000,0.000000,0.000000,-665977000.000000,-602087000.000000,-0.426000,-602087000.000000,-665977000.000000,-665977000.000000,-2.100000,-2.100000,-2.100000,5457994000.000000,5119671500.000000,5457994000.000000,53055592000.000000,-80.000000,-88.119000,240638000.000000,0.765000,1.000000,903767000.000000,0.640000,684465000.000000,0.000000,4117664000.000000,4375132500.000000,0.000000,3964057000.000000,2751679000.000000,1212378000.000000,1564705000.000000,1363718000.000000,200987000.000000,419614000.000000,-178990000.000000,152833000.000000,0.000000,0.000000,98552000.000000,53477000.000000,277576000.000000,272938000.000000,-5353000.000000,-642522000.000000,-642522000.000000,-642522000.000000,0.000000,0.000000,-0.455000,1601974000.000000,-698207000.000000,18442000.000000,0.000000,9.882000,-83.943000,-81.638000,307557000.000000,0.000000,171.440000,38.176000,38.147000,277559000.000000,-2085163000.000000,1412784000.000000,1412784000.000000,507934000.000000,-0.099000,-0.126000,-0.152000,-0.471000,626574000.000000,1094040000.000000,1.000000,314600000.000000,314361000.000000,314361000.000000,4.494000,6338234000.000000,0.000000,-23455000.000000,0.000000,20.162000
MRT,2022-06-30,2022-07-31,2022-07-31,2023-Q2,3102261000.000000,47686371000.000000,2025-03-21,-47857000.000000,7064115000.000000,6724995750.000000,4503697000.000000,2560418000.000000,0.244000,17.045000,-37043000.000000,906663000.000000,906663000.000000,576128000.000000,-675609000.000000,3.214000,0.302000,241757000.000000,26605000.000000,215152000.000000,241757000.000000,1153566000.000000,77295000.000000,0.000000,0.000000,0.000000,-695732000.000000,-618437000.000000,-0.378000,-618437000.000000,-695732000.000000,-695732000.000000,-2.160000,-2.160000,-2.160000,5426323000.000000,5235011000.000000,5426323000.000000,46829519000.000000,-67.000000,-75.722000,306439000.000000,0.963000,1.000000,1061706000.000000,0.648000,674868000.000000,0.000000,4322905000.000000,4301736500.000000,0.000000,4133161000.000000,3046477000.000000,1086684000.000000,1637792000.000000,1401436000.000000,236356000.000000,208351000.000000,-178990000.000000,136890000.000000,0.000000,0.000000,51716000.000000,-179008000.000000,49812000.000000,343482000.000000,-7839000.000000,-675609000.000000,-675609000.000000,-675609000.000000,0.000000,0.000000,-0.413000,1767504000.000000,-705798000.000000,20286000.000000,0.000000,8.788000,-70.583000,-69.403000,352322000.000000,0.000000,149.910000,29.116000,29.139000,304964000.000000,-2307969000.000000,1637834000.000000,1637834000.000000,573595000.000000,-0.100000,-0.129000,-0.162000,-0.425000,671764000.000000,1193909000.000000,1.000000,318100000.000000,318356000.000000,318356000.000000,5.145000,6389247000.000000,0.000000,-20123000.000000,0.000000,20.070000
MRT,2022-09-30,2022-10-31,2022-10-31,2023-Q3,3079862000.000000,51296000000.000000,2025-03-21,-69179000.000000,7155688000.000000,6973050000.000000,4558904000.000000,2596784000.000000,0.267000,16.902000,-45257000.000000,819003000.000000,819003000.000000,646063000.000000,-722195000.000000,3.082000,0.320000,254276000.000000,29263000.000000,225013000.000000,254276000.000000,1207034000.000000,92958000.000000,0.000000,0.000000,0.000000,-738982000.000000,-646024000.000000,-0.347000,-646024000.000000,-738982000.000000,-738982000.000000,-2.280000,-2.280000,-2.280000,5410777000.000000,5336034750.000000,5410777000.000000,50631094000.000000,-69.000000,-78.373000,361964000.000000,1.131000,1.000000,1214358000.000000,0.653000,845257000.000000,0.000000,4266662000.000000,4258703500.000000,0.000000,4066960000.000000,3123879000.000000,943081000.000000,1732417000.000000,1479042000.000000,253375000.000000,-116373000.000000,-353620000.000000,108618000.000000,0.000000,0.000000,-17013000.000000,-496934000.000000,-85270000.000000,407221000.000000,-9647000.000000,-721689000.000000,-721689000.000000,-721689000.000000,0.000000,-506000.000000,-0.388000,1968904000.000000,-754546000.000000,24757000.000000,0.000000,9.480000,-71.078000,-70.307000,380652000.000000,0.000000,160.300000,27.572000,27.584000,394063000.000000,-2508905000.000000,1860421000.000000,1860421000.000000,669082000.000000,-0.103000,-0.135000,-0.174000,-0.397000,756540000.000000,1299822000.000000,1.000000,320000000.000000,320135000.000000,320135000.000000,5.811000,6310431000.000000,0.000000,-17293000.000000,0.000000,19.712000
MRT,2022-12-31,2023-01-31,2023-01-31,2023-Q4,2991173000.000000,50311104000.000000,2025-03-21,-38272000.000000,7722322000.000000,7241206000.000000,4984690000.000000,2737632000.000000,0.285000,17.119000,-49140000.000000,939902000.000000,939902000.000000,717540000.000000,-797526000.000000,2.500000,0.413000,251658000.000000,27301000.000000,224357000.000000,251658000.000000,1684938000.000000,109775000.000000,0.000000,0.000000,0.000000,-815172000.000000,-705397000.000000,-0.341000,-705397000.000000,-815172000.000000,-815172000.000000,-2.500000,-2.500000,-2.500000,5456436000.000000,5437882500.000000,5456436000.000000,49746377000.000000,-61.000000,-70.523000,496499000.000000,1.558000,1.000000,1348119000.000000,0.653000,843383000.000000,0.000000,4197178000.000000,4226102250.000000,0.000000,4140989000.000000,3067966000.000000,1073023000.000000,2253707000.000000,1993517000.000000,260190000.000000,-145803000.000000,-364409000.000000,80824000.000000,0.000000,0.000000,-92624000.000000,-597885000.000000,-185436000.000000,545639000.000000,-933000.000000,-796705000.000000,-796705000.000000,-796705000.000000,0.000000,-821000.000000,-0.386000,2190386000.000000,-842267000.000000,23672000.000000,0.000000,9.221000,-63.149000,-62.576000,392089000.000000,0.000000,156.440000,24.356000,24.139000,715821000.000000,-2716074000.000000,2065659000.000000,2065659000.000000,788058000.000000,-0.110000,-0.147000,-0.193000,-0.395000,861533000.000000,1402328000.000000,1.000000,321600000.000000,318730000.000000,318730000.000000,6.481000,6878939000.000000,0.000000,-18467000.000000,0.000000,21.582000
MRT,2023-03-31,2023-04-30,2023-04-30,2024-Q1,2682006000.000000,48126000000.000000,2025-03-21,-30828000.000000,7446774000.000000,7347224750.000000,4569547000.000000,2877227000.000000,0.309000,16.308000,-53234000.000000,653014000.000000,653014000.000000,779024000.000000,-857796000.000000,2.421000,0.406000,254843000.000000,29190000.000000,225653000.000000,254843000.000000,1574597000.000000,125775000.000000,0.000000,0.000000,0.000000,-854916000.000000,-729141000.000000,-0.322000,-729141000.000000,-854916000.000000,-854916000.000000,-2.670000,-2.670000,-2.670000,5286243000.000000,5394944750.000000,5286243000.000000,47437756000.000000,-55.000000,-65.060000,607236000.000000,1.873000,1.000000,1487863000.000000,0.656000,967670000.000000,0.000000,4193392000.000000,4245034250.000000,0.000000,4383229000.000000,3292514000.000000,1090715000.000000,2148789000.000000,1887541000.000000,261248000.000000,-409572000.000000,-309596000.000000,-99805000.000000,0.000000,0.000000,-304436000.000000,-770306000.000000,-408576000.000000,660470000.000000,4700000.000000,-856538000.000000,-856538000.000000,-856538000.000000,0.000000,-1258000.000000,-0.378000,2414602000.000000,-926739000.000000,22221000.000000,0.000000,9.104000,-56.187000,-55.461000,405827000.000000,0.000000,148.080000,21.230000,21.175000,352993000.000000,-3065096000.000000,2266887000.000000,2266887000.000000,914672000.000000,-0.117000,-0.159000,-0.201000,-0.377000,953549000.000000,1499930000.000000,1.000000,325000000.000000,324157000.000000,324157000.000000,6.993000,6479104000.000000,0.000000,1622000.000000,0.000000,19.988000
MRT,2023-06-30,2023-07-31,2023-07-31,2024-Q2,2491639000.000000,57915689000.000000,2025-03-21,-32244000.000000,7509816000.000000,7458650000.000000,4404951000.000000,3104865000.000000,0.328000,16.151000,-56822000.000000,755192000.000000,755192000.000000,824184000.000000,-862310000.000000,2.302000,0.418000,296852000.000000,33846000.000000,263006000.000000,296852000.000000,1535562000.000000,140523000.000000,0.000000,0.000000,0.000000,-866544000.000000,-726021000.000000,-0.297000,-726021000.000000,-866544000.000000,-866544000.000000,-2.660000,-2.660000,-2.660000,5286938000.000000,5360098500.000000,5286938000.000000,57517518000.000000,-66.000000,-79.223000,622406000.000000,1.901000,1.000000,1619473000.000000,0.663000,1120401000.000000,0.000000,4017763000.000000,4168748750.000000,0.000000,4097689000.000000,2996941000.000000,1100748000.000000,2211589000.000000,1913312000.000000,298277000.000000,-150354000.000000,-451055000.000000,-92176000.000000,0.000000,0.000000,-364225000.000000,-472817000.000000,60740000.000000,679228000.000000,7460000.000000,-860599000.000000,-860599000.000000,-860599000.000000,0.000000,-1711000.000000,-0.352000,2623887000.000000,-1004414000.000000,41248000.000000,0.000000,10.954000,-67.297000,-66.808000,456052000.000000,0.000000,177.710000,23.700000,23.805000,406404000.000000,-3291963000.000000,2443657000.000000,2443657000.000000,1044920000.000000,-0.115000,-0.161000,-0.208000,-0.355000,1044090000.000000,1578967000.000000,1.000000,325900000.000000,327335000.000000,327335000.000000,7.465000,6389415000.000000,0.000000,-5945000.000000,0.000000,19.519000
MRT,2023-09-30,2023-10-31,2023-10-31,2024-Q3,2279611000.000000,47849361000.000000,2025-03-21,-27208000.000000,7264379000.000000,7485822750.000000,4312283000.000000,2952096000.000000,0.350000,14.970000,-61173000.000000,982182000.000000,982182000.000000,862411000.000000,-875562000.000000,2.121000,0.471000,286377000.000000,33348000.000000,253029000.000000,286377000.000000,1617669000.000000,156445000.000000,0.000000,0.000000,0.000000,-880476000.000000,-724031000.000000,-0.276000,-724031000.000000,-880476000.000000,-880476000.000000,-2.680000,-2.680000,-2.680000,4929921000.000000,5239884500.000000,4929921000.000000,47391021000.000000,-54.000000,-65.454000,659685000.000000,2.003000,1.000000,1758391000.000000,0.671000,1114172000.000000,0.000000,3421730000.000000,3957515750.000000,0.000000,3514186000.000000,2566357000.000000,947829000.000000,2323612000.000000,2032672000.000000,290940000.000000,164069000.000000,-291388000.000000,-482846000.000000,0.000000,0.000000,-805556000.000000,244905000.000000,624410000.000000,720858000.000000,3862000.000000,-873914000.000000,-873914000.000000,-873914000.000000,0.000000,-1648000.000000,-0.333000,2817409000.000000,-1059018000.000000,75456000.000000,0.000000,9.706000,-54.753000,-54.153000,470616000.000000,0.000000,145.130000,18.258000,18.236000,511034000.000000,-3906252000.000000,2620802000.000000,2620802000.000000,1165598000.000000,-0.117000,-0.167000,-0.222000,-0.336000,1113213000.000000,1651811000.000000,1.000000,329700000.000000,329310000.000000,329310000.000000,7.958000,6150207000.000000,0.000000,-6562000.000000,0.000000,18.676000
MRT,2023-12-31,2024-01-31,2024-01-31,2024-Q4,2308034000.000000,64424252000.000000,2025-03-21,-8220000.000000,8223383000.000000,7611088000.000000,5039264000.000000,3184119000.000000,0.369000,15.794000,-69219000.000000,1762749000.000000,1762749000.000000,898558000.000000,-837990000.000000,1.845000,0.585000,287981000.000000,33944000.000000,254037000.000000,287981000.000000,2213107000.000000,172795000.000000,0.000000,0.000000,0.000000,-847330000.000000,-674535000.000000,-0.240000,-674535000.000000,-847330000.000000,-847330000.000000,-2.550000,-2.550000,-2.550000,5180308000.000000,5170852500.000000,5180308000.000000,63728447000.000000,-75.000000,-94.478000,778903000.000000,2.375000,1.000000,1907931000.000000,0.680000,1307317000.000000,0.000000,2710068000.000000,3585738250.000000,0.000000,2999806000.000000,2083499000.000000,916307000.000000,3032789000.000000,2731230000.000000,301559000.000000,824246000.000000,-275706000.000000,-473304000.000000,0.000000,0.000000,-854103000.000000,832258000.000000,1205927000.000000,848122000.000000,-2031000.000000,-836097000.000000,-836097000.000000,-836097000.000000,0.000000,-1893000.000000,-0.298000,3002704000.000000,-1094773000.000000,51721000.000000,0.000000,12.436000,-77.054000,-76.722000,499592000.000000,0.000000,195.640000,22.955000,22.865000,926902000.000000,-4075604000.000000,2806489000.000000,2806489000.000000,1287949000.000000,-0.110000,-0.162000,-0.236000,-0.302000,1168015000.000000,1714755000.000000,1.000000,329300000.000000,328001000.000000,328001000.000000,8.556000,6916066000.000000,0.000000,-11233000.000000,0.000000,21.086000
MRT,2024-03-31,2024-04-30,2024-04-30,2025-Q1,1714467000.000000,51867840000.000000,2025-03-21,-15713000.000000,7298018000.000000,7573899000.000000,4143290000.000000,3154728000.000000,0.398000,13.664000,-76831000.000000,1330411000.000000,1330411000.000000,961661000.000000,-929742000.000000,1.706000,0.599000,278441000.000000,30940000.000000,247501000.000000,278441000.000000,1950334000.000000,190706000.000000,0.000000,0.000000,0.000000,-929365000.000000,-738659000.000000,-0.245000,-738659000.000000,-929365000.000000,-929365000.000000,-2.800000,-2.800000,-2.800000,4558234000.000000,4988850250.000000,4558234000.000000,50393072000.000000,-54.000000,-68.222000,827315000.000000,2.480000,1.000000,2049938000.000000,0.681000,1283873000.000000,0.000000,2533352000.000000,3170728250.000000,0.000000,3128916000.000000,2200935000.000000,927981000.000000,2730326000.000000,2428823000.000000,301503000.000000,678297000.000000,-152594000.000000,-792953000.000000,0.000000,0.000000,-1263943000.000000,1043293000.000000,1302211000.000000,904146000.000000,-5199000.000000,-927458000.000000,-927458000.000000,-927458000.000000,0.000000,-2284000.000000,-0.308000,3220045000.000000,-1170107000.000000,64239000.000000,0.000000,11.379000,-55.925000,-55.429000,508348000.000000,0.000000,155.200000,17.223000,17.191000,345505000.000000,-4908921000.000000,3011599000.000000,3011599000.000000,1421331000.000000,-0.122000,-0.186000,-0.293000,-0.309000,1235442000.000000,1798714000.000000,1.000000,334200000.000000,333584000.000000,333584000.000000,9.028000,6014145000.000000,0.000000,-1907000.000000,0.000000,18.029000
MRT,2024-06-30,2024-07-31,2024-07-31,2025-Q2,1433406000.000000,43651224000.000000,2025-03-21,-5379000.000000,6943886000.000000,7432416500.000000,3898088000.000000,3045798000.000000,0.431000,12.360000,-73694000.000000,1282045000.000000,1282045000.000000,1031347000.000000,-1020192000.000000,1.582000,0.680000,312812000.000000,32843000.000000,279969000.000000,312812000.000000,1860656000.000000,207595000.000000,0.000000,0.000000,0.000000,-1011890000.000000,-804295000.000000,-0.251000,-804295000.000000,-1011890000.000000,-1011890000.000000,-3.060000,-3.060000,-3.060000,4129001000.000000,4699366000.000000,4129001000.000000,42599254000.000000,-42.000000,-52.965000,817126000.000000,2.446000,1.000000,2175057000.000000,0.678000,1270614000.000000,0.000000,2239357000.000000,2726126750.000000,0.000000,2645868000.000000,1948462000.000000,697406000.000000,2806298000.000000,2464682000.000000,341616000.000000,539877000.000000,-20041000.000000,-1196124000.000000,0.000000,0.000000,-1672327000.000000,1326329000.000000,1422077000.000000,890820000.000000,-4945000.000000,-1017490000.000000,-1017490000.000000,-1017490000.000000,0.000000,-2702000.000000,-0.317000,3415060000.000000,-1240003000.000000,134537000.000000,0.000000,10.572000,-42.901000,-42.608000,537237000.000000,0.000000,130.380000,13.614000,13.584000,431597000.000000,-5625819000.000000,3206404000.000000,3206404000.000000,1544995000.000000,-0.137000,-0.217000,-0.371000,-0.316000,1291720000.000000,1870065000.000000,1.000000,334800000.000000,334071000.000000,334071000.000000,9.598000,5673272000.000000,0.000000,5600000.000000,0.000000,16.982000
MRT,2024-09-30,2024-10-31,2024-10-31,2025-Q3,2336799000.000000,38487664000.000000,2025-03-21,-2760000.000000,8202258000.000000,7666886250.000000,4984071000.000000,3218187000.000000,0.445000,8.830000,-78531000.000000,2148928000.000000,2148928000.000000,1123293000.000000,-1133400000.000000,1.883000,1.798000,2595628000.000000,38288000.000000,2557340000.000000,2595628000.000000,1986907000.000000,223485000.000000,0.000000,0.000000,0.000000,-1122684000.000000,-899199000.000000,-0.263000,-899199000.000000,-1122684000.000000,-1123373000.000000,-3.390000,-3.390000,-3.390000,2929445000.000000,4199247000.000000,2929445000.000000,37518431000.000000,-33.000000,-41.724000,793088000.000000,2.391000,1.000000,2291032000.000000,0.671000,1259179000.000000,689000.000000,4742507000.000000,3056321000.000000,0.000000,2900839000.000000,2008062000.000000,892777000.000000,5267849000.000000,2647272000.000000,2620577000.000000,1166343000.000000,-13297000.000000,-1801728000.000000,2073270000.000000,0.000000,-195036000.000000,488327000.000000,580904000.000000,871619000.000000,1433000.000000,-1127518000.000000,-1127518000.000000,-1127518000.000000,0.000000,-5882000.000000,-0.330000,3635869000.000000,-1344837000.000000,148920000.000000,0.000000,13.138000,-34.135000,-33.870000,559093000.000000,0.000000,114.820000,11.272000,11.157000,596352000.000000,-6970492000.000000,3414325000.000000,3414325000.000000,1655365000.000000,-0.147000,-0.269000,-0.367000,-0.329000,1356693000.000000,1980504000.000000,1.000000,335200000.000000,331761000.000000,331761000.000000,10.292000,6943079000.000000,0.000000,4145000.000000,0.000000,20.928000
MRT,2024-12-31,2025-01-31,2025-01-31,2025-Q4,2568189000.000000,59898300000.000000,2025-03-21,-2236000.000000,9033938000.000000,7869525000.000000,5869372000.000000,3164566000.000000,0.461000,9.017000,-75712000.000000,2628798000.000000,2628798000.000000,1214673000.000000,-1289212000.000000,1.778000,2.009000,2685270000.000000,35923000.000000,2649347000.000000,2685270000.000000,2595540000.000000,242451000.000000,0.000000,0.000000,0.000000,-1278768000.000000,-1036317000.000000,-0.286000,-1036317000.000000,-1278768000.000000,-1281527000.000000,-3.860000,-3.860000,-3.860000,2999929000.000000,3654152250.000000,2999929000.000000,60345000000.000000,-47.000000,-58.230000,884052000.000000,2.657000,1.000000,2411723000.000000,0.665000,1334587000.000000,2759000.000000,4454640000.000000,3492464000.000000,0.000000,2665349000.000000,2008873000.000000,656476000.000000,6027295000.000000,3301183000.000000,2726112000.000000,917701000.000000,-30555000.000000,-1810394000.000000,2073270000.000000,0.000000,-226523000.000000,190646000.000000,297412000.000000,959764000.000000,-6186000.000000,-1285640000.000000,-1285640000.000000,-1285640000.000000,0.000000,-3572000.000000,-0.355000,3867733000.000000,-1456010000.000000,169767000.000000,0.000000,19.967000,-46.590000,-47.023000,655832000.000000,0.000000,181.510000,16.517000,16.653000,922805000.000000,-7293575000.000000,3626396000.000000,3626396000.000000,1783379000.000000,-0.163000,-0.352000,-0.366000,-0.353000,1479314000.000000,2084354000.000000,1.000000,330000000.000000,332707000.000000,332707000.000000,10.900000,7699351000.000000,0.000000,4113000.000000,0.000000,23.142000
MRY,2018-12-31,2019-01-31,2019-01-31,2019-FY,554047000.000000,,2025-03-21,16000.000000,764288000.000000,,698952000.000000,65336000.000000,,-8.188000,-4016000.000000,116541000.000000,116541000.000000,51753000.000000,-178028000.000000,4.824000,-0.531000,16660000.000000,4117000.000000,12543000.000000,16660000.000000,107004000.000000,4534000.000000,0.000000,,0.000000,-177208000.000000,-172674000.000000,-1.786000,-172674000.000000,-177208000.000000,-177208000.000000,-4.670000,-4.670000,-4.670000,-312467000.000000,,-312467000.000000,,,,-147998000.000000,-3.878000,1.000000,44913000.000000,0.465000,20000.000000,0.000000,519482000.000000,,0.000000,492257000.000000,492257000.000000,0.000000,165902000.000000,144905000.000000,20997000.000000,-93023000.000000,0.000000,-24626000.000000,0.000000,0.000000,413601000.000000,-362642000.000000,-358626000.000000,-143982000.000000,0.000000,-178028000.000000,-178028000.000000,-178028000.000000,0.000000,0.000000,-1.842000,230378000.000000,-185465000.000000,8258000.000000,0.000000,,,,22756000.000000,0.000000,,,,63359000.000000,-351784000.000000,96666000.000000,96666000.000000,68681000.000000,,,,-1.833000,22409000.000000,161697000.000000,1.000000,,38162228.000000,38162228.000000,2.533000,764268000.000000,0.000000,820000.000000,0.000000,20.027000
MRY,2019-12-31,2020-01-31,2020-01-31,2020-FY,248739000.000000,,2025-03-21,216000.000000,1012720000.000000,888504000.000000,665194000.000000,347526000.000000,0.298000,-12.147000,-22848000.000000,127206000.000000,127206000.000000,116557000.000000,-348535000.000000,1.597000,-1.140000,211267000.000000,18092000.000000,193175000.000000,211267000.000000,329965000.000000,31234000.000000,0.000000,,0.000000,-347542000.000000,-316308000.000000,-1.195000,-316308000.000000,-347542000.000000,-347542000.000000,-7.770000,-7.770000,-7.770000,-544757000.000000,-428612000.000000,-544757000.000000,,,,-199406000.000000,-4.446000,1.000000,148191000.000000,0.560000,11844000.000000,0.000000,668482000.000000,593982000.000000,0.000000,330376000.000000,306844000.000000,23532000.000000,621003000.000000,416455000.000000,204548000.000000,19406000.000000,-6314000.000000,33348000.000000,0.000000,0.000000,57469000.000000,138495000.000000,167657000.000000,-176558000.000000,0.000000,-348535000.000000,-348535000.000000,-348535000.000000,0.000000,0.000000,-1.316000,506279000.000000,-358088000.000000,8488000.000000,0.000000,,,,223112000.000000,0.000000,,,,179459000.000000,-700319000.000000,264748000.000000,264748000.000000,105160000.000000,-0.392000,0.813000,-0.585000,-1.313000,78399000.000000,401119000.000000,1.000000,,44847442.000000,44847442.000000,5.903000,1000876000.000000,0.000000,993000.000000,0.000000,22.317000
MRY,2020-12-31,2021-01-31,2021-01-31,2021-FY,3511388000.000000,77130595000.000000,2025-03-21,439000.000000,5921739000.000000,3467229500.000000,4300652000.000000,1621087000.000000,0.171000,34.859000,-40330000.000000,820177000.000000,820177000.000000,242588000.000000,-539102000.000000,5.449000,0.200000,204537000.000000,19650000.000000,184887000.000000,204537000.000000,642846000.000000,43301000.000000,0.000000,0.000000,0.000000,-537040000.000000,-493739000.000000,-0.834000,-493739000.000000,-537040000.000000,-537040000.000000,-3.810000,-3.810000,-3.810000,4936471000.000000,2195857000.000000,4936471000.000000,73396721000.000000,-137.000000,-148.655000,-85747000.000000,-0.606000,1.000000,349461000.000000,0.590000,24540000.000000,0.000000,4492295000.000000,2580388500.000000,0.000000,4253162000.000000,3087887000.000000,1165275000.000000,985268000.000000,789264000.000000,196004000.000000,693217000.000000,-7199000.000000,4295791000.000000,2090000.000000,0.000000,4775290000.000000,-4036645000.000000,-3981906000.000000,-45417000.000000,-11000.000000,-539102000.000000,-539102000.000000,-539102000.000000,0.000000,0.000000,-0.911000,893398000.000000,-543937000.000000,5647000.000000,0.000000,15.625000,-143.072000,-71.509000,255786000.000000,0.000000,272.450000,130.277000,65.168000,294017000.000000,-1239421000.000000,592049000.000000,592049000.000000,237946000.000000,-0.155000,-0.246000,-0.208000,-0.907000,301441000.000000,655452000.000000,1.000000,283100000.000000,141613000.000000,141613000.000000,4.181000,5897199000.000000,0.000000,2062000.000000,0.000000,41.643000
MRY,2021-12-31,2022-01-31,2022-01-31,2022-FY,3201550000.000000,84508170000.000000,2025-03-21,-16286000.000000,6649698000.000000,6193648750.000000,4598643000.000000,2051055000.000000,0.197000,16.815000,-28993000.000000,1085729000.000000,1085729000.000000,458433000.000000,-679948000.000000,3.292000,0.317000,206297000.000000,25101000.000000,181196000.000000,206297000.000000,1169067000.000000,57051000.000000,0.000000,0.000000,0.000000,-676960000.000000,-619909000.000000,-0.508000,-619909000.000000,-676960000.000000,-676960000.000000,-2.260000,-2.260000,-2.260000,5049045000.000000,4994753250.000000,5049045000.000000,83776844000.000000,-124.000000,-135.144000,81186000.000000,0.270000,1.000000,760894000.000000,0.624000,45590000.000000,0.000000,4327583000.000000,4513128250.000000,0.000000,4022571000.000000,2766364000.000000,1256207000.000000,1600653000.000000,1397093000.000000,203560000.000000,267341000.000000,-1065000.000000,179263000.000000,0.000000,0.000000,178198000.000000,-20800000.000000,32527000.000000,110179000.000000,-236000.000000,-679948000.000000,-679948000.000000,-679948000.000000,0.000000,0.000000,-0.558000,1475930000.000000,-715036000.000000,13441000.000000,0.000000,16.737000,-124.286000,-122.080000,295435000.000000,0.000000,275.900000,69.307000,67.943000,545629000.000000,-1919369000.000000,1219327000.000000,1219327000.000000,466932000.000000,-0.110000,-0.136000,-0.150000,-0.555000,605095000.000000,1008998000.000000,1.000000,306300000.000000,300273000.000000,300273000.000000,4.061000,6604108000.000000,0.000000,2988000.000000,0.000000,21.994000
MRY,2022-12-31,2023-01-31,2023-01-31,2023-FY,2991173000.000000,50311104000.000000,2025-03-21,-38272000.000000,7722322000.000000,7241206000.000000,4984690000.000000,2737632000.000000,0.285000,17.119000,-49140000.000000,939902000.000000,939902000.000000,717540000.000000,-797526000.000000,2.500000,0.413000,251658000.000000,27301000.000000,224357000.000000,251658000.000000,1684938000.000000,109775000.000000,0.000000,0.000000,0.000000,-815172000.000000,-705397000.000000,-0.341000,-705397000.000000,-815172000.000000,-815172000.000000,-2.500000,-2.500000,-2.500000,5456436000.000000,5437882500.000000,5456436000.000000,49746377000.000000,-61.000000,-70.523000,496499000.000000,1.558000,1.000000,1348119000.000000,0.653000,843383000.000000,0.000000,4197178000.000000,4226102250.000000,0.000000,4140989000.000000,3067966000.000000,1073023000.000000,2253707000.000000,1993517000.000000,260190000.000000,-145803000.000000,-364409000.000000,80824000.000000,0.000000,0.000000,-92624000.000000,-597885000.000000,-185436000.000000,545639000.000000,-933000.000000,-796705000.000000,-796705000.000000,-796705000.000000,0.000000,-821000.000000,-0.386000,2190386000.000000,-842267000.000000,23672000.000000,0.000000,9.221000,-63.149000,-62.576000,392089000.000000,0.000000,156.440000,24.356000,24.139000,715821000.000000,-2716074000.000000,2065659000.000000,2065659000.000000,788058000.000000,-0.110000,-0.147000,-0.193000,-0.395000,861533000.000000,1402328000.000000,1.000000,321600000.000000,318730000.000000,318730000.000000,6.481000,6878939000.000000,0.000000,-18467000.000000,0.000000,21.582000
MRY,2023-12-31,2024-01-31,2024-01-31,2024-FY,2308034000.000000,64424252000.000000,2025-03-21,-8220000.000000,8223383000.000000,7611088000.000000,5039264000.000000,3184119000.000000,0.369000,15.794000,-69219000.000000,1762749000.000000,1762749000.000000,898558000.000000,-837990000.000000,1.845000,0.585000,287981000.000000,33944000.000000,254037000.000000,287981000.000000,2213107000.000000,172795000.000000,0.000000,0.000000,0.000000,-847330000.000000,-674535000.000000,-0.240000,-674535000.000000,-847330000.000000,-847330000.000000,-2.550000,-2.550000,-2.550000,5180308000.000000,5170852500.000000,5180308000.000000,63728447000.000000,-75.000000,-94.478000,778903000.000000,2.375000,1.000000,1907931000.000000,0.680000,1307317000.000000,0.000000,2710068000.000000,3585738250.000000,0.000000,2999806000.000000,2083499000.000000,916307000.000000,3032789000.000000,2731230000.000000,301559000.000000,824246000.000000,-275706000.000000,-473304000.000000,0.000000,0.000000,-854103000.000000,832258000.000000,1205927000.000000,848122000.000000,-2031000.000000,-836097000.000000,-836097000.000000,-836097000.000000,0.000000,-1893000.000000,-0.298000,3002704000.000000,-1094773000.000000,51721000.000000,0.000000,12.436000,-77.054000,-76.722000,499592000.000000,0.000000,195.640000,22.955000,22.865000,926902000.000000,-4075604000.000000,2806489000.000000,2806489000.000000,1287949000.000000,-0.110000,-0.162000,-0.236000,-0.302000,1168015000.000000,1714755000.000000,1.000000,329300000.000000,328001000.000000,328001000.000000,8.556000,6916066000.000000,0.000000,-11233000.000000,0.000000,21.086000
MRY,2024-12-31,2025-01-31,2025-01-31,2025-FY,2568189000.000000,59898300000.000000,2025-03-21,-2236000.000000,9033938000.000000,7869525000.000000,5869372000.000000,3164566000.000000,0.461000,9.017000,-75712000.000000,2628798000.000000,2628798000.000000,1214673000.000000,-1289212000.000000,1.778000,2.009000,2685270000.000000,35923000.000000,2649347000.000000,2685270000.000000,2595540000.000000,242451000.000000,0.000000,0.000000,0.000000,-1278768000.000000,-1036317000.000000,-0.286000,-1036317000.000000,-1278768000.000000,-1281527000.000000,-3.860000,-3.860000,-3.860000,2999929000.000000,3654152250.000000,2999929000.000000,60345000000.000000,-47.000000,-58.230000,884052000.000000,2.657000,1.000000,2411723000.000000,0.665000,1334587000.000000,2759000.000000,4454640000.000000,3492464000.000000,0.000000,2665349000.000000,2008873000.000000,656476000.000000,6027295000.000000,3301183000.000000,2726112000.000000,917701000.000000,-30555000.000000,-1810394000.000000,2073270000.000000,0.000000,-226523000.000000,190646000.000000,297412000.000000,959764000.000000,-6186000.000000,-1285640000.000000,-1285640000.000000,-1285640000.000000,0.000000,-3572000.000000,-0.355000,3867733000.000000,-1456010000.000000,169767000.000000,0.000000,19.967000,-46.590000,-47.023000,655832000.000000,0.000000,181.510000,16.517000,16.653000,922805000.000000,-7293575000.000000,3626396000.000000,3626396000.000000,1783379000.000000,-0.163000,-0.352000,-0.366000,-0.353000,1479314000.000000,2084354000.000000,1.000000,330000000.000000,332707000.000000,332707000.000000,10.900000,7699351000.000000,0.000000,4113000.000000,0.000000,23.142000
