dimension,calendardate,datekey,reportperiod,fiscalperiod,workingcapital,marketcap,lastupdated,accoci,assets,assetsavg,assetsc,assetsnc,assetturnover,bvps,capex,cashneq,cashnequsd,cor,consolinc,currentratio,de,debt,debtc,debtnc,debtusd,deferredrev,depamor,deposits,divyield,dps,ebit,ebitda,ebitdamargin,ebitdausd,ebitusd,ebt,eps,epsdil,epsusd,equity,equityavg,equityusd,ev,evebit,evebitda,fcf,fcfps,fxusd,gp,grossmargin,intangibles,intexp,invcap,invcapavg,inventory,investments,investmentsc,investmentsnc,liabilities,liabilitiesc,liabilitiesnc,ncf,ncfbus,ncfcommon,ncfdebt,ncfdiv,ncff,ncfi,ncfinv,ncfo,ncfx,netinc,netinccmn,netinccmnusd,netincdis,netincnci,netmargin,opex,opinc,payables,payoutratio,pb,pe,pe1,ppnenet,prefdivis,price,ps,ps1,receivables,retearn,revenue,revenueusd,rnd,roa,roe,roic,ros,sbcomp,sgna,sharefactor,sharesbas,shareswa,shareswadil,sps,tangibles,taxassets,taxexp,taxliabilities,tbvps
ARQ,2014-09-30,2015-02-20,2014-10-31,2015-Q3,17658750.000000,,2025-05-01,10000.000000,26650000.000000,,21401250.000000,5248750.000000,,1.891000,,18766250.000000,18766250.000000,,,5.718000,0.207000,0.000000,0.000000,0.000000,0.000000,0.000000,,0.000000,,0.000000,,,,,,,,,,22077500.000000,,22077500.000000,,,,,,1.000000,,,5187500.000000,,-1046250.000000,,0.000000,0.000000,0.000000,0.000000,4572500.000000,3742500.000000,830000.000000,,,,,,,,,,,,,,,,,,,3155000.000000,,,,,61250.000000,,,,,1675000.000000,-9065000.000000,,,,,,,,,,1.000000,11673539.000000,11673539.000000,,,21462500.000000,960000.000000,,830000.000000,1.839000
ARQ,2014-12-31,2015-05-07,2015-01-31,2015-Q4,14285000.000000,127358315.000000,2025-05-01,77500.000000,24245000.000000,,18992500.000000,5252500.000000,,2.408000,-15000.000000,14081250.000000,14081250.000000,0.000000,-5653750.000000,4.035000,0.197000,0.000000,0.000000,0.000000,0.000000,0.000000,0.000000,0.000000,0.000000,0.000000,-6628750.000000,-6628750.000000,,-6628750.000000,-6628750.000000,-6628750.000000,-0.688000,-0.688000,-0.688000,28110000.000000,,28110000.000000,113277065.000000,-7.000000,-7.171000,-4697500.000000,-0.402000,1.000000,0.000000,,5183750.000000,0.000000,272500.000000,,0.000000,0.000000,0.000000,0.000000,5537500.000000,4707500.000000,830000.000000,-4685000.000000,0.000000,0.000000,0.000000,0.000000,0.000000,-2500.000000,0.000000,-4682500.000000,0.000000,-5653750.000000,-5653750.000000,-5653750.000000,0.000000,0.000000,,6647500.000000,-6647500.000000,4651250.000000,0.000000,4.531000,-8.967000,-6.021000,68750.000000,0.000000,10.910000,,,3287500.000000,-12827500.000000,0.000000,0.000000,5212500.000000,,,,,325000.000000,2456250.000000,1.000000,11673539.000000,11673539.000000,,0.000000,19061250.000000,1623750.000000,-975000.000000,830000.000000,1.633000
ARQ,2015-03-31,2015-06-11,2015-04-30,2016-Q1,58111250.000000,130743641.000000,2025-05-01,147500.000000,71458750.000000,,63397500.000000,8061250.000000,,5.560000,-32500.000000,56357500.000000,56357500.000000,0.000000,-6448750.000000,11.993000,0.101000,0.000000,0.000000,0.000000,0.000000,0.000000,17500.000000,0.000000,0.000000,0.000000,-7267500.000000,-7250000.000000,,-7250000.000000,-7267500.000000,-7267500.000000,-0.562000,-0.562000,-0.562000,64900000.000000,,64900000.000000,74386141.000000,,,-7437500.000000,-0.637000,1.000000,0.000000,,7940000.000000,0.000000,1875000.000000,,0.000000,0.000000,0.000000,0.000000,6558750.000000,5286250.000000,1272500.000000,34772500.000000,,50036250.000000,,,42196250.000000,-18750.000000,,-7405000.000000,0.000000,-6448750.000000,-6448750.000000,-6448750.000000,0.000000,0.000000,,7281250.000000,-7281250.000000,5188750.000000,0.000000,2.015000,,,121250.000000,0.000000,11.200000,,,3675000.000000,-26111250.000000,0.000000,0.000000,6002500.000000,,,,,452500.000000,2060000.000000,1.000000,11673539.000000,11673539.000000,,0.000000,63518750.000000,3365000.000000,-818750.000000,1272500.000000,5.441000
ARQ,2015-06-30,2015-08-27,2015-07-31,2016-Q2,52133750.000000,142066974.000000,2025-05-01,127500.000000,65667500.000000,,57455000.000000,8212500.000000,,5.058000,-15000.000000,51660000.000000,51660000.000000,0.000000,-7882500.000000,10.797000,0.112000,0.000000,0.000000,0.000000,0.000000,0.000000,16250.000000,0.000000,0.000000,0.000000,-9361250.000000,-9345000.000000,,-9345000.000000,-9361250.000000,-9361250.000000,-0.688000,-0.688000,-0.688000,59048750.000000,,59048750.000000,90406974.000000,,,-6208750.000000,-0.532000,1.000000,0.000000,,8095000.000000,0.000000,591250.000000,,0.000000,0.000000,0.000000,0.000000,6618750.000000,5321250.000000,1297500.000000,-5127500.000000,,1406250.000000,,,1063750.000000,2500.000000,,-6193750.000000,0.000000,-7882500.000000,-7882500.000000,-7882500.000000,0.000000,0.000000,,9378750.000000,-9378750.000000,5206250.000000,0.000000,2.406000,,,117500.000000,0.000000,12.170000,,,3613750.000000,-34513750.000000,0.000000,0.000000,8255000.000000,,,,,543750.000000,1958750.000000,1.000000,11673539.000000,11673539.000000,,0.000000,57572500.000000,2181250.000000,-1478750.000000,1297500.000000,4.932000
ARQ,2015-09-30,2015-12-17,2015-10-31,2016-Q3,43157500.000000,127941992.000000,2025-05-01,116250.000000,56840000.000000,,48686250.000000,8153750.000000,,4.286000,-66250.000000,42840000.000000,42840000.000000,0.000000,-8998750.000000,8.806000,0.136000,0.000000,0.000000,0.000000,0.000000,0.000000,18750.000000,0.000000,0.000000,0.000000,-10467500.000000,-10448750.000000,,-10448750.000000,-10467500.000000,-10467500.000000,-0.750000,-0.750000,-0.750000,50028750.000000,,50028750.000000,85101992.000000,-3.000000,-2.527000,-8045000.000000,-0.689000,1.000000,0.000000,,7993750.000000,0.000000,477500.000000,,0.000000,0.000000,0.000000,0.000000,6811250.000000,5528750.000000,1282500.000000,-8553750.000000,,-622500.000000,,,-523750.000000,-51250.000000,,-7978750.000000,0.000000,-8998750.000000,-8998750.000000,-8998750.000000,0.000000,0.000000,,10482500.000000,-10482500.000000,5401250.000000,0.000000,2.557000,-4.414000,-4.077000,160000.000000,0.000000,10.960000,,,2208750.000000,-43091250.000000,0.000000,0.000000,8691250.000000,,,,,687500.000000,2511250.000000,1.000000,11673539.000000,11673539.000000,,0.000000,48846250.000000,3637500.000000,-1468750.000000,1282500.000000,4.184000
ARQ,2015-12-31,2016-05-10,2016-01-31,2016-Q4,31292500.000000,104562002.000000,2025-05-01,36250.000000,44456250.000000,,36976250.000000,7480000.000000,,3.057000,-2500.000000,28906250.000000,28906250.000000,0.000000,-6967500.000000,6.506000,0.187000,0.000000,0.000000,0.000000,0.000000,0.000000,13750.000000,0.000000,0.000000,0.000000,-8622500.000000,-8608750.000000,,-8608750.000000,-8622500.000000,-8622500.000000,-0.562000,-0.562000,-0.562000,37467500.000000,,37467500.000000,75655752.000000,-2.000000,-2.122000,-8890000.000000,-0.725000,1.000000,0.000000,,7333750.000000,0.000000,2532500.000000,,0.000000,0.000000,0.000000,0.000000,6988750.000000,5683750.000000,1305000.000000,-12373750.000000,,-4151250.000000,,,-3490000.000000,3750.000000,,-8887500.000000,216250.000000,-6967500.000000,-6967500.000000,-6967500.000000,0.000000,0.000000,,8628750.000000,-8628750.000000,5683750.000000,0.000000,2.791000,-3.451000,-3.329000,146250.000000,0.000000,8.530000,,,2726250.000000,-48491250.000000,0.000000,0.000000,6936250.000000,,,,,372500.000000,1928750.000000,1.000000,12258148.000000,12258148.000000,,0.000000,37122500.000000,5343750.000000,-1655000.000000,1176250.000000,3.028000
ARQ,2015-12-31,2016-05-12,2016-01-31,2016-Q4,22062500.000000,100614879.000000,2025-05-01,26250.000000,31345000.000000,,26070000.000000,5275000.000000,,2.155000,31250.000000,20380000.000000,20380000.000000,0.000000,1970000.000000,6.505000,0.187000,0.000000,0.000000,0.000000,0.000000,0.000000,-5000.000000,0.000000,0.000000,0.000000,1913750.000000,1908750.000000,,1908750.000000,1913750.000000,1913750.000000,0.188000,0.188000,0.188000,26416250.000000,,26416250.000000,80234879.000000,-3.000000,-3.192000,131250.000000,0.011000,1.000000,0.000000,,5171250.000000,0.000000,1786250.000000,,0.000000,0.000000,0.000000,0.000000,4928750.000000,4007500.000000,921250.000000,-14943750.000000,,-17916250.000000,,,-15066250.000000,22500.000000,,100000.000000,151250.000000,1970000.000000,1970000.000000,1970000.000000,0.000000,0.000000,,-1922500.000000,1922500.000000,4007500.000000,0.000000,3.809000,-4.710000,-4.530000,103750.000000,0.000000,8.208000,,,1922500.000000,-34187500.000000,0.000000,0.000000,-1878750.000000,,,,,-233750.000000,-566250.000000,1.000000,12258148.000000,12258148.000000,,0.000000,26173750.000000,3767500.000000,-56250.000000,830000.000000,2.135000
ARQ,2016-03-31,2016-06-02,2016-04-30,2017-Q1,23570000.000000,104794907.000000,2025-05-01,30000.000000,37035000.000000,,29305000.000000,7730000.000000,,2.442000,-12500.000000,18312500.000000,18312500.000000,0.000000,-9605000.000000,5.110000,0.237000,0.000000,0.000000,0.000000,0.000000,0.000000,20000.000000,0.000000,0.000000,0.000000,-11320000.000000,-11300000.000000,,-11300000.000000,-11320000.000000,-11320000.000000,-0.812000,-0.812000,-0.812000,29937500.000000,,29937500.000000,86482407.000000,-3.000000,-2.963000,-11685000.000000,-0.953000,1.000000,0.000000,,7587500.000000,0.000000,5400000.000000,,0.000000,0.000000,0.000000,0.000000,7097500.000000,5735000.000000,1362500.000000,-11483750.000000,,196250.000000,,,196250.000000,-7500.000000,,-11672500.000000,-92500.000000,-9605000.000000,-9605000.000000,-9605000.000000,0.000000,0.000000,,11326250.000000,-11326250.000000,5735000.000000,0.000000,3.500000,-4.275000,-4.146000,142500.000000,0.000000,8.549000,,,3747500.000000,-59745000.000000,0.000000,0.000000,8810000.000000,,,,,616250.000000,2625000.000000,1.000000,12258148.000000,12258148.000000,,0.000000,29447500.000000,7245000.000000,-1715000.000000,1216250.000000,2.402000
ARQ,2016-06-30,2016-09-08,2016-07-31,2017-Q2,11760000.000000,76123099.000000,2025-05-01,61250.000000,24266250.000000,,17253750.000000,7012500.000000,,1.430000,-33750.000000,11603750.000000,11603750.000000,0.000000,-10305000.000000,3.141000,0.384000,0.000000,0.000000,0.000000,0.000000,0.000000,18750.000000,0.000000,0.000000,0.000000,-12090000.000000,-12071250.000000,,-12071250.000000,-12090000.000000,-12090000.000000,-0.812000,-0.812000,-0.812000,17530000.000000,,17530000.000000,64519349.000000,-2.000000,-2.022000,-4032500.000000,-0.329000,1.000000,0.000000,,6866250.000000,0.000000,302500.000000,,0.000000,0.000000,0.000000,0.000000,6736250.000000,5493750.000000,1242500.000000,-4042500.000000,,-13750.000000,,,-13750.000000,-30000.000000,,-3998750.000000,178750.000000,-10305000.000000,-10305000.000000,-10305000.000000,0.000000,0.000000,,12093750.000000,-12093750.000000,5493750.000000,0.000000,4.342000,-2.826000,-2.838000,146250.000000,0.000000,6.210000,,,2296250.000000,-64366250.000000,0.000000,0.000000,8953750.000000,,,,,651250.000000,3167500.000000,1.000000,12258148.000000,12258148.000000,,0.000000,17400000.000000,3353750.000000,-1785000.000000,1101250.000000,1.419000
ARQ,2016-09-30,2016-12-15,2016-10-31,2017-Q3,43708750.000000,104194258.000000,2025-05-01,98750.000000,65570000.000000,,59081250.000000,6488750.000000,,0.136000,-20000.000000,52866250.000000,52866250.000000,0.000000,-7248750.000000,3.843000,38.441000,8706250.000000,0.000000,8706250.000000,8706250.000000,49235000.000000,17500.000000,0.000000,0.000000,0.000000,-8065000.000000,-8047500.000000,-9.158000,-8047500.000000,-8065000.000000,-8691250.000000,-0.562000,-0.562000,-0.562000,1662500.000000,,1662500.000000,60034258.000000,-2.000000,-2.034000,38433750.000000,3.135000,1.000000,878750.000000,1.000000,6315000.000000,626250.000000,-277500.000000,,0.000000,0.000000,0.000000,0.000000,63907500.000000,15372500.000000,48535000.000000,43448750.000000,,391250.000000,,,426250.000000,-18750.000000,,38453750.000000,-30000.000000,-7248750.000000,-7248750.000000,-7248750.000000,0.000000,0.000000,-8.249000,8946250.000000,-8067500.000000,4822500.000000,0.000000,62.673000,-4.137000,-4.250000,173750.000000,0.000000,8.500000,118.571000,118.571000,1685000.000000,-74568750.000000,878750.000000,878750.000000,6037500.000000,,,,,315000.000000,2908750.000000,1.000000,12258148.000000,12258148.000000,,0.072000,59255000.000000,4530000.000000,-1442500.000000,1013750.000000,4.834000
ARQ,2016-12-31,2017-03-29,2017-01-31,2017-Q4,35300000.000000,164251199.000000,2025-05-01,78750.000000,59130000.000000,,52442500.000000,6687500.000000,,-0.444000,-61250.000000,44145000.000000,44145000.000000,0.000000,-6462500.000000,3.059000,-11.761000,9311250.000000,0.000000,9311250.000000,9311250.000000,48021250.000000,18750.000000,0.000000,0.000000,0.000000,-7611250.000000,-7592500.000000,-2.766000,-7592500.000000,-7611250.000000,-8341250.000000,-0.562000,-0.562000,-0.562000,-5495000.000000,,-5495000.000000,129417449.000000,-3.000000,-3.317000,-8471250.000000,-0.685000,1.000000,2745000.000000,1.000000,6505000.000000,730000.000000,648750.000000,,0.000000,0.000000,0.000000,0.000000,64625000.000000,17142500.000000,47482500.000000,-8298750.000000,,40000.000000,,,41250.000000,-70000.000000,,-8410000.000000,-1183750.000000,-6462500.000000,-6462500.000000,-6462500.000000,0.000000,0.000000,-2.354000,10356250.000000,-7611250.000000,6270000.000000,0.000000,-29.891000,-4.885000,-4.829000,182500.000000,0.000000,13.280000,45.326000,45.326000,1615000.000000,-84593750.000000,2745000.000000,2745000.000000,6012500.000000,,,,,586250.000000,4320000.000000,1.000000,12368313.000000,12368313.000000,,0.222000,52625000.000000,6682500.000000,-1878750.000000,888750.000000,4.255000
ARQ,2016-12-31,2017-03-30,2017-01-31,2017-Q4,28051250.000000,157695993.000000,2025-05-01,62500.000000,46983750.000000,,41671250.000000,5312500.000000,,-0.353000,-35000.000000,35077500.000000,35077500.000000,0.000000,445000.000000,3.060000,-11.761000,7398750.000000,0.000000,7398750.000000,7398750.000000,38158750.000000,16250.000000,0.000000,0.000000,0.000000,418750.000000,435000.000000,0.217000,435000.000000,418750.000000,-32500.000000,0.000000,0.000000,0.000000,-4366250.000000,,-4366250.000000,130017243.000000,-4.000000,-4.196000,-11397500.000000,-0.922000,1.000000,2001250.000000,1.000000,5167500.000000,451250.000000,517500.000000,,0.000000,0.000000,0.000000,0.000000,51350000.000000,13620000.000000,37730000.000000,-12330000.000000,,-86250.000000,,,-92500.000000,-43750.000000,,-11362500.000000,-951250.000000,445000.000000,445000.000000,445000.000000,0.000000,0.000000,0.222000,1580000.000000,421250.000000,4980000.000000,,-36.117000,-5.903000,-5.827000,145000.000000,0.000000,12.750000,54.756000,54.756000,1283750.000000,-67217500.000000,2001250.000000,2001250.000000,-111250.000000,,,,,141250.000000,1645000.000000,1.000000,12368313.000000,12368313.000000,,0.162000,41816250.000000,5310000.000000,-477500.000000,706250.000000,3.381000
ARQ,2017-03-31,2017-06-14,2017-04-30,2018-Q1,26113750.000000,132019375.000000,2025-05-01,56250.000000,49978750.000000,,42591250.000000,7387500.000000,,-4.041000,-452500.000000,31312500.000000,31312500.000000,0.000000,-7700000.000000,2.585000,-1.258000,9935000.000000,0.000000,9935000.000000,9935000.000000,46573750.000000,37500.000000,0.000000,0.000000,0.000000,-9282500.000000,-9245000.000000,-3.308000,-9245000.000000,-9282500.000000,-9645000.000000,-0.625000,-0.625000,-0.625000,-49978750.000000,,-49978750.000000,110641875.000000,-4.000000,-3.825000,-13313750.000000,-1.076000,1.000000,2795000.000000,1.000000,6623750.000000,362500.000000,5500000.000000,,0.000000,0.000000,0.000000,0.000000,62883750.000000,16477500.000000,46406250.000000,-13291250.000000,,21250.000000,,,21250.000000,-451250.000000,,-12861250.000000,-780000.000000,-7700000.000000,-7700000.000000,-7700000.000000,0.000000,0.000000,-2.755000,12080000.000000,-9285000.000000,5162500.000000,0.000000,-2.642000,-5.321000,-5.337000,763750.000000,0.000000,10.674000,23.263000,23.263000,2440000.000000,-94666250.000000,2795000.000000,2795000.000000,8143750.000000,,,,,447500.000000,3936250.000000,1.000000,12368313.000000,12368313.000000,,0.226000,43355000.000000,8838750.000000,-1945000.000000,913750.000000,3.505000
ARQ,2017-06-30,2017-08-31,2017-07-31,2018-Q2,43021250.000000,159180191.000000,2025-05-01,68750.000000,67888750.000000,,60212500.000000,7676250.000000,,0.467000,-136250.000000,46666250.000000,46666250.000000,0.000000,18012500.000000,3.503000,10.761000,10493750.000000,0.000000,10493750.000000,10493750.000000,44653750.000000,58750.000000,0.000000,0.000000,0.000000,16257500.000000,16316250.000000,0.522000,16316250.000000,16257500.000000,15896250.000000,1.438000,1.375000,1.438000,5772500.000000,,5772500.000000,123007691.000000,-183.000000,-227.266000,15446250.000000,1.249000,1.000000,31261250.000000,1.000000,6752500.000000,361250.000000,7772500.000000,,0.000000,0.000000,0.000000,0.000000,62116250.000000,17191250.000000,44925000.000000,15315000.000000,,35000.000000,,,35000.000000,-133750.000000,,15582500.000000,-866250.000000,18012500.000000,18012500.000000,18012500.000000,0.000000,0.000000,0.576000,15005000.000000,16256250.000000,5790000.000000,0.000000,27.576000,45.367000,51.480000,923750.000000,0.000000,12.870000,4.310000,4.310000,2272500.000000,-78538750.000000,31261250.000000,31261250.000000,10900000.000000,,,,,883750.000000,4105000.000000,1.000000,12368313.000000,12368313.000000,,2.528000,61136250.000000,11273750.000000,-2116250.000000,931250.000000,4.943000
ARQ,2017-09-30,2017-12-06,2017-10-31,2018-Q3,55096250.000000,141617186.000000,2025-05-01,75000.000000,80803750.000000,,73071250.000000,7732500.000000,,2.162000,-73750.000000,52812500.000000,52812500.000000,0.000000,-2940000.000000,4.065000,2.022000,4307500.000000,0.000000,4307500.000000,4307500.000000,42072500.000000,58750.000000,0.000000,0.000000,0.000000,-5012500.000000,-4953750.000000,-1.728000,-4953750.000000,-5012500.000000,-5386250.000000,-0.250000,0.000000,-0.250000,26737500.000000,,26737500.000000,93112186.000000,39.000000,36.479000,-17266250.000000,-1.396000,1.000000,2867500.000000,1.000000,6791250.000000,373750.000000,7532500.000000,,0.000000,0.000000,0.000000,0.000000,54066250.000000,17975000.000000,36091250.000000,5635000.000000,,25400000.000000,,,23028750.000000,-72500.000000,,-17192500.000000,213750.000000,-2940000.000000,-2940000.000000,-2940000.000000,0.000000,0.000000,-1.025000,13002500.000000,-10135000.000000,6500000.000000,0.000000,5.297000,18.115000,20.374000,941250.000000,0.000000,11.450000,3.638000,3.638000,6338750.000000,-81986250.000000,2867500.000000,2867500.000000,12326250.000000,,,,,841250.000000,3288750.000000,1.000000,12368313.000000,12368313.000000,,0.232000,74012500.000000,13920000.000000,-2446250.000000,937500.000000,5.984000
ARQ,2017-12-31,2018-04-11,2018-01-31,2018-Q4,30058750.000000,196709131.000000,2025-05-01,66250.000000,95716250.000000,,63661250.000000,32055000.000000,,1.190000,23750.000000,35656250.000000,35656250.000000,0.000000,-20430000.000000,1.895000,4.465000,5481250.000000,0.000000,5481250.000000,5481250.000000,49745000.000000,281250.000000,0.000000,0.000000,0.000000,-19202500.000000,-18921250.000000,-3.542000,-18921250.000000,-19202500.000000,-20080000.000000,-1.438000,-1.438000,-1.438000,17515000.000000,,17515000.000000,166534131.000000,-10.000000,-9.911000,-11558750.000000,-0.786000,1.000000,5342500.000000,1.000000,30620000.000000,877500.000000,1318750.000000,,0.000000,0.000000,0.000000,0.000000,78201250.000000,33602500.000000,44598750.000000,-18347500.000000,,1740000.000000,,,1578750.000000,-8641250.000000,,-11582500.000000,-1997500.000000,-20430000.000000,-20430000.000000,-20430000.000000,0.000000,0.000000,-3.824000,24561250.000000,-19218750.000000,15843750.000000,0.000000,11.231000,-15.065000,-15.280000,1435000.000000,0.000000,13.370000,4.654000,4.654000,19748750.000000,-108030000.000000,5342500.000000,5342500.000000,17563750.000000,,,,,677500.000000,9038750.000000,1.000000,14712725.000000,14712725.000000,,0.363000,65096250.000000,8256250.000000,350000.000000,4220000.000000,4.424000
ARQ,2017-12-31,2018-04-13,2018-01-31,2018-Q4,21182500.000000,200534439.000000,2025-05-01,46250.000000,67452500.000000,,44862500.000000,22590000.000000,,0.839000,212500.000000,25127500.000000,25127500.000000,0.000000,-16286250.000000,1.895000,4.465000,3862500.000000,0.000000,3862500.000000,3862500.000000,35056250.000000,152500.000000,0.000000,0.000000,0.000000,-14123750.000000,-13971250.000000,2.713000,-13971250.000000,-14123750.000000,-14481250.000000,-1.250000,-1.438000,-1.250000,12343750.000000,,12343750.000000,179269439.000000,-15.000000,-15.123000,-3677500.000000,-0.250000,1.000000,-5150000.000000,1.000000,21578750.000000,357500.000000,928750.000000,,0.000000,0.000000,0.000000,0.000000,55108750.000000,23680000.000000,31428750.000000,-15191250.000000,,-6290000.000000,,,-5703750.000000,-5895000.000000,,-3890000.000000,-985000.000000,-16286250.000000,-16286250.000000,-16286250.000000,0.000000,0.000000,3.162000,7717500.000000,-12867500.000000,11165000.000000,0.000000,16.246000,-22.497000,-19.811000,1011250.000000,0.000000,13.630000,6.311000,6.311000,13917500.000000,-76131250.000000,-5150000.000000,-5150000.000000,4842500.000000,,,,,-163750.000000,3668750.000000,1.000000,14712725.000000,14712725.000000,,-0.350000,45873750.000000,5817500.000000,1805000.000000,2973750.000000,3.118000
ARQ,2018-03-31,2018-06-05,2018-04-30,2019-Q1,35817500.000000,195090731.000000,2025-05-01,76250.000000,109562500.000000,,78936250.000000,30626250.000000,,0.675000,-42500.000000,47587500.000000,47587500.000000,0.000000,-10030000.000000,1.831000,10.039000,5553750.000000,0.000000,5553750.000000,5553750.000000,66631250.000000,132500.000000,0.000000,0.000000,0.000000,-11332500.000000,-11200000.000000,-1.682000,-11200000.000000,-11332500.000000,-11656250.000000,-0.688000,-0.688000,-0.688000,9925000.000000,,9925000.000000,153056981.000000,-11.000000,-11.084000,-12142500.000000,-0.825000,1.000000,6658750.000000,1.000000,29325000.000000,323750.000000,-4915000.000000,,0.000000,0.000000,0.000000,0.000000,99637500.000000,43118750.000000,56518750.000000,12328750.000000,,25953750.000000,,,24478750.000000,-50000.000000,,-12100000.000000,706250.000000,-10030000.000000,-10030000.000000,-10030000.000000,0.000000,0.000000,-1.506000,17992500.000000,-11333750.000000,20463750.000000,0.000000,19.656000,-17.351000,-17.680000,1301250.000000,0.000000,13.260000,5.474000,5.474000,21610000.000000,-137165000.000000,6658750.000000,6658750.000000,19343750.000000,,,,,936250.000000,4587500.000000,1.000000,14712725.000000,14712725.000000,,0.453000,80237500.000000,9738750.000000,-1626250.000000,4088750.000000,5.454000
ARQ,2018-06-30,2018-09-20,2018-07-31,2019-Q2,39601250.000000,34133522.000000,2025-05-01,92500.000000,76742500.000000,,54513750.000000,22228750.000000,,3.686000,-40000.000000,28102500.000000,28102500.000000,0.000000,43720000.000000,3.656000,0.415000,0.000000,0.000000,0.000000,0.000000,5882500.000000,125000.000000,0.000000,0.000000,0.000000,44755000.000000,44880000.000000,0.721000,44880000.000000,44755000.000000,44525000.000000,2.625000,2.625000,2.625000,54231250.000000,,54231250.000000,6031022.000000,0.000000,0.409000,-17385000.000000,-1.182000,1.000000,62275000.000000,1.000000,21077500.000000,230000.000000,12650000.000000,,0.000000,0.000000,0.000000,0.000000,22511250.000000,14912500.000000,7598750.000000,-18582500.000000,,-1180000.000000,,,-1112500.000000,-37500.000000,,-17345000.000000,670000.000000,43720000.000000,43720000.000000,43720000.000000,0.000000,0.000000,0.702000,22088750.000000,40186250.000000,10803750.000000,0.000000,0.629000,2.360000,5.297000,1151250.000000,0.000000,2.320000,0.512000,0.512000,18863750.000000,-87198750.000000,62275000.000000,62275000.000000,15535000.000000,,,,,971250.000000,4441250.000000,1.000000,14712725.000000,14712725.000000,,4.233000,55665000.000000,7547500.000000,805000.000000,2976250.000000,3.783000
ARQ,2018-09-30,2018-12-11,2018-10-31,2019-Q3,30687500.000000,18685160.000000,2025-05-01,98750.000000,71607500.000000,,50410000.000000,21197500.000000,,3.044000,-7500.000000,20836250.000000,20836250.000000,0.000000,-13426250.000000,2.556000,0.599000,0.000000,0.000000,0.000000,0.000000,11391250.000000,115000.000000,0.000000,0.000000,0.000000,-15320000.000000,-15205000.000000,14.709000,-15205000.000000,-15320000.000000,-15368750.000000,-0.688000,-0.688000,-0.688000,44781250.000000,,44781250.000000,-2151090.000000,-1.000000,-0.478000,-6580000.000000,-0.447000,1.000000,-1033750.000000,1.000000,20191250.000000,48750.000000,10857500.000000,,0.000000,0.000000,0.000000,0.000000,26826250.000000,19722500.000000,7103750.000000,-6828750.000000,,-651250.000000,,,-613750.000000,-5000.000000,,-6572500.000000,432500.000000,-13426250.000000,-13426250.000000,-13426250.000000,0.000000,0.000000,12.988000,14166250.000000,-15200000.000000,8485000.000000,0.000000,0.417000,4.698000,,1006250.000000,0.000000,1.270000,0.298000,0.298000,20472500.000000,-97883750.000000,-1033750.000000,-1033750.000000,12457500.000000,,,,,4902500.000000,5857500.000000,1.000000,14712725.000000,14712725.000000,,-0.070000,51416250.000000,9101250.000000,-1942500.000000,2725000.000000,3.495000
ARQ,2018-12-31,2019-03-27,2019-01-31,2019-Q4,55603750.000000,58381917.000000,2025-05-01,92500.000000,98130000.000000,,76730000.000000,21400000.000000,,2.178000,-105000.000000,44097500.000000,44097500.000000,0.000000,-7906250.000000,3.632000,0.405000,0.000000,0.000000,0.000000,0.000000,6905000.000000,135000.000000,0.000000,0.000000,0.000000,-9146250.000000,-9011250.000000,-3.313000,-9011250.000000,-9146250.000000,-9240000.000000,-0.500000,-0.500000,-0.500000,69850000.000000,,69850000.000000,14284417.000000,2.000000,1.509000,-8081250.000000,-0.252000,1.000000,2720000.000000,1.000000,20388750.000000,93750.000000,12517500.000000,,0.000000,0.000000,0.000000,0.000000,28280000.000000,21126250.000000,7153750.000000,23473750.000000,,32932500.000000,,,32146250.000000,-421250.000000,,-7976250.000000,-1107500.000000,-7906250.000000,-7906250.000000,-7906250.000000,0.000000,0.000000,-2.907000,11993750.000000,-9273750.000000,14553750.000000,0.000000,0.836000,4.724000,2.427000,1011250.000000,0.000000,1.820000,0.827000,0.827000,22242500.000000,-92107500.000000,2720000.000000,2720000.000000,16982500.000000,,,,,977500.000000,5377500.000000,1.000000,32077976.000000,32077976.000000,,0.085000,77741250.000000,10390000.000000,-1333750.000000,2750000.000000,2.424000
ARQ,2018-12-31,2019-03-29,2019-01-31,2019-Q4,42331250.000000,58702696.000000,2025-05-01,70000.000000,74708750.000000,,58416250.000000,16292500.000000,,1.658000,-58750.000000,33572500.000000,33572500.000000,0.000000,-10855000.000000,3.632000,0.405000,0.000000,0.000000,0.000000,0.000000,5256250.000000,1050000.000000,0.000000,0.000000,0.000000,-11283750.000000,-10233750.000000,0.724000,-10233750.000000,-11283750.000000,-11211250.000000,-0.688000,-0.688000,-0.688000,53177500.000000,,53177500.000000,25130196.000000,4.000000,3.049000,2465000.000000,0.077000,1.000000,-14135000.000000,1.000000,15522500.000000,-72500.000000,9528750.000000,,0.000000,0.000000,0.000000,0.000000,21531250.000000,16085000.000000,5446250.000000,20993750.000000,,19315000.000000,,,19043750.000000,-298750.000000,,2523750.000000,-1275000.000000,-10855000.000000,-10855000.000000,-10855000.000000,0.000000,0.000000,0.768000,-3816250.000000,-10318750.000000,11081250.000000,0.000000,1.104000,6.239000,3.256000,770000.000000,0.000000,1.830000,1.092000,1.092000,16933750.000000,-70123750.000000,-14135000.000000,-14135000.000000,1631250.000000,,,,,-881250.000000,541250.000000,1.000000,32077976.000000,32077976.000000,,-0.441000,59186250.000000,7910000.000000,-356250.000000,2093750.000000,1.845000
ARQ,2019-03-31,2019-06-12,2019-04-30,2020-Q1,37326250.000000,45550726.000000,2025-05-01,73750.000000,67065000.000000,,50062500.000000,17002500.000000,,1.506000,-5000.000000,35393750.000000,35393750.000000,0.000000,-5031250.000000,3.931000,0.388000,1156250.000000,447500.000000,708750.000000,1156250.000000,3938750.000000,437500.000000,0.000000,0.000000,0.000000,-6007500.000000,-5570000.000000,-17.896000,-5570000.000000,-6007500.000000,-6083750.000000,-0.188000,-0.188000,-0.188000,48305000.000000,,48305000.000000,11313226.000000,1.000000,0.816000,-4382500.000000,-0.137000,1.000000,311250.000000,1.000000,15263750.000000,76250.000000,4827500.000000,,0.000000,0.000000,0.000000,0.000000,18760000.000000,12736250.000000,6023750.000000,1631250.000000,,1250.000000,-111250.000000,,-110000.000000,-2500.000000,,-4377500.000000,190000.000000,-5031250.000000,-5031250.000000,-5031250.000000,0.000000,0.000000,-16.165000,6321250.000000,-6010000.000000,8446250.000000,0.000000,0.943000,3.162000,1.337000,1738750.000000,0.000000,1.420000,0.961000,0.961000,11822500.000000,-74828750.000000,311250.000000,311250.000000,10341250.000000,,,,,160000.000000,2068750.000000,1.000000,32077976.000000,32077976.000000,,0.010000,51801250.000000,2846250.000000,-1052500.000000,2053750.000000,1.615000
ARQ,2019-06-30,2019-10-11,2019-07-31,2020-Q2,31091250.000000,52928661.000000,2025-05-01,96250.000000,60528750.000000,,43692500.000000,16836250.000000,,1.313000,-142500.000000,26082500.000000,26082500.000000,0.000000,-6448750.000000,3.467000,0.437000,1055000.000000,447500.000000,607500.000000,1055000.000000,4661250.000000,435000.000000,0.000000,0.000000,0.000000,-7698750.000000,-7263750.000000,-46.119000,-7263750.000000,-7698750.000000,-7776250.000000,-0.188000,-0.188000,-0.188000,42131250.000000,,42131250.000000,27901161.000000,-1.000000,-0.729000,-9861250.000000,-0.307000,1.000000,157500.000000,1.000000,15130000.000000,77500.000000,7770000.000000,,0.000000,0.000000,0.000000,0.000000,18397500.000000,12601250.000000,5796250.000000,-10785000.000000,,0.000000,-112500.000000,,-112500.000000,-267500.000000,,-9718750.000000,1473750.000000,-6448750.000000,-6448750.000000,-6448750.000000,0.000000,0.000000,-40.944000,7856250.000000,-7698750.000000,8120000.000000,0.000000,1.256000,-1.480000,-0.943000,1706250.000000,0.000000,1.650000,-3.601000,-3.601000,13348750.000000,-81126250.000000,157500.000000,157500.000000,11520000.000000,,,,,252500.000000,1505000.000000,1.000000,32077976.000000,32077976.000000,,0.005000,45398750.000000,4261250.000000,-1327500.000000,2015000.000000,1.415000
ARQ,2019-09-30,2019-12-17,2019-10-31,2020-Q3,22731250.000000,47427288.000000,2025-05-01,76250.000000,49186250.000000,,32772500.000000,16413750.000000,,1.047000,-13750.000000,17002500.000000,17002500.000000,0.000000,-8787500.000000,3.264000,0.465000,952500.000000,447500.000000,505000.000000,952500.000000,1040000.000000,440000.000000,0.000000,0.000000,0.000000,-9617500.000000,-9177500.000000,-59.210000,-9177500.000000,-9617500.000000,-9696250.000000,-0.250000,-0.250000,-0.250000,33577500.000000,,33577500.000000,31377288.000000,-1.000000,-0.973000,-8612500.000000,-0.268000,1.000000,155000.000000,1.000000,14873750.000000,78750.000000,8221250.000000,,0.000000,0.000000,0.000000,0.000000,15608750.000000,10041250.000000,5567500.000000,-7976250.000000,0.000000,0.000000,-111250.000000,,-111250.000000,-16250.000000,,-8598750.000000,-1103750.000000,-8787500.000000,-8787500.000000,-8787500.000000,0.000000,0.000000,-56.694000,9773750.000000,-9618750.000000,9025000.000000,0.000000,1.412000,-1.524000,-1.127000,1540000.000000,0.000000,1.478000,-3.510000,-3.510000,11191250.000000,-89803750.000000,155000.000000,155000.000000,9030000.000000,,,,,253750.000000,5458750.000000,1.000000,32077976.000000,32077976.000000,,0.005000,34312500.000000,4578750.000000,-908750.000000,1976250.000000,1.070000
ARQ,2019-12-31,2020-04-30,2019-12-31,2019-Q4,63247500.000000,251917711.000000,2025-05-01,70000.000000,91403750.000000,,75240000.000000,16163750.000000,,1.102000,,60521250.000000,60521250.000000,,,6.274000,0.235000,847500.000000,447500.000000,400000.000000,847500.000000,1887500.000000,,0.000000,0.000000,0.000000,,,,,,,,,,74031250.000000,,74031250.000000,192243961.000000,,,,,1.000000,,,14705000.000000,,5032500.000000,,0.000000,0.000000,0.000000,0.000000,17372500.000000,11992500.000000,5380000.000000,,,,,,,,,,,,,,,,,,,10025000.000000,,3.403000,,,1458750.000000,,3.750000,,,10145000.000000,-97032500.000000,,,,,,,,,,1.000000,67178056.000000,67178056.000000,,,76698750.000000,4573750.000000,,1950000.000000,1.142000
ARQ,2020-03-31,2020-06-02,2020-03-31,2020-Q1,58236000.000000,251917711.000000,2025-05-01,85000.000000,89411000.000000,,73555000.000000,15856000.000000,,1.011000,-30000.000000,55296000.000000,55296000.000000,0.000000,-6149000.000000,4.802000,0.316000,792000.000000,418000.000000,374000.000000,792000.000000,3195000.000000,437000.000000,0.000000,0.000000,0.000000,-7382000.000000,-6945000.000000,-22.048000,-6945000.000000,-7382000.000000,-7447000.000000,-0.100000,-0.100000,-0.100000,67919000.000000,,67919000.000000,197413711.000000,,,-8370000.000000,-0.125000,1.000000,315000.000000,1.000000,14551000.000000,65000.000000,5037000.000000,,0.000000,0.000000,0.000000,0.000000,21492000.000000,15319000.000000,6173000.000000,-8587000.000000,0.000000,4000.000000,-58000.000000,,-54000.000000,-188000.000000,,-8340000.000000,3584000.000000,-6149000.000000,-6149000.000000,-6149000.000000,0.000000,0.000000,-19.521000,7698000.000000,-7383000.000000,12645000.000000,0.000000,3.709000,,,1305000.000000,0.000000,3.750000,,,12179000.000000,-102742000.000000,315000.000000,315000.000000,12143000.000000,,,,,290000.000000,651000.000000,1.000000,67178056.000000,67178056.000000,,0.005000,74860000.000000,6080000.000000,-1298000.000000,2127000.000000,1.114000
ARQ,2020-09-30,2020-11-16,2020-09-30,2020-Q3,27335000.000000,403896620.000000,2025-05-01,-7032000.000000,56865000.000000,,42077000.000000,14788000.000000,,0.448000,,21270000.000000,21270000.000000,0.000000,-17701000.000000,2.854000,0.543000,548000.000000,386000.000000,162000.000000,548000.000000,7826000.000000,,0.000000,0.000000,0.000000,-17800000.000000,,,,-17800000.000000,-17800000.000000,-0.003000,-0.003000,-0.003000,36861000.000000,,36861000.000000,383174620.000000,,,,,1.000000,181000.000000,1.000000,13436000.000000,0.000000,7965000.000000,,0.000000,0.000000,0.000000,0.000000,20004000.000000,14742000.000000,5262000.000000,,,,,,,,,,,-17701000.000000,-17701000.000000,-17701000.000000,0.000000,0.000000,-97.796000,18397000.000000,-18216000.000000,2493000.000000,0.000000,10.957000,,,1352000.000000,0.000000,4.910000,,,4080000.000000,-199174000.000000,181000.000000,181000.000000,14387000.000000,,,,,,7460000.000000,1.000000,82260004.000000,82260004.000000,,0.002000,43429000.000000,7919000.000000,-99000.000000,2108000.000000,0.528000
ARQ,2020-12-31,2021-03-31,2020-12-31,2020-Q4,67784000.000000,486718029.000000,2025-05-01,-3794000.000000,102498000.000000,,87674000.000000,14824000.000000,,1.143000,-50000.000000,66417000.000000,66417000.000000,0.000000,-13442000.000000,4.408000,0.290000,465000.000000,390000.000000,75000.000000,465000.000000,8939000.000000,657000.000000,0.000000,0.000000,0.000000,-13562000.000000,-12905000.000000,-69.757000,-12905000.000000,-13562000.000000,-13562000.000000,-0.002000,-0.002000,-0.002000,79453000.000000,,79453000.000000,420766029.000000,-8.000000,-8.265000,-8021000.000000,-0.115000,1.000000,185000.000000,1.000000,13545000.000000,0.000000,3111000.000000,,0.000000,0.000000,0.000000,0.000000,23045000.000000,19890000.000000,3155000.000000,43083000.000000,0.000000,50548000.000000,0.000000,0.000000,50548000.000000,-50000.000000,0.000000,-7971000.000000,2620000.000000,-13442000.000000,-13442000.000000,-13442000.000000,0.000000,0.000000,-72.659000,13734000.000000,-13549000.000000,6140000.000000,0.000000,6.126000,-9.236000,-733.750000,1279000.000000,0.000000,5.870000,565.951000,474.543000,331000.000000,-210946000.000000,185000.000000,185000.000000,12295000.000000,,,,,578000.000000,5802000.000000,1.000000,82916189.000000,69524148.000000,,0.003000,88953000.000000,9856000.000000,-120000.000000,0.000000,1.279000
ARQ,2021-03-31,2021-05-17,2021-03-31,2021-Q1,52165000.000000,666125284.000000,2025-05-01,-3119000.000000,140794000.000000,,125217000.000000,15577000.000000,,0.778000,-39000.000000,102194000.000000,102194000.000000,0.000000,-17488000.000000,1.714000,1.186000,56370000.000000,56019000.000000,351000.000000,56370000.000000,7806000.000000,487000.000000,0.000000,0.000000,0.000000,-17488000.000000,-17001000.000000,-88.547000,-17001000.000000,-17488000.000000,-17488000.000000,-0.002000,-0.002000,-0.002000,64405000.000000,,64405000.000000,620301284.000000,,,-20708000.000000,-0.250000,1.000000,192000.000000,1.000000,13406000.000000,0.000000,8512000.000000,,0.000000,0.000000,0.000000,0.000000,76389000.000000,73052000.000000,3337000.000000,35777000.000000,0.000000,897000.000000,55000000.000000,0.000000,55897000.000000,-39000.000000,0.000000,-20669000.000000,588000.000000,-17488000.000000,-17488000.000000,-17488000.000000,0.000000,0.000000,-91.083000,17115000.000000,-16923000.000000,4114000.000000,0.000000,10.343000,,,2171000.000000,0.000000,6.850000,,,447000.000000,-228434000.000000,192000.000000,192000.000000,18379000.000000,,,,,868000.000000,4185000.000000,1.000000,97244567.000000,82817836.000000,82817836.000000,0.002000,127388000.000000,13596000.000000,0.000000,0.000000,1.538000
ARQ,2021-06-30,2021-08-12,2021-06-30,2021-Q2,99594000.000000,771263650.000000,2025-05-01,-2579000.000000,145517000.000000,,121482000.000000,24035000.000000,,1.317000,-151000.000000,103386000.000000,103386000.000000,0.000000,-24416000.000000,5.550000,0.218000,2154000.000000,1006000.000000,1148000.000000,2154000.000000,7505000.000000,665000.000000,0.000000,0.000000,0.000000,-24416000.000000,-23751000.000000,-416.684000,-23751000.000000,-24416000.000000,-24416000.000000,-0.003000,-0.003000,-0.003000,119427000.000000,,119427000.000000,670031650.000000,-9.000000,,-19325000.000000,-0.213000,1.000000,57000.000000,1.000000,13218000.000000,0.000000,9179000.000000,,0.000000,0.000000,0.000000,0.000000,26090000.000000,21888000.000000,4202000.000000,1192000.000000,0.000000,75136000.000000,-55054000.000000,0.000000,20082000.000000,-151000.000000,0.000000,-19174000.000000,435000.000000,-24416000.000000,-24416000.000000,-24416000.000000,0.000000,0.000000,-428.351000,23787000.000000,-23730000.000000,6949000.000000,0.000000,6.458000,-10.558000,-880.000000,2969000.000000,0.000000,7.920000,1254.087000,1167.406000,1053000.000000,-252850000.000000,57000.000000,57000.000000,23923000.000000,,,,,3672000.000000,5984000.000000,1.000000,97381774.000000,90650854.000000,90650854.000000,0.001000,132299000.000000,18201000.000000,0.000000,0.000000,1.459000
ARQ,2021-09-30,2021-11-15,2021-09-30,2021-Q3,79421000.000000,508115124.000000,2025-05-01,-3442000.000000,128673000.000000,,102210000.000000,26463000.000000,,1.050000,4000.000000,80248000.000000,80248000.000000,0.000000,-19599000.000000,4.485000,0.258000,1837000.000000,941000.000000,896000.000000,1837000.000000,7511000.000000,632000.000000,0.000000,0.000000,0.000000,-19599000.000000,-18967000.000000,-14.490000,-18967000.000000,-19599000.000000,-19599000.000000,-0.002000,-0.002000,-0.002000,102298000.000000,,102298000.000000,429704124.000000,-6.000000,-5.917000,-23561000.000000,-0.242000,1.000000,1309000.000000,1.000000,12609000.000000,0.000000,14864000.000000,,0.000000,0.000000,0.000000,0.000000,26375000.000000,22789000.000000,3586000.000000,-23138000.000000,0.000000,676000.000000,0.000000,0.000000,676000.000000,4000.000000,0.000000,-23565000.000000,-253000.000000,-19599000.000000,-19599000.000000,-19599000.000000,0.000000,0.000000,-14.972000,20795000.000000,-19486000.000000,5875000.000000,0.000000,4.967000,-6.780000,-577.778000,2540000.000000,0.000000,5.200000,291.518000,290.737000,2290000.000000,-272449000.000000,1309000.000000,1309000.000000,19943000.000000,,,,,2644000.000000,5662000.000000,1.000000,97714447.000000,97452628.000000,97452628.000000,0.013000,116064000.000000,21386000.000000,0.000000,0.000000,1.191000
ARQ,2021-12-31,2022-03-17,2021-12-31,2021-Q4,71689000.000000,307122974.000000,2025-05-01,-2197000.000000,113374000.000000,,97312000.000000,16062000.000000,,0.851000,-120000.000000,71791000.000000,71791000.000000,0.000000,-27099000.000000,3.798000,0.361000,2782000.000000,1091000.000000,1691000.000000,2782000.000000,7939000.000000,671000.000000,0.000000,0.000000,0.000000,-27099000.000000,-26428000.000000,-105.291000,-26428000.000000,-27099000.000000,-27099000.000000,-0.003000,-0.003000,-0.003000,83284000.000000,,83284000.000000,238113974.000000,-3.000000,-2.764000,-9299000.000000,-0.095000,1.000000,251000.000000,1.000000,12408000.000000,0.000000,6334000.000000,,0.000000,0.000000,0.000000,0.000000,30090000.000000,25623000.000000,4467000.000000,-8457000.000000,0.000000,1261000.000000,0.000000,0.000000,1261000.000000,-120000.000000,0.000000,-9179000.000000,-419000.000000,-27099000.000000,-27099000.000000,-27099000.000000,0.000000,0.000000,-107.964000,26298000.000000,-26047000.000000,4374000.000000,0.000000,3.688000,-3.466000,-313.000000,3484000.000000,0.000000,3.130000,169.775000,159.596000,1464000.000000,-299548000.000000,251000.000000,251000.000000,23107000.000000,,,,,5620000.000000,7780000.000000,1.000000,98122356.000000,97875085.000000,97875085.000000,0.003000,100966000.000000,15695000.000000,0.000000,0.000000,1.032000
ARQ,2022-03-31,2022-05-11,2022-03-31,2022-Q1,76711000.000000,100084803.000000,2025-05-01,-3957000.000000,116472000.000000,,99435000.000000,17037000.000000,,0.657000,-361000.000000,77450000.000000,77450000.000000,0.000000,-21397000.000000,4.376000,0.808000,27497000.000000,907000.000000,26590000.000000,27497000.000000,5097000.000000,615000.000000,0.000000,0.000000,0.000000,-21397000.000000,-20782000.000000,-83.128000,-20782000.000000,-21397000.000000,-21397000.000000,-0.002000,-0.002000,-0.002000,64407000.000000,,64407000.000000,50131803.000000,-1.000000,-0.557000,-19362000.000000,-0.197000,1.000000,250000.000000,1.000000,11819000.000000,0.000000,31976000.000000,,0.000000,0.000000,0.000000,0.000000,52065000.000000,22724000.000000,29341000.000000,5659000.000000,0.000000,187000.000000,25000000.000000,0.000000,25187000.000000,-361000.000000,0.000000,-19001000.000000,-166000.000000,-21397000.000000,-21397000.000000,-21397000.000000,0.000000,0.000000,-85.588000,22408000.000000,-22158000.000000,6959000.000000,0.000000,1.554000,-1.082000,-102.000000,3397000.000000,0.000000,1.020000,53.607000,53.579000,870000.000000,-320945000.000000,250000.000000,250000.000000,20556000.000000,,,,,3996000.000000,6659000.000000,1.000000,98122356.000000,98070095.000000,98070095.000000,0.003000,104653000.000000,16945000.000000,0.000000,0.000000,1.067000
ARQ,2022-06-30,2022-08-11,2022-06-30,2022-Q2,64225000.000000,106953368.000000,2025-05-01,-3168000.000000,95718000.000000,,79398000.000000,16320000.000000,,0.515000,-293000.000000,57335000.000000,57335000.000000,0.000000,-16771000.000000,5.233000,0.865000,27318000.000000,684000.000000,26634000.000000,27318000.000000,3231000.000000,591000.000000,0.000000,0.000000,0.000000,-16771000.000000,-16180000.000000,-68.851000,-16180000.000000,-16771000.000000,-16771000.000000,-0.002000,-0.002000,-0.002000,51317000.000000,,51317000.000000,76936368.000000,-1.000000,-0.934000,-19510000.000000,-0.196000,1.000000,235000.000000,1.000000,10706000.000000,0.000000,39822000.000000,,0.000000,0.000000,0.000000,0.000000,44401000.000000,15173000.000000,29228000.000000,-20115000.000000,0.000000,0.000000,0.000000,0.000000,0.000000,-293000.000000,0.000000,-19217000.000000,-605000.000000,-16771000.000000,-16771000.000000,-16771000.000000,0.000000,0.000000,-71.366000,12927000.000000,-12692000.000000,3574000.000000,0.000000,2.084000,-1.260000,-121.111000,3112000.000000,0.000000,1.090000,52.300000,53.116000,238000.000000,-337716000.000000,235000.000000,235000.000000,9008000.000000,,,,,2496000.000000,6933000.000000,1.000000,98122356.000000,99654092.000000,99654092.000000,0.002000,85012000.000000,16455000.000000,0.000000,0.000000,0.853000
ARQ,2022-09-30,2022-11-09,2022-09-30,2022-Q3,120437000.000000,197294752.000000,2025-05-01,-3217000.000000,155327000.000000,,137119000.000000,18208000.000000,,0.897000,20000.000000,121971000.000000,121971000.000000,0.000000,-21385000.000000,8.220000,0.166000,4365000.000000,1392000.000000,2973000.000000,4365000.000000,0.000000,712000.000000,0.000000,0.000000,0.000000,-21385000.000000,-20673000.000000,-93.968000,-20673000.000000,-21385000.000000,-21385000.000000,-0.001000,-0.001000,-0.001000,133248000.000000,,133248000.000000,79688752.000000,-1.000000,-0.948000,-8535000.000000,-0.057000,1.000000,220000.000000,1.000000,9607000.000000,0.000000,11432000.000000,,0.000000,0.000000,0.000000,0.000000,22079000.000000,16682000.000000,5397000.000000,64636000.000000,0.000000,99997000.000000,-25000000.000000,0.000000,74997000.000000,20000.000000,0.000000,-8555000.000000,-1826000.000000,-21385000.000000,-21385000.000000,-21385000.000000,0.000000,0.000000,-97.205000,17160000.000000,-16940000.000000,1431000.000000,0.000000,1.481000,-2.277000,-122.500000,5160000.000000,0.000000,0.980000,206.375000,152.313000,140000.000000,-359101000.000000,220000.000000,220000.000000,17049000.000000,,,,,2798000.000000,5573000.000000,1.000000,201321175.000000,148582751.000000,148582751.000000,0.001000,145720000.000000,16259000.000000,0.000000,0.000000,0.981000
ARQ,2022-12-31,2023-03-09,2022-12-31,2022-Q4,617930000.000000,990713218.000000,2025-05-01,-1893000.000000,664168000.000000,,656712000.000000,7456000.000000,,0.655000,10000.000000,648607000.000000,648607000.000000,0.000000,-19229000.000000,16.933000,4.244000,518763000.000000,21460000.000000,497303000.000000,518763000.000000,0.000000,596000.000000,0.000000,0.000000,0.000000,-19229000.000000,-18633000.000000,,-18633000.000000,-19229000.000000,-19229000.000000,0.001000,0.001000,0.001000,126654000.000000,,126654000.000000,860869218.000000,-11.000000,-11.287000,5201000.000000,0.027000,1.000000,0.000000,,1798000.000000,0.000000,493744000.000000,,0.000000,0.000000,0.000000,0.000000,537514000.000000,38782000.000000,498732000.000000,526636000.000000,0.000000,104000.000000,519956000.000000,0.000000,520060000.000000,10000.000000,0.000000,5191000.000000,1375000.000000,-19229000.000000,-19229000.000000,-19229000.000000,0.000000,0.000000,,20299000.000000,-20299000.000000,355000.000000,0.000000,7.822000,-12.575000,-355.000000,5081000.000000,0.000000,1.420000,1405.267000,389.415000,349000.000000,-378330000.000000,0.000000,0.000000,5386000.000000,,,,,2658000.000000,7578000.000000,1.000000,697685365.000000,193336063.000000,193336063.000000,0.000000,662370000.000000,5766000.000000,0.000000,0.000000,3.426000
ARQ,2023-03-31,2023-05-11,2023-03-31,2023-Q1,230584000.000000,1343044328.000000,2025-05-01,-1396000.000000,254897000.000000,,248027000.000000,6870000.000000,,0.353000,-53000.000000,70969000.000000,70969000.000000,0.000000,-542376000.000000,14.219000,0.910000,104184000.000000,1693000.000000,102491000.000000,104184000.000000,0.000000,375000.000000,0.000000,0.000000,0.000000,-542376000.000000,-542001000.000000,,-542001000.000000,-542376000.000000,-542376000.000000,-0.014000,-0.014000,-0.014000,133482000.000000,,133482000.000000,1376259328.000000,-2.000000,-2.303000,-13184000.000000,-0.035000,1.000000,0.000000,,1839000.000000,0.000000,268830000.000000,,0.000000,170963000.000000,170963000.000000,0.000000,121415000.000000,17443000.000000,103972000.000000,-577638000.000000,-475015000.000000,104798000.000000,-24686000.000000,0.000000,80112000.000000,-645063000.000000,-169995000.000000,-13131000.000000,444000.000000,-542376000.000000,-542376000.000000,-542376000.000000,0.000000,0.000000,,537154000.000000,-537154000.000000,710000.000000,0.000000,10.062000,-2.239000,-120.312000,4340000.000000,0.000000,1.925000,2951.746000,1599.927000,0.000000,-920706000.000000,0.000000,0.000000,9883000.000000,,,,,2775000.000000,6940000.000000,1.000000,697685365.000000,378163980.000000,378163980.000000,0.000000,253058000.000000,5035000.000000,0.000000,0.000000,0.669000
ARQ,2023-06-30,2023-08-09,2023-06-30,2023-Q2,215570000.000000,1353509608.000000,2025-05-01,-2437000.000000,237372000.000000,,227501000.000000,9871000.000000,,0.171000,206000.000000,42116000.000000,42116000.000000,0.000000,-14717000.000000,19.068000,0.985000,107259000.000000,2928000.000000,104331000.000000,107259000.000000,0.000000,471000.000000,0.000000,0.000000,0.000000,-14717000.000000,-14246000.000000,,-14246000.000000,-14717000.000000,-14717000.000000,0.000000,0.000000,0.000000,119599000.000000,,119599000.000000,1418652608.000000,-2.000000,-2.382000,-29067000.000000,-0.042000,1.000000,0.000000,,1883000.000000,0.000000,288701000.000000,,0.000000,172898000.000000,172898000.000000,0.000000,117773000.000000,11931000.000000,105842000.000000,-28853000.000000,0.000000,-80000.000000,0.000000,0.000000,-80000.000000,207000.000000,1000.000000,-29273000.000000,293000.000000,-14717000.000000,-14717000.000000,-14717000.000000,0.000000,0.000000,,15794000.000000,-15794000.000000,987000.000000,,11.317000,-2.265000,-129.333000,7221000.000000,0.000000,1.940000,6152.316000,6152.285000,0.000000,-935423000.000000,0.000000,0.000000,9451000.000000,,,,,1875000.000000,6316000.000000,1.000000,697685365.000000,697685365.000000,697685365.000000,0.000000,235489000.000000,5120000.000000,0.000000,0.000000,0.338000
ARQ,2023-09-30,2023-11-07,2023-09-30,2023-Q3,91209000.000000,1342114150.000000,2025-05-01,-2323000.000000,218476000.000000,,204951000.000000,13525000.000000,,0.142000,-53000.000000,23792000.000000,23792000.000000,0.000000,-21268000.000000,1.802000,1.198000,106659000.000000,102780000.000000,3879000.000000,106659000.000000,0.000000,599000.000000,0.000000,0.000000,0.000000,-21268000.000000,-20669000.000000,,-20669000.000000,-21268000.000000,-21268000.000000,0.000000,0.000000,0.000000,99379000.000000,,99379000.000000,1424981150.000000,-2.000000,-2.393000,-14950000.000000,-0.021000,1.000000,0.000000,,1814000.000000,0.000000,185787000.000000,,0.000000,175153000.000000,175153000.000000,0.000000,119097000.000000,113742000.000000,5355000.000000,-18324000.000000,0.000000,229000.000000,0.000000,0.000000,229000.000000,-3486000.000000,-3433000.000000,-14897000.000000,-170000.000000,-21268000.000000,-21268000.000000,-21268000.000000,0.000000,0.000000,,20492000.000000,-20492000.000000,3314000.000000,,13.505000,-2.246000,-136.786000,6632000.000000,0.000000,1.915000,,,0.000000,-956691000.000000,0.000000,0.000000,15323000.000000,,,,,705000.000000,5434000.000000,1.000000,700842898.000000,697739477.000000,697739477.000000,0.000000,216662000.000000,1559000.000000,0.000000,0.000000,0.311000
ARQ,2023-12-31,2024-02-20,2023-12-31,2023-Q4,169307000.000000,2624347449.000000,2025-05-01,-2448000.000000,202949000.000000,,189712000.000000,13237000.000000,,0.111000,-2000.000000,71425000.000000,71425000.000000,0.000000,-36567000.000000,9.297000,1.612000,106099000.000000,2809000.000000,103290000.000000,106099000.000000,0.000000,605000.000000,0.000000,0.000000,0.000000,-36567000.000000,-35962000.000000,,-35962000.000000,-36567000.000000,-36567000.000000,0.000000,0.000000,0.000000,77692000.000000,,77692000.000000,2659021449.000000,-4.000000,-4.339000,-19461000.000000,-0.028000,1.000000,0.000000,,1893000.000000,0.000000,215325000.000000,,0.000000,114817000.000000,114817000.000000,0.000000,125257000.000000,20405000.000000,104852000.000000,47633000.000000,0.000000,6252000.000000,0.000000,0.000000,6252000.000000,60568000.000000,60570000.000000,-19459000.000000,272000.000000,-36567000.000000,-36567000.000000,-36567000.000000,0.000000,0.000000,,36210000.000000,-36210000.000000,2667000.000000,,33.779000,-4.268000,-374.000000,6063000.000000,0.000000,3.740000,,,0.000000,-993258000.000000,0.000000,0.000000,24814000.000000,,,,,8753000.000000,11575000.000000,1.000000,701697179.000000,701484080.000000,701484080.000000,0.000000,201056000.000000,1807000.000000,0.000000,0.000000,0.287000
ARQ,2024-03-31,2024-05-01,2024-03-31,2024-Q1,139827000.000000,3299304101.000000,2025-05-01,-2449000.000000,176781000.000000,,163265000.000000,13516000.000000,,0.063000,-4000.000000,61611000.000000,61611000.000000,0.000000,-43473000.000000,6.966000,2.999000,109522000.000000,3699000.000000,105823000.000000,109522000.000000,0.000000,27000.000000,0.000000,0.000000,0.000000,-43473000.000000,-43446000.000000,,-43446000.000000,-43473000.000000,-43473000.000000,-0.001000,-0.001000,-0.001000,44210000.000000,,44210000.000000,3347215101.000000,-29.000000,-29.279000,-30138000.000000,-0.043000,1.000000,0.000000,,1875000.000000,0.000000,199379000.000000,,0.000000,95386000.000000,95386000.000000,0.000000,132571000.000000,23438000.000000,109133000.000000,-9814000.000000,0.000000,485000.000000,0.000000,0.000000,485000.000000,19871000.000000,19875000.000000,-30134000.000000,-36000.000000,-43473000.000000,-43473000.000000,-43473000.000000,0.000000,0.000000,,42389000.000000,-42389000.000000,6371000.000000,0.000000,74.628000,-28.436000,-4700.000000,9554000.000000,0.000000,4.700000,,,0.000000,-1036731000.000000,0.000000,0.000000,30873000.000000,,,,,9507000.000000,11729000.000000,1.000000,701979596.000000,701785250.000000,701785250.000000,0.000000,174906000.000000,1157000.000000,0.000000,0.000000,0.249000
ARQ,2024-06-30,2024-08-06,2024-06-30,2024-Q2,188626000.000000,6912090145.000000,2025-05-01,-2499000.000000,341856000.000000,,328794000.000000,13062000.000000,,0.276000,-63000.000000,28754000.000000,28754000.000000,0.000000,-60385000.000000,2.346000,0.752000,108705000.000000,103688000.000000,5017000.000000,108705000.000000,0.000000,20000.000000,0.000000,0.000000,0.000000,-60385000.000000,-60365000.000000,,-60365000.000000,-60385000.000000,-60385000.000000,-0.001000,-0.001000,-0.001000,195075000.000000,,195075000.000000,6992041145.000000,-43.000000,-43.580000,-33065000.000000,-0.047000,1.000000,0.000000,,1880000.000000,0.000000,279759000.000000,,0.000000,297035000.000000,297035000.000000,0.000000,146781000.000000,140168000.000000,6613000.000000,-32857000.000000,0.000000,200111000.000000,0.000000,0.000000,200212000.000000,-200079000.000000,-200016000.000000,-33002000.000000,12000.000000,-60385000.000000,-60385000.000000,-60385000.000000,0.000000,0.000000,,59617000.000000,-59617000.000000,3340000.000000,0.000000,35.433000,-42.748000,-4770.000000,8939000.000000,0.000000,9.540000,,,0.000000,-1097116000.000000,0.000000,0.000000,30798000.000000,,,,,11088000.000000,13971000.000000,1.000000,724537751.000000,707904643.000000,707904643.000000,0.000000,339976000.000000,1317000.000000,0.000000,0.000000,0.480000
ARQ,2024-09-30,2024-10-30,2024-09-30,2024-Q3,431281000.000000,13753407923.000000,2025-05-01,-2308000.000000,502852000.000000,,490290000.000000,12562000.000000,,0.603000,-58000.000000,94098000.000000,94098000.000000,0.000000,-56254000.000000,8.309000,0.148000,32499000.000000,28292000.000000,4207000.000000,32499000.000000,0.000000,20000.000000,0.000000,0.000000,0.000000,-56254000.000000,-56234000.000000,,-56234000.000000,-56254000.000000,-56254000.000000,-0.001000,-0.001000,-0.001000,437920000.000000,,437920000.000000,13691808923.000000,-70.000000,-69.854000,-30355000.000000,-0.042000,1.000000,0.000000,,1991000.000000,0.000000,380253000.000000,,0.000000,393122000.000000,393122000.000000,0.000000,64932000.000000,59009000.000000,5923000.000000,65344000.000000,-15007000.000000,279642000.000000,-75500000.000000,0.000000,204142000.000000,-108615000.000000,-93550000.000000,-30297000.000000,114000.000000,-56254000.000000,-56254000.000000,-56254000.000000,0.000000,0.000000,,58378000.000000,-58378000.000000,3252000.000000,0.000000,31.406000,-69.928000,-9325.000000,8241000.000000,0.000000,18.650000,,,0.000000,-1153370000.000000,0.000000,0.000000,37724000.000000,,,,,19371000.000000,20390000.000000,1.000000,737448146.000000,726656045.000000,726656045.000000,0.000000,500861000.000000,1127000.000000,0.000000,0.000000,0.689000
ARQ,2024-12-31,2025-02-24,2024-12-31,2024-Q4,382021000.000000,13897885623.000000,2025-05-01,-2285000.000000,435560000.000000,,423750000.000000,11810000.000000,,0.527000,-14000.000000,105187000.000000,105187000.000000,0.000000,-61203000.000000,10.155000,0.120000,7218000.000000,3765000.000000,3453000.000000,7218000.000000,0.000000,22000.000000,0.000000,0.000000,0.000000,-52517000.000000,-52495000.000000,,-52495000.000000,-52517000.000000,-61203000.000000,-0.001000,-0.001000,-0.001000,388748000.000000,,388748000.000000,13799916623.000000,-65.000000,-64.929000,-48687000.000000,-0.066000,1.000000,0.000000,,1864000.000000,8686000.000000,293998000.000000,,0.000000,307487000.000000,307487000.000000,0.000000,46812000.000000,41729000.000000,5083000.000000,11089000.000000,0.000000,989000.000000,-24500000.000000,0.000000,-23612000.000000,83482000.000000,83496000.000000,-48673000.000000,-108000.000000,-61203000.000000,-61203000.000000,-61203000.000000,0.000000,0.000000,,65614000.000000,-65614000.000000,4636000.000000,0.000000,35.750000,-62.797000,-6280.000000,7398000.000000,0.000000,18.840000,,,0.000000,-1214573000.000000,0.000000,0.000000,51382000.000000,,,,,11015000.000000,14437000.000000,1.000000,737679704.000000,737662441.000000,737662441.000000,0.000000,433696000.000000,1255000.000000,0.000000,0.000000,0.588000
ARQ,2025-03-31,2025-05-01,2025-03-31,2025-Q1,335874000.000000,18321568345.000000,2025-05-01,-2563000.000000,383822000.000000,,370751000.000000,13071000.000000,,0.467000,-422000.000000,211844000.000000,211844000.000000,0.000000,-62913000.000000,10.630000,0.115000,6450000.000000,3543000.000000,2907000.000000,6450000.000000,0.000000,25000.000000,0.000000,0.000000,0.000000,-62913000.000000,-62888000.000000,,-62888000.000000,-62913000.000000,-62913000.000000,-0.001000,-0.001000,-0.001000,344330000.000000,,344330000.000000,18116174345.000000,-78.000000,-78.093000,-61590000.000000,-0.083000,1.000000,0.000000,,1923000.000000,0.000000,141628000.000000,,0.000000,149789000.000000,149789000.000000,0.000000,39492000.000000,34877000.000000,4615000.000000,106657000.000000,0.000000,2019000.000000,0.000000,0.000000,7677000.000000,160110000.000000,160532000.000000,-61168000.000000,38000.000000,-62913000.000000,-62913000.000000,-62913000.000000,0.000000,0.000000,,66851000.000000,-66851000.000000,4994000.000000,0.000000,53.209000,-76.100000,-8223.333000,7003000.000000,0.000000,24.670000,,,0.000000,-1277486000.000000,0.000000,0.000000,51265000.000000,,,,,11096000.000000,15586000.000000,1.000000,742665924.000000,738076003.000000,738076003.000000,0.000000,381899000.000000,0.000000,0.000000,0.000000,0.517000
ART,2014-09-30,2015-02-20,2014-10-31,2015-Q3,17658750.000000,,2025-05-01,10000.000000,26650000.000000,,21401250.000000,5248750.000000,,1.891000,,18766250.000000,18766250.000000,,,5.718000,0.207000,0.000000,0.000000,0.000000,0.000000,0.000000,,0.000000,,0.000000,,,,,,,,,,22077500.000000,,22077500.000000,,,,,,1.000000,,,5187500.000000,,-1046250.000000,,0.000000,0.000000,0.000000,0.000000,4572500.000000,3742500.000000,830000.000000,,,,,,,,,,,,,,,,,,,3155000.000000,,,,,61250.000000,,,,,1675000.000000,-9065000.000000,,,,,,,,,,1.000000,11673539.000000,11673539.000000,,,21462500.000000,960000.000000,,830000.000000,1.839000
ART,2014-12-31,2015-05-07,2015-01-31,2015-Q4,14285000.000000,127358315.000000,2025-05-01,77500.000000,24245000.000000,,18992500.000000,5252500.000000,,2.408000,-43750.000000,14081250.000000,14081250.000000,0.000000,-14203750.000000,4.035000,0.197000,0.000000,0.000000,0.000000,0.000000,0.000000,28750.000000,0.000000,0.000000,0.000000,-15825000.000000,-15796250.000000,,-15796250.000000,-15825000.000000,-15825000.000000,-1.812000,-1.812000,-1.812000,28110000.000000,,28110000.000000,113277065.000000,-7.000000,-7.171000,-14200000.000000,-1.216000,1.000000,0.000000,,5183750.000000,0.000000,272500.000000,,0.000000,0.000000,0.000000,0.000000,5537500.000000,4707500.000000,830000.000000,11543750.000000,0.000000,27532500.000000,0.000000,0.000000,25680000.000000,20000.000000,0.000000,-14156250.000000,0.000000,-14203750.000000,-14203750.000000,-14203750.000000,0.000000,0.000000,,15888750.000000,-15888750.000000,4651250.000000,0.000000,4.531000,-8.967000,-6.021000,68750.000000,0.000000,10.910000,,,3287500.000000,-12827500.000000,0.000000,0.000000,13021250.000000,,,,,1201250.000000,5552500.000000,1.000000,11673539.000000,11673539.000000,,0.000000,19061250.000000,1623750.000000,-1621250.000000,830000.000000,1.633000
ART,2015-03-31,2015-06-11,2015-04-30,2016-Q1,58111250.000000,130743641.000000,2025-05-01,147500.000000,71458750.000000,,63397500.000000,8061250.000000,,5.560000,,56357500.000000,56357500.000000,,,11.993000,0.101000,0.000000,0.000000,0.000000,0.000000,0.000000,,0.000000,0.000000,0.000000,,,,,,,,,,64900000.000000,,64900000.000000,74386141.000000,,,,,1.000000,,,7940000.000000,,1875000.000000,,0.000000,0.000000,0.000000,0.000000,6558750.000000,5286250.000000,1272500.000000,,,,,,,,,,,,,,,,,,,5188750.000000,,2.015000,,,121250.000000,,11.200000,,,3675000.000000,-26111250.000000,,,,,,,,,,1.000000,11673539.000000,11673539.000000,,,63518750.000000,3365000.000000,,1272500.000000,5.441000
ART,2015-06-30,2015-08-27,2015-07-31,2016-Q2,52133750.000000,142066974.000000,2025-05-01,127500.000000,65667500.000000,47005312.000000,57455000.000000,8212500.000000,,5.058000,,51660000.000000,51660000.000000,,,10.797000,0.112000,0.000000,0.000000,0.000000,0.000000,0.000000,,0.000000,0.000000,0.000000,,,,,,,,,,59048750.000000,43534062.000000,59048750.000000,90406974.000000,,,,,1.000000,,,8095000.000000,,591250.000000,423125.000000,0.000000,0.000000,0.000000,0.000000,6618750.000000,5321250.000000,1297500.000000,,,,,,,,,,,,,,,,,,,5206250.000000,,2.406000,,,117500.000000,,12.170000,,,3613750.000000,-34513750.000000,,,,,,,,,,1.000000,11673539.000000,11673539.000000,,,57572500.000000,2181250.000000,,1297500.000000,4.932000
ART,2015-09-30,2015-12-17,2015-10-31,2016-Q3,43157500.000000,127941992.000000,2025-05-01,116250.000000,56840000.000000,54552812.000000,48686250.000000,8153750.000000,0.000000,4.286000,-128750.000000,42840000.000000,42840000.000000,0.000000,-28983750.000000,8.806000,0.136000,0.000000,0.000000,0.000000,0.000000,0.000000,52500.000000,0.000000,0.000000,0.000000,-33725000.000000,-33672500.000000,,-33672500.000000,-33725000.000000,-33725000.000000,-2.688000,-2.688000,-2.688000,50028750.000000,50521875.000000,50028750.000000,85101992.000000,-3.000000,-2.527000,-26388750.000000,-2.261000,1.000000,0.000000,,7993750.000000,0.000000,477500.000000,804062.000000,0.000000,0.000000,0.000000,0.000000,6811250.000000,5528750.000000,1282500.000000,16406250.000000,,50820000.000000,,,42736250.000000,-70000.000000,,-26260000.000000,0.000000,-28983750.000000,-28983750.000000,-28983750.000000,0.000000,0.000000,,33790000.000000,-33790000.000000,5401250.000000,0.000000,2.557000,-4.414000,-4.077000,160000.000000,0.000000,10.960000,,,2208750.000000,-43091250.000000,0.000000,0.000000,28161250.000000,-0.531000,-0.574000,-41.943000,,2008750.000000,8986250.000000,1.000000,11673539.000000,11673539.000000,,0.000000,48846250.000000,3637500.000000,-4741250.000000,1282500.000000,4.184000
ART,2015-12-31,2016-05-10,2016-01-31,2016-Q4,31292500.000000,104562002.000000,2025-05-01,36250.000000,44456250.000000,59605625.000000,36976250.000000,7480000.000000,0.000000,3.057000,-116250.000000,28906250.000000,28906250.000000,0.000000,-30297500.000000,6.506000,0.187000,0.000000,0.000000,0.000000,0.000000,0.000000,66250.000000,0.000000,0.000000,0.000000,-35718750.000000,-35652500.000000,,-35652500.000000,-35718750.000000,-35718750.000000,-2.562000,-2.562000,-2.562000,37467500.000000,52861250.000000,37467500.000000,75655752.000000,-2.000000,-2.122000,-30581250.000000,-2.495000,1.000000,0.000000,,7333750.000000,0.000000,2532500.000000,1369062.000000,0.000000,0.000000,0.000000,0.000000,6988750.000000,5683750.000000,1305000.000000,8717500.000000,,46668750.000000,,,39246250.000000,-63750.000000,,-30465000.000000,216250.000000,-30297500.000000,-30297500.000000,-30297500.000000,0.000000,0.000000,,35771250.000000,-35771250.000000,5683750.000000,0.000000,2.791000,-3.451000,-3.329000,146250.000000,0.000000,8.530000,,,2726250.000000,-48491250.000000,0.000000,0.000000,29885000.000000,-0.508000,-0.573000,-26.090000,,2056250.000000,8458750.000000,1.000000,12258148.000000,12258148.000000,,0.000000,37122500.000000,5343750.000000,-5421250.000000,1176250.000000,3.028000
ART,2015-12-31,2016-05-12,2016-01-31,2016-Q4,22062500.000000,100614879.000000,2025-05-01,26250.000000,31345000.000000,59605625.000000,26070000.000000,5275000.000000,0.000000,2.155000,-82500.000000,20380000.000000,20380000.000000,0.000000,-21360000.000000,6.505000,0.187000,0.000000,0.000000,0.000000,0.000000,0.000000,47500.000000,0.000000,0.000000,0.000000,-25182500.000000,-25135000.000000,,-25135000.000000,-25182500.000000,-25182500.000000,-1.812000,-1.812000,-1.812000,26416250.000000,52861250.000000,26416250.000000,80234879.000000,-3.000000,-3.192000,-21560000.000000,-1.759000,1.000000,0.000000,,5171250.000000,0.000000,1786250.000000,1369062.000000,0.000000,0.000000,0.000000,0.000000,4928750.000000,4007500.000000,921250.000000,6147500.000000,0.000000,32903750.000000,0.000000,0.000000,27670000.000000,-45000.000000,0.000000,-21477500.000000,151250.000000,-21360000.000000,-21360000.000000,-21360000.000000,0.000000,0.000000,,25220000.000000,-25220000.000000,4007500.000000,0.000000,3.809000,-4.710000,-4.530000,103750.000000,0.000000,8.208000,,,1922500.000000,-34187500.000000,0.000000,0.000000,21070000.000000,-0.358000,-0.404000,-18.394000,,1450000.000000,5963750.000000,1.000000,12258148.000000,12258148.000000,,0.000000,26173750.000000,3767500.000000,-3822500.000000,830000.000000,2.135000
ART,2016-03-31,2016-06-02,2016-04-30,2017-Q1,23570000.000000,104794907.000000,2025-05-01,30000.000000,37035000.000000,50999688.000000,29305000.000000,7730000.000000,0.000000,2.442000,-62500.000000,18312500.000000,18312500.000000,0.000000,-24516250.000000,5.110000,0.237000,0.000000,0.000000,0.000000,0.000000,0.000000,50000.000000,0.000000,0.000000,0.000000,-29235000.000000,-29185000.000000,,-29185000.000000,-29235000.000000,-29235000.000000,-2.062000,-2.062000,-2.062000,29937500.000000,44120625.000000,29937500.000000,86482407.000000,-3.000000,-2.963000,-25807500.000000,-2.105000,1.000000,0.000000,,7587500.000000,0.000000,5400000.000000,2250312.000000,0.000000,0.000000,0.000000,0.000000,7097500.000000,5735000.000000,1362500.000000,-40108750.000000,,-16936250.000000,,,-14330000.000000,-33750.000000,,-25745000.000000,58750.000000,-24516250.000000,-24516250.000000,-24516250.000000,0.000000,0.000000,,29265000.000000,-29265000.000000,5735000.000000,0.000000,3.500000,-4.275000,-4.146000,142500.000000,0.000000,8.549000,,,3747500.000000,-59745000.000000,0.000000,0.000000,23877500.000000,-0.481000,-0.556000,-12.992000,,1613750.000000,6528750.000000,1.000000,12258148.000000,12258148.000000,,0.000000,29447500.000000,7245000.000000,-4718750.000000,1216250.000000,2.402000
ART,2016-06-30,2016-09-08,2016-07-31,2017-Q2,11760000.000000,76123099.000000,2025-05-01,61250.000000,24266250.000000,40649375.000000,17253750.000000,7012500.000000,0.000000,1.430000,-81250.000000,11603750.000000,11603750.000000,0.000000,-26938750.000000,3.141000,0.384000,0.000000,0.000000,0.000000,0.000000,0.000000,52500.000000,0.000000,0.000000,0.000000,-31963750.000000,-31911250.000000,,-31911250.000000,-31963750.000000,-31963750.000000,-2.188000,-2.188000,-2.188000,17530000.000000,33740938.000000,17530000.000000,64519349.000000,-2.000000,-2.022000,-23631250.000000,-1.928000,1.000000,0.000000,,6866250.000000,0.000000,302500.000000,2178125.000000,0.000000,0.000000,0.000000,0.000000,6736250.000000,5493750.000000,1242500.000000,-39023750.000000,,-18356250.000000,,,-15407500.000000,-66250.000000,,-23550000.000000,237500.000000,-26938750.000000,-26938750.000000,-26938750.000000,0.000000,0.000000,,31980000.000000,-31980000.000000,5493750.000000,0.000000,4.342000,-2.826000,-2.838000,146250.000000,0.000000,6.210000,,,2296250.000000,-64366250.000000,0.000000,0.000000,24576250.000000,-0.663000,-0.798000,-14.675000,,1721250.000000,7737500.000000,1.000000,12258148.000000,12258148.000000,,0.000000,17400000.000000,3353750.000000,-5025000.000000,1101250.000000,1.419000
ART,2016-09-30,2016-12-15,2016-10-31,2017-Q3,43708750.000000,104194258.000000,2025-05-01,98750.000000,65570000.000000,42831875.000000,59081250.000000,6488750.000000,0.021000,0.136000,-35000.000000,52866250.000000,52866250.000000,0.000000,-25188750.000000,3.843000,38.441000,8706250.000000,0.000000,8706250.000000,8706250.000000,49235000.000000,51250.000000,0.000000,0.000000,0.000000,-29561250.000000,-29510000.000000,-33.582000,-29510000.000000,-29561250.000000,-30187500.000000,-2.000000,-2.000000,-2.000000,1662500.000000,21649375.000000,1662500.000000,60034258.000000,-2.000000,-2.034000,22847500.000000,1.864000,1.000000,878750.000000,1.000000,6315000.000000,626250.000000,-277500.000000,1989375.000000,0.000000,0.000000,0.000000,0.000000,63907500.000000,15372500.000000,48535000.000000,12978750.000000,,-17342500.000000,,,-14457500.000000,-33750.000000,,22882500.000000,207500.000000,-25188750.000000,-25188750.000000,-25188750.000000,0.000000,0.000000,-28.664000,30443750.000000,-29565000.000000,4822500.000000,0.000000,62.673000,-4.137000,-4.250000,173750.000000,0.000000,8.500000,118.571000,118.571000,1685000.000000,-74568750.000000,878750.000000,878750.000000,21922500.000000,-0.588000,-1.163000,-14.860000,-33.640000,1348750.000000,8135000.000000,1.000000,12258148.000000,12258148.000000,,0.072000,59255000.000000,4530000.000000,-4998750.000000,1013750.000000,4.834000
ART,2016-12-31,2017-03-29,2017-01-31,2017-Q4,35300000.000000,164251199.000000,2025-05-01,78750.000000,59130000.000000,46500312.000000,52442500.000000,6687500.000000,0.078000,-0.444000,-127500.000000,44145000.000000,44145000.000000,0.000000,-33621250.000000,3.059000,-11.761000,9311250.000000,0.000000,9311250.000000,9311250.000000,48021250.000000,75000.000000,0.000000,0.000000,0.000000,-39086250.000000,-39011250.000000,-10.765000,-39011250.000000,-39086250.000000,-40442500.000000,-2.750000,-2.750000,-2.750000,-5495000.000000,10908750.000000,-5495000.000000,129417449.000000,-3.000000,-3.317000,14245000.000000,1.152000,1.000000,3623750.000000,1.000000,6505000.000000,1356250.000000,648750.000000,1518438.000000,0.000000,0.000000,0.000000,0.000000,64625000.000000,17142500.000000,47482500.000000,19623750.000000,,613750.000000,,,650000.000000,-126250.000000,,14372500.000000,-1127500.000000,-33621250.000000,-33621250.000000,-33621250.000000,0.000000,0.000000,-9.278000,42722500.000000,-39098750.000000,6270000.000000,0.000000,-29.891000,-4.885000,-4.829000,182500.000000,0.000000,13.280000,45.326000,45.326000,1615000.000000,-84593750.000000,3623750.000000,3623750.000000,29813750.000000,-0.723000,-3.082000,-25.741000,-10.786000,2168750.000000,13021250.000000,1.000000,12368313.000000,12368313.000000,,0.293000,52625000.000000,6682500.000000,-6821250.000000,888750.000000,4.255000
ART,2016-12-31,2017-03-30,2017-01-31,2017-Q4,28051250.000000,157695993.000000,2025-05-01,62500.000000,46983750.000000,46500312.000000,41671250.000000,5312500.000000,0.062000,-0.353000,-101250.000000,35077500.000000,35077500.000000,0.000000,-26713750.000000,3.060000,-11.761000,7398750.000000,0.000000,7398750.000000,7398750.000000,38158750.000000,72500.000000,0.000000,0.000000,0.000000,-31056250.000000,-30983750.000000,-10.758000,-30983750.000000,-31056250.000000,-32133750.000000,-2.188000,-2.188000,-2.188000,-4366250.000000,10908750.000000,-4366250.000000,130017243.000000,-4.000000,-4.196000,11318750.000000,0.915000,1.000000,2880000.000000,1.000000,5167500.000000,1077500.000000,517500.000000,1518438.000000,0.000000,0.000000,0.000000,0.000000,51350000.000000,13620000.000000,37730000.000000,15592500.000000,0.000000,487500.000000,0.000000,0.000000,516250.000000,-100000.000000,0.000000,11420000.000000,-895000.000000,-26713750.000000,-26713750.000000,-26713750.000000,0.000000,0.000000,-9.276000,33946250.000000,-31066250.000000,4980000.000000,0.000000,-36.117000,-5.903000,-5.827000,145000.000000,0.000000,12.750000,54.756000,54.756000,1283750.000000,-67217500.000000,2880000.000000,2880000.000000,23690000.000000,-0.574000,-2.449000,-20.453000,-10.783000,1723750.000000,10346250.000000,1.000000,12368313.000000,12368313.000000,,0.233000,41816250.000000,5310000.000000,-5420000.000000,706250.000000,3.381000
ART,2017-03-31,2017-06-14,2017-04-30,2018-Q1,26113750.000000,132019375.000000,2025-05-01,56250.000000,49978750.000000,49736250.000000,42591250.000000,7387500.000000,0.114000,-4.041000,-541250.000000,31312500.000000,31312500.000000,0.000000,-24808750.000000,2.585000,-1.258000,9935000.000000,0.000000,9935000.000000,9935000.000000,46573750.000000,90000.000000,0.000000,0.000000,0.000000,-29018750.000000,-28928750.000000,-5.098000,-28928750.000000,-29018750.000000,-30458750.000000,-2.000000,-2.000000,-2.000000,-49978750.000000,-9070312.000000,-49978750.000000,110641875.000000,-4.000000,-3.825000,9690000.000000,0.783000,1.000000,5675000.000000,1.000000,6623750.000000,1440000.000000,5500000.000000,1543438.000000,0.000000,0.000000,0.000000,0.000000,62883750.000000,16477500.000000,46406250.000000,13785000.000000,,312500.000000,,,341250.000000,-543750.000000,,10231250.000000,-1582500.000000,-24808750.000000,-24808750.000000,-24808750.000000,0.000000,0.000000,-4.372000,34700000.000000,-29025000.000000,5162500.000000,0.000000,-2.642000,-5.321000,-5.337000,763750.000000,0.000000,10.674000,23.263000,23.263000,2440000.000000,-94666250.000000,5675000.000000,5675000.000000,23023750.000000,-0.499000,2.735000,-18.801000,-5.113000,1555000.000000,11657500.000000,1.000000,12368313.000000,12368313.000000,,0.459000,43355000.000000,8838750.000000,-5650000.000000,913750.000000,3.505000
ART,2017-06-30,2017-08-31,2017-07-31,2018-Q2,43021250.000000,159180191.000000,2025-05-01,68750.000000,67888750.000000,60641875.000000,60212500.000000,7676250.000000,0.609000,0.467000,-643750.000000,46666250.000000,46666250.000000,0.000000,3508750.000000,3.503000,10.761000,10493750.000000,0.000000,10493750.000000,10493750.000000,44653750.000000,130000.000000,0.000000,0.000000,0.000000,-671250.000000,-541250.000000,-0.015000,-541250.000000,-671250.000000,-2472500.000000,0.250000,0.188000,0.250000,5772500.000000,-12009688.000000,5772500.000000,123007691.000000,-183.000000,-227.266000,29168750.000000,2.358000,1.000000,36936250.000000,1.000000,6752500.000000,1801250.000000,7772500.000000,3410938.000000,0.000000,0.000000,0.000000,0.000000,62116250.000000,17191250.000000,44925000.000000,33142500.000000,,361250.000000,,,390000.000000,-647500.000000,,29812500.000000,-2627500.000000,3508750.000000,3508750.000000,3508750.000000,0.000000,0.000000,0.095000,37611250.000000,-675000.000000,5790000.000000,0.000000,27.576000,45.367000,51.480000,923750.000000,0.000000,12.870000,4.310000,4.310000,2272500.000000,-78538750.000000,36936250.000000,36936250.000000,24970000.000000,0.058000,-0.292000,-0.197000,-0.018000,1787500.000000,12595000.000000,1.000000,12368313.000000,12368313.000000,,2.986000,61136250.000000,11273750.000000,-5981250.000000,931250.000000,4.943000
ART,2017-09-30,2017-12-06,2017-10-31,2018-Q3,55096250.000000,141617186.000000,2025-05-01,75000.000000,80803750.000000,64450312.000000,73071250.000000,7732500.000000,0.604000,2.162000,-697500.000000,52812500.000000,52812500.000000,0.000000,7817500.000000,4.065000,2.022000,4307500.000000,0.000000,4307500.000000,4307500.000000,42072500.000000,171250.000000,0.000000,0.000000,0.000000,2381250.000000,2552500.000000,0.066000,2552500.000000,2381250.000000,832500.000000,0.562000,0.750000,0.562000,26737500.000000,-5740938.000000,26737500.000000,93112186.000000,39.000000,36.479000,-26531250.000000,-2.145000,1.000000,38925000.000000,1.000000,6791250.000000,1548750.000000,7532500.000000,5363438.000000,0.000000,0.000000,0.000000,0.000000,54066250.000000,17975000.000000,36091250.000000,-4671250.000000,,25370000.000000,,,22992500.000000,-701250.000000,,-25833750.000000,-2383750.000000,7817500.000000,7817500.000000,7817500.000000,0.000000,0.000000,0.201000,41667500.000000,-2742500.000000,6500000.000000,0.000000,5.297000,18.115000,20.374000,941250.000000,0.000000,11.450000,3.638000,3.638000,6338750.000000,-81986250.000000,38925000.000000,38925000.000000,31258750.000000,0.121000,-1.362000,0.444000,0.061000,2313750.000000,12975000.000000,1.000000,12368313.000000,12368313.000000,,3.147000,74012500.000000,13920000.000000,-6985000.000000,937500.000000,5.984000
ART,2017-12-31,2018-04-11,2018-01-31,2018-Q4,30058750.000000,196709131.000000,2025-05-01,66250.000000,95716250.000000,73596875.000000,63661250.000000,32055000.000000,0.574000,1.190000,-638750.000000,35656250.000000,35656250.000000,0.000000,-13057500.000000,1.895000,4.465000,5481250.000000,0.000000,5481250.000000,5481250.000000,49745000.000000,436250.000000,0.000000,0.000000,0.000000,-17240000.000000,-16803750.000000,-0.398000,-16803750.000000,-17240000.000000,-19215000.000000,-0.875000,-0.688000,-0.875000,17515000.000000,11562.000000,17515000.000000,166534131.000000,-10.000000,-9.911000,-26692500.000000,-1.814000,1.000000,42266250.000000,1.000000,30620000.000000,1975000.000000,1318750.000000,5530938.000000,0.000000,0.000000,0.000000,0.000000,78201250.000000,33602500.000000,44598750.000000,-10688750.000000,-8470000.000000,27196250.000000,,,24663750.000000,-9298750.000000,,-26053750.000000,-3430000.000000,-13057500.000000,-13057500.000000,-13057500.000000,0.000000,0.000000,-0.309000,64648750.000000,-22382500.000000,15843750.000000,0.000000,11.231000,-15.065000,-15.280000,1435000.000000,0.000000,13.370000,4.654000,4.654000,19748750.000000,-108030000.000000,42266250.000000,42266250.000000,48933750.000000,-0.177000,-1129.297000,-3.117000,-0.408000,2850000.000000,20368750.000000,1.000000,14712725.000000,14712725.000000,,2.873000,65096250.000000,8256250.000000,-6157500.000000,4220000.000000,4.424000
ART,2017-12-31,2018-04-13,2018-01-31,2018-Q4,21182500.000000,200534439.000000,2025-05-01,46250.000000,67452500.000000,73596875.000000,44862500.000000,22590000.000000,0.432000,0.839000,-450000.000000,25127500.000000,25127500.000000,0.000000,-8913750.000000,1.895000,4.465000,3862500.000000,0.000000,3862500.000000,3862500.000000,35056250.000000,307500.000000,0.000000,0.000000,0.000000,-12161250.000000,-11853750.000000,-0.373000,-11853750.000000,-12161250.000000,-13616250.000000,-0.688000,-0.688000,-0.688000,12343750.000000,11562.000000,12343750.000000,179269439.000000,-15.000000,-15.123000,-18811250.000000,-1.279000,1.000000,31773750.000000,1.000000,21578750.000000,1455000.000000,928750.000000,5530938.000000,0.000000,0.000000,0.000000,0.000000,55108750.000000,23680000.000000,31428750.000000,-7532500.000000,-5968750.000000,19166250.000000,0.000000,0.000000,17381250.000000,-6552500.000000,0.000000,-18361250.000000,-2417500.000000,-8913750.000000,-8913750.000000,-8913750.000000,0.000000,0.000000,-0.281000,47805000.000000,-16031250.000000,11165000.000000,0.000000,16.246000,-22.497000,-19.811000,1011250.000000,0.000000,13.630000,6.311000,6.311000,13917500.000000,-76131250.000000,31773750.000000,31773750.000000,36212500.000000,-0.121000,-770.919000,-2.199000,-0.383000,2008750.000000,14998750.000000,1.000000,14712725.000000,14712725.000000,,2.160000,45873750.000000,5817500.000000,-4702500.000000,2973750.000000,3.118000
ART,2018-03-31,2018-06-05,2018-04-30,2019-Q1,35817500.000000,195090731.000000,2025-05-01,76250.000000,109562500.000000,88492812.000000,78936250.000000,30626250.000000,0.403000,0.675000,-40000.000000,47587500.000000,47587500.000000,0.000000,-11243750.000000,1.831000,10.039000,5553750.000000,0.000000,5553750.000000,5553750.000000,66631250.000000,402500.000000,0.000000,0.000000,0.000000,-14211250.000000,-13808750.000000,-0.387000,-13808750.000000,-14211250.000000,-15627500.000000,-0.750000,-0.750000,-0.750000,9925000.000000,14987500.000000,9925000.000000,153056981.000000,-11.000000,-11.084000,-17640000.000000,-1.199000,1.000000,35637500.000000,1.000000,29325000.000000,1416250.000000,-4915000.000000,2927188.000000,0.000000,0.000000,0.000000,0.000000,99637500.000000,43118750.000000,56518750.000000,18087500.000000,,45098750.000000,,,41838750.000000,-6151250.000000,,-17600000.000000,-931250.000000,-11243750.000000,-11243750.000000,-11243750.000000,0.000000,0.000000,-0.316000,53717500.000000,-18080000.000000,20463750.000000,0.000000,19.656000,-17.351000,-17.680000,1301250.000000,0.000000,13.260000,5.474000,5.474000,21610000.000000,-137165000.000000,35637500.000000,35637500.000000,47412500.000000,-0.127000,-0.750000,-4.855000,-0.399000,2497500.000000,15650000.000000,1.000000,14712725.000000,14712725.000000,,2.422000,80237500.000000,9738750.000000,-4383750.000000,4088750.000000,5.454000
ART,2018-06-30,2018-09-20,2018-07-31,2019-Q2,39601250.000000,34133522.000000,2025-05-01,92500.000000,76742500.000000,90706250.000000,54513750.000000,22228750.000000,0.735000,3.686000,56250.000000,28102500.000000,28102500.000000,0.000000,14463750.000000,3.656000,0.415000,0.000000,0.000000,0.000000,0.000000,5882500.000000,468750.000000,0.000000,0.000000,0.000000,14286250.000000,14755000.000000,0.221000,14755000.000000,14286250.000000,13001250.000000,0.438000,0.500000,0.438000,54231250.000000,27102188.000000,54231250.000000,6031022.000000,0.000000,0.409000,-50471250.000000,-3.430000,1.000000,66651250.000000,1.000000,21077500.000000,1285000.000000,12650000.000000,4146562.000000,0.000000,0.000000,0.000000,0.000000,22511250.000000,14912500.000000,7598750.000000,-15810000.000000,,43883750.000000,,,40691250.000000,-6055000.000000,,-50527500.000000,605000.000000,14463750.000000,14463750.000000,14463750.000000,0.000000,0.000000,0.217000,60801250.000000,5850000.000000,10803750.000000,0.000000,0.629000,2.360000,5.297000,1151250.000000,0.000000,2.320000,0.512000,0.512000,18863750.000000,-87198750.000000,66651250.000000,66651250.000000,52047500.000000,0.159000,0.534000,3.445000,0.214000,2585000.000000,15986250.000000,1.000000,14712725.000000,14712725.000000,,4.530000,55665000.000000,7547500.000000,-1462500.000000,2976250.000000,3.783000
ART,2018-09-30,2018-12-11,2018-10-31,2019-Q3,30687500.000000,18685160.000000,2025-05-01,98750.000000,71607500.000000,88407188.000000,50410000.000000,21197500.000000,0.710000,3.044000,122500.000000,20836250.000000,20836250.000000,0.000000,3977500.000000,2.556000,0.599000,0.000000,0.000000,0.000000,0.000000,11391250.000000,525000.000000,0.000000,0.000000,0.000000,3978750.000000,4503750.000000,0.072000,4503750.000000,3978750.000000,3018750.000000,0.000000,-0.188000,0.000000,44781250.000000,31613125.000000,44781250.000000,-2151090.000000,-1.000000,-0.478000,-39785000.000000,-2.704000,1.000000,62750000.000000,1.000000,20191250.000000,960000.000000,10857500.000000,4977812.000000,0.000000,0.000000,0.000000,0.000000,26826250.000000,19722500.000000,7103750.000000,-28273750.000000,,17832500.000000,,,17048750.000000,-5987500.000000,,-39907500.000000,823750.000000,3977500.000000,3977500.000000,3977500.000000,0.000000,0.000000,0.063000,61965000.000000,785000.000000,8485000.000000,,0.417000,4.698000,,1006250.000000,0.000000,1.270000,0.298000,0.298000,20472500.000000,-97883750.000000,62750000.000000,62750000.000000,52178750.000000,0.045000,0.126000,0.799000,0.063000,6646250.000000,18555000.000000,1.000000,14712725.000000,14712725.000000,,4.265000,51416250.000000,9101250.000000,-958750.000000,2725000.000000,3.495000
ART,2018-12-31,2019-03-27,2019-01-31,2019-Q4,55603750.000000,58381917.000000,2025-05-01,92500.000000,98130000.000000,89010625.000000,76730000.000000,21400000.000000,0.793000,2.178000,-195000.000000,44097500.000000,44097500.000000,0.000000,12357500.000000,3.632000,0.405000,0.000000,0.000000,0.000000,0.000000,6905000.000000,507500.000000,0.000000,0.000000,0.000000,8956250.000000,9463750.000000,0.134000,9463750.000000,8956250.000000,8260000.000000,0.750000,0.750000,0.750000,69850000.000000,44696875.000000,69850000.000000,14284417.000000,2.000000,1.509000,-44188750.000000,-1.378000,1.000000,70620000.000000,1.000000,20388750.000000,696250.000000,12517500.000000,7777500.000000,0.000000,0.000000,0.000000,0.000000,28280000.000000,21126250.000000,7153750.000000,10391250.000000,-315000.000000,57055000.000000,,,54898750.000000,-513750.000000,,-43993750.000000,701250.000000,12357500.000000,12357500.000000,12357500.000000,0.000000,0.000000,0.175000,66241250.000000,4378750.000000,14553750.000000,0.000000,0.836000,4.724000,2.427000,1011250.000000,0.000000,1.820000,0.827000,0.827000,22242500.000000,-92107500.000000,70620000.000000,70620000.000000,64318750.000000,0.139000,0.276000,1.152000,0.127000,7787500.000000,20263750.000000,1.000000,32077976.000000,32077976.000000,,2.202000,77741250.000000,10390000.000000,-4097500.000000,2750000.000000,2.424000
ART,2018-12-31,2019-03-29,2019-01-31,2019-Q4,42331250.000000,58702696.000000,2025-05-01,70000.000000,74708750.000000,89010625.000000,58416250.000000,16292500.000000,0.604000,1.658000,-148750.000000,33572500.000000,33572500.000000,0.000000,9408750.000000,3.632000,0.405000,0.000000,0.000000,0.000000,0.000000,5256250.000000,1422500.000000,0.000000,0.000000,0.000000,6818750.000000,8241250.000000,0.153000,8241250.000000,6818750.000000,6288750.000000,0.562000,0.562000,0.562000,53177500.000000,44696875.000000,53177500.000000,25130196.000000,4.000000,3.049000,-33642500.000000,-1.049000,1.000000,53765000.000000,1.000000,15522500.000000,530000.000000,9528750.000000,7777500.000000,0.000000,0.000000,0.000000,0.000000,21531250.000000,16085000.000000,5446250.000000,7911250.000000,-240000.000000,43437500.000000,0.000000,0.000000,41796250.000000,-391250.000000,0.000000,-33493750.000000,533750.000000,9408750.000000,9408750.000000,9408750.000000,0.000000,0.000000,0.175000,50431250.000000,3333750.000000,11081250.000000,0.000000,1.104000,6.239000,3.256000,770000.000000,0.000000,1.830000,1.092000,1.092000,16933750.000000,-70123750.000000,53765000.000000,53765000.000000,48967500.000000,0.106000,0.211000,0.877000,0.127000,5928750.000000,15427500.000000,1.000000,32077976.000000,32077976.000000,,1.676000,59186250.000000,7910000.000000,-3120000.000000,2093750.000000,1.845000
ART,2019-03-31,2019-06-12,2019-04-30,2020-Q1,37326250.000000,45550726.000000,2025-05-01,73750.000000,67065000.000000,78386250.000000,50062500.000000,17002500.000000,0.605000,1.506000,-111250.000000,35393750.000000,35393750.000000,0.000000,14407500.000000,3.931000,0.388000,1156250.000000,447500.000000,708750.000000,1156250.000000,3938750.000000,1727500.000000,0.000000,0.000000,0.000000,12143750.000000,13871250.000000,0.293000,13871250.000000,12143750.000000,11861250.000000,1.062000,1.062000,1.062000,48305000.000000,54291875.000000,48305000.000000,11313226.000000,1.000000,0.816000,-25882500.000000,-0.807000,1.000000,47417500.000000,1.000000,15263750.000000,282500.000000,4827500.000000,10213125.000000,0.000000,0.000000,0.000000,0.000000,18760000.000000,12736250.000000,6023750.000000,-2786250.000000,,17485000.000000,,,17207500.000000,-343750.000000,,-25771250.000000,17500.000000,14407500.000000,14407500.000000,14407500.000000,0.000000,0.000000,0.304000,38760000.000000,8657500.000000,8446250.000000,0.000000,0.943000,3.162000,1.337000,1738750.000000,0.000000,1.420000,0.961000,0.961000,11822500.000000,-74828750.000000,47417500.000000,47417500.000000,39965000.000000,0.184000,0.265000,1.189000,0.256000,5152500.000000,12908750.000000,1.000000,32077976.000000,32077976.000000,,1.478000,51801250.000000,2846250.000000,-2546250.000000,2053750.000000,1.615000
ART,2019-06-30,2019-10-11,2019-07-31,2020-Q2,31091250.000000,52928661.000000,2025-05-01,96250.000000,60528750.000000,74332812.000000,43692500.000000,16836250.000000,-0.198000,1.313000,-213750.000000,26082500.000000,26082500.000000,0.000000,-35761250.000000,3.467000,0.437000,1055000.000000,447500.000000,607500.000000,1055000.000000,4661250.000000,2037500.000000,0.000000,0.000000,0.000000,-40310000.000000,-38272500.000000,2.604000,-38272500.000000,-40310000.000000,-40440000.000000,-1.750000,-1.750000,-1.750000,42131250.000000,51266875.000000,42131250.000000,27901161.000000,-1.000000,-0.729000,-18358750.000000,-0.572000,1.000000,-14700000.000000,1.000000,15130000.000000,130000.000000,7770000.000000,8993125.000000,0.000000,0.000000,0.000000,0.000000,18397500.000000,12601250.000000,5796250.000000,5011250.000000,,18665000.000000,,,18207500.000000,-573750.000000,,-18145000.000000,821250.000000,-35761250.000000,-35761250.000000,-35761250.000000,0.000000,0.000000,2.433000,24527500.000000,-39227500.000000,8120000.000000,0.000000,1.256000,-1.480000,-0.943000,1706250.000000,0.000000,1.650000,-3.601000,-3.601000,13348750.000000,-81126250.000000,-14700000.000000,-14700000.000000,35950000.000000,-0.481000,-0.698000,-4.482000,2.742000,4433750.000000,9972500.000000,1.000000,32077976.000000,32077976.000000,,-0.458000,45398750.000000,4261250.000000,-4678750.000000,2015000.000000,1.415000
ART,2019-09-30,2019-12-17,2019-10-31,2020-Q3,22731250.000000,47427288.000000,2025-05-01,76250.000000,49186250.000000,68727500.000000,32772500.000000,16413750.000000,-0.197000,1.047000,-220000.000000,17002500.000000,17002500.000000,0.000000,-31122500.000000,3.264000,0.465000,952500.000000,447500.000000,505000.000000,952500.000000,1040000.000000,2362500.000000,0.000000,0.000000,0.000000,-34607500.000000,-32245000.000000,2.387000,-32245000.000000,-34607500.000000,-34767500.000000,-1.312000,-1.312000,-1.312000,33577500.000000,48465938.000000,33577500.000000,31377288.000000,-1.000000,-0.973000,-20391250.000000,-0.636000,1.000000,-13511250.000000,1.000000,14873750.000000,160000.000000,8221250.000000,8334062.000000,0.000000,0.000000,0.000000,0.000000,15608750.000000,10041250.000000,5567500.000000,3863750.000000,,19316250.000000,,,18710000.000000,-585000.000000,,-20171250.000000,-715000.000000,-31122500.000000,-31122500.000000,-31122500.000000,0.000000,0.000000,2.303000,20135000.000000,-33646250.000000,9025000.000000,0.000000,1.412000,-1.524000,-1.127000,1540000.000000,0.000000,1.478000,-3.510000,-3.510000,11191250.000000,-89803750.000000,-13511250.000000,-13511250.000000,32522500.000000,-0.453000,-0.642000,-4.153000,2.561000,-215000.000000,9573750.000000,1.000000,32077976.000000,32077976.000000,,-0.421000,34312500.000000,4578750.000000,-3645000.000000,1976250.000000,1.070000
ART,2019-12-31,2020-04-30,2019-12-31,2019-Q4,63247500.000000,251917711.000000,2025-05-01,70000.000000,91403750.000000,,75240000.000000,16163750.000000,,1.102000,-265000.000000,60521250.000000,60521250.000000,,,6.274000,0.235000,847500.000000,447500.000000,400000.000000,847500.000000,1887500.000000,2128750.000000,0.000000,0.000000,0.000000,,,,,,,,,,74031250.000000,,74031250.000000,192243961.000000,,,-26248750.000000,-0.391000,1.000000,,,14705000.000000,,5032500.000000,,0.000000,0.000000,0.000000,0.000000,17372500.000000,11992500.000000,5380000.000000,34325000.000000,-910000.000000,62501250.000000,-593750.000000,,60745000.000000,-436250.000000,,-25983750.000000,1433750.000000,,,,,,,,,10025000.000000,,3.403000,,,1458750.000000,,3.750000,,,10145000.000000,-97032500.000000,,,,,,,,1097500.000000,,1.000000,67178056.000000,67178056.000000,,,76698750.000000,4573750.000000,,1950000.000000,1.142000
ART,2020-03-31,2020-06-02,2020-03-31,2020-Q1,58236000.000000,251917711.000000,2025-05-01,85000.000000,89411000.000000,,73555000.000000,15856000.000000,,1.011000,,55296000.000000,55296000.000000,,,4.802000,0.316000,792000.000000,418000.000000,374000.000000,792000.000000,3195000.000000,,0.000000,0.000000,0.000000,,,,,,,,,,67919000.000000,,67919000.000000,197413711.000000,,,,,1.000000,,,14551000.000000,,5037000.000000,,0.000000,0.000000,0.000000,0.000000,21492000.000000,15319000.000000,6173000.000000,,,,,,,,,,,,,,,,,,,12645000.000000,,3.709000,,,1305000.000000,,3.750000,,,12179000.000000,-102742000.000000,,,,,,,,,,1.000000,67178056.000000,67178056.000000,,,74860000.000000,6080000.000000,,2127000.000000,1.114000
ART,2020-09-30,2020-11-16,2020-09-30,2020-Q3,27335000.000000,403896620.000000,2025-05-01,-7032000.000000,56865000.000000,,42077000.000000,14788000.000000,,0.448000,,21270000.000000,21270000.000000,,,2.854000,0.543000,548000.000000,386000.000000,162000.000000,548000.000000,7826000.000000,,0.000000,0.000000,0.000000,,,,,,,,,,36861000.000000,,36861000.000000,383174620.000000,,,,,1.000000,,,13436000.000000,,7965000.000000,,0.000000,0.000000,0.000000,0.000000,20004000.000000,14742000.000000,5262000.000000,,,,,,,,,,,,,,,,,,,2493000.000000,,10.957000,,,1352000.000000,,4.910000,,,4080000.000000,-199174000.000000,,,,,,,,,,1.000000,82260004.000000,82260004.000000,,,43429000.000000,7919000.000000,,2108000.000000,0.528000
ART,2020-12-31,2021-03-31,2020-12-31,2020-Q4,67784000.000000,486718029.000000,2025-05-01,-3794000.000000,102498000.000000,96950875.000000,87674000.000000,14824000.000000,0.009000,1.143000,-421000.000000,66417000.000000,66417000.000000,0.000000,-52697000.000000,4.408000,0.290000,465000.000000,390000.000000,75000.000000,465000.000000,8939000.000000,2003000.000000,0.000000,0.000000,0.000000,-52910000.000000,-50907000.000000,-59.194000,-50907000.000000,-52910000.000000,-52910000.000000,-0.008000,-0.008000,-0.008000,79453000.000000,76742125.000000,79453000.000000,420766029.000000,-8.000000,-8.265000,-48532000.000000,-0.698000,1.000000,860000.000000,1.000000,13545000.000000,0.000000,3111000.000000,4071750.000000,0.000000,0.000000,0.000000,0.000000,23045000.000000,19890000.000000,3155000.000000,2575000.000000,0.000000,50551000.000000,0.000000,0.000000,50551000.000000,-421000.000000,0.000000,-48111000.000000,556000.000000,-52697000.000000,-52697000.000000,-52697000.000000,0.000000,0.000000,-61.276000,54053000.000000,-53193000.000000,6140000.000000,0.000000,6.126000,-9.236000,-733.750000,1279000.000000,0.000000,5.870000,565.951000,474.543000,331000.000000,-210946000.000000,860000.000000,860000.000000,53274000.000000,-0.544000,-0.687000,-12.994000,-61.523000,1766000.000000,19232000.000000,1.000000,82916189.000000,69524148.000000,69524148.000000,0.012000,88953000.000000,9856000.000000,-213000.000000,0.000000,1.279000
ART,2021-03-31,2021-05-17,2021-03-31,2021-Q1,52165000.000000,666125284.000000,2025-05-01,-3119000.000000,140794000.000000,115102500.000000,125217000.000000,15577000.000000,,0.778000,,102194000.000000,102194000.000000,,,1.714000,1.186000,56370000.000000,56019000.000000,351000.000000,56370000.000000,7806000.000000,,0.000000,0.000000,0.000000,,,,,,,,,,64405000.000000,66162000.000000,64405000.000000,620301284.000000,,,,,1.000000,,,13406000.000000,,8512000.000000,6774500.000000,0.000000,0.000000,0.000000,0.000000,76389000.000000,73052000.000000,3337000.000000,,,,,,,,,,,,,,,,,,,4114000.000000,,10.343000,,,2171000.000000,,6.850000,,,447000.000000,-228434000.000000,,,,,,,,,,1.000000,97244567.000000,82817836.000000,,,127388000.000000,13596000.000000,,0.000000,1.538000
ART,2021-06-30,2021-08-12,2021-06-30,2021-Q2,99594000.000000,771263650.000000,2025-05-01,-2579000.000000,145517000.000000,111418500.000000,121482000.000000,24035000.000000,0.006000,1.317000,,103386000.000000,103386000.000000,0.000000,-73047000.000000,5.550000,0.218000,2154000.000000,1006000.000000,1148000.000000,2154000.000000,7505000.000000,,0.000000,0.000000,0.000000,-73266000.000000,,,,-73266000.000000,-73266000.000000,-0.009000,-0.009000,-0.009000,119427000.000000,75036500.000000,119427000.000000,670031650.000000,-9.000000,,,,1.000000,615000.000000,1.000000,13218000.000000,0.000000,9179000.000000,7191750.000000,0.000000,0.000000,0.000000,0.000000,26090000.000000,21888000.000000,4202000.000000,,,,,,,,,,,-73047000.000000,-73047000.000000,-73047000.000000,0.000000,0.000000,-118.776000,73033000.000000,-72418000.000000,6949000.000000,0.000000,6.458000,-10.558000,-880.000000,2969000.000000,0.000000,7.920000,1254.087000,1167.406000,1053000.000000,-252850000.000000,615000.000000,615000.000000,68984000.000000,-0.656000,-0.973000,-10.188000,-119.132000,,23431000.000000,1.000000,97381774.000000,90650854.000000,,0.007000,132299000.000000,18201000.000000,-219000.000000,0.000000,1.459000
ART,2021-09-30,2021-11-15,2021-09-30,2021-Q3,79421000.000000,508115124.000000,2025-05-01,-3442000.000000,128673000.000000,129370500.000000,102210000.000000,26463000.000000,0.013000,1.050000,-236000.000000,80248000.000000,80248000.000000,0.000000,-74945000.000000,4.485000,0.258000,1837000.000000,941000.000000,896000.000000,1837000.000000,7511000.000000,2441000.000000,0.000000,0.000000,0.000000,-75065000.000000,-72624000.000000,-41.666000,-72624000.000000,-75065000.000000,-75065000.000000,-0.009000,-0.009000,-0.009000,102298000.000000,91395750.000000,102298000.000000,429704124.000000,-6.000000,-5.917000,-71615000.000000,-0.735000,1.000000,1743000.000000,1.000000,12609000.000000,0.000000,14864000.000000,8916500.000000,0.000000,0.000000,0.000000,0.000000,26375000.000000,22789000.000000,3586000.000000,56914000.000000,0.000000,127257000.000000,-54000.000000,0.000000,127203000.000000,-236000.000000,0.000000,-71379000.000000,3390000.000000,-74945000.000000,-74945000.000000,-74945000.000000,0.000000,0.000000,-42.998000,75431000.000000,-73688000.000000,5875000.000000,0.000000,4.967000,-6.780000,-577.778000,2540000.000000,0.000000,5.200000,291.518000,290.737000,2290000.000000,-272449000.000000,1743000.000000,1743000.000000,74540000.000000,-0.579000,-0.820000,-8.419000,-43.067000,7762000.000000,21633000.000000,1.000000,97714447.000000,97452628.000000,,0.018000,116064000.000000,21386000.000000,-120000.000000,0.000000,1.191000
ART,2021-12-31,2022-03-17,2021-12-31,2021-Q4,71689000.000000,307122974.000000,2025-05-01,-2197000.000000,113374000.000000,132089500.000000,97312000.000000,16062000.000000,0.014000,0.903000,-306000.000000,71791000.000000,71791000.000000,0.000000,-88602000.000000,3.798000,0.361000,2782000.000000,1091000.000000,1691000.000000,2782000.000000,7939000.000000,2455000.000000,0.000000,0.000000,0.000000,-88602000.000000,-86147000.000000,-47.621000,-86147000.000000,-88602000.000000,-88602000.000000,-0.010000,-0.010000,-0.010000,83284000.000000,92353500.000000,83284000.000000,238113974.000000,-3.000000,-2.764000,-72893000.000000,-0.790000,1.000000,1809000.000000,1.000000,12408000.000000,0.000000,6334000.000000,9722250.000000,0.000000,0.000000,0.000000,0.000000,30090000.000000,25623000.000000,4467000.000000,5374000.000000,0.000000,77970000.000000,-54000.000000,0.000000,77916000.000000,-306000.000000,0.000000,-72587000.000000,351000.000000,-88602000.000000,-88602000.000000,-88602000.000000,0.000000,0.000000,-48.978000,87995000.000000,-86186000.000000,4374000.000000,0.000000,3.688000,-3.466000,-313.000000,3484000.000000,0.000000,3.130000,169.775000,159.596000,1464000.000000,-299548000.000000,1809000.000000,1809000.000000,85352000.000000,-0.671000,-0.959000,-9.113000,-48.978000,12804000.000000,23611000.000000,1.000000,98122356.000000,92239306.000000,92239306.000000,0.020000,100966000.000000,15695000.000000,0.000000,0.000000,1.095000
ART,2022-03-31,2022-05-11,2022-03-31,2022-Q1,76711000.000000,100084803.000000,2025-05-01,-3957000.000000,116472000.000000,126009000.000000,99435000.000000,17037000.000000,0.015000,0.657000,-628000.000000,77450000.000000,77450000.000000,0.000000,-92511000.000000,4.376000,0.808000,27497000.000000,907000.000000,26590000.000000,27497000.000000,5097000.000000,2583000.000000,0.000000,0.000000,0.000000,-92511000.000000,-89928000.000000,-48.167000,-89928000.000000,-92511000.000000,-92511000.000000,-0.010000,-0.010000,-0.010000,64407000.000000,92354000.000000,64407000.000000,50131803.000000,-1.000000,-0.557000,-71547000.000000,-0.730000,1.000000,1867000.000000,1.000000,11819000.000000,0.000000,31976000.000000,15588250.000000,0.000000,0.000000,0.000000,0.000000,52065000.000000,22724000.000000,29341000.000000,-24744000.000000,0.000000,77260000.000000,-30054000.000000,0.000000,47206000.000000,-628000.000000,0.000000,-70919000.000000,-403000.000000,-92511000.000000,-92511000.000000,-92511000.000000,0.000000,0.000000,-49.551000,93288000.000000,-91421000.000000,6959000.000000,0.000000,1.554000,-1.082000,-102.000000,3397000.000000,0.000000,1.020000,53.607000,53.579000,870000.000000,-320945000.000000,1867000.000000,1867000.000000,87529000.000000,-0.734000,-1.002000,-5.935000,-49.551000,15932000.000000,26085000.000000,1.000000,98122356.000000,98070095.000000,98070095.000000,0.019000,104653000.000000,16945000.000000,0.000000,0.000000,1.067000
ART,2022-06-30,2022-08-11,2022-06-30,2022-Q2,64225000.000000,106953368.000000,2025-05-01,-3168000.000000,95718000.000000,113559250.000000,79398000.000000,16320000.000000,0.018000,0.515000,-770000.000000,57335000.000000,57335000.000000,0.000000,-84866000.000000,5.233000,0.865000,27318000.000000,684000.000000,26634000.000000,27318000.000000,3231000.000000,2509000.000000,0.000000,0.000000,0.000000,-84866000.000000,-82357000.000000,-40.272000,-82357000.000000,-84866000.000000,-84866000.000000,-0.009000,-0.009000,-0.009000,51317000.000000,75326500.000000,51317000.000000,76936368.000000,-1.000000,-0.934000,-71732000.000000,-0.720000,1.000000,2045000.000000,1.000000,10706000.000000,0.000000,39822000.000000,23249000.000000,0.000000,0.000000,0.000000,0.000000,44401000.000000,15173000.000000,29228000.000000,-46051000.000000,0.000000,2124000.000000,25000000.000000,0.000000,27124000.000000,-770000.000000,0.000000,-70962000.000000,-1443000.000000,-84866000.000000,-84866000.000000,-84866000.000000,0.000000,0.000000,-41.499000,82428000.000000,-80383000.000000,3574000.000000,0.000000,2.084000,-1.260000,-121.111000,3112000.000000,0.000000,1.090000,52.300000,53.116000,238000.000000,-337716000.000000,2045000.000000,2045000.000000,72614000.000000,-0.747000,-1.127000,-3.650000,-41.499000,14756000.000000,27034000.000000,1.000000,98122356.000000,99654092.000000,99654092.000000,0.021000,85012000.000000,16455000.000000,0.000000,0.000000,0.853000
ART,2022-09-30,2022-11-09,2022-09-30,2022-Q3,120437000.000000,197294752.000000,2025-05-01,-3217000.000000,155327000.000000,120222750.000000,137119000.000000,18208000.000000,0.008000,0.897000,-754000.000000,121971000.000000,121971000.000000,0.000000,-86652000.000000,8.220000,0.166000,4365000.000000,1392000.000000,2973000.000000,4365000.000000,0.000000,2589000.000000,0.000000,0.000000,0.000000,-86652000.000000,-84063000.000000,-87.932000,-84063000.000000,-86652000.000000,-86652000.000000,-0.008000,-0.008000,-0.008000,133248000.000000,83064000.000000,133248000.000000,79688752.000000,-1.000000,-0.948000,-56706000.000000,-0.382000,1.000000,956000.000000,1.000000,9607000.000000,0.000000,11432000.000000,22391000.000000,0.000000,0.000000,0.000000,0.000000,22079000.000000,16682000.000000,5397000.000000,41723000.000000,0.000000,101445000.000000,0.000000,0.000000,101445000.000000,-754000.000000,0.000000,-55952000.000000,-3016000.000000,-86652000.000000,-86652000.000000,-86652000.000000,0.000000,0.000000,-90.640000,78793000.000000,-77837000.000000,1431000.000000,0.000000,1.481000,-2.277000,-122.500000,5160000.000000,0.000000,0.980000,206.375000,152.313000,140000.000000,-359101000.000000,956000.000000,956000.000000,69720000.000000,-0.721000,-1.043000,-3.870000,-90.640000,14910000.000000,26945000.000000,1.000000,201321175.000000,148582751.000000,148582751.000000,0.006000,145720000.000000,16259000.000000,0.000000,0.000000,0.981000
ART,2022-12-31,2023-03-09,2022-12-31,2022-Q4,617930000.000000,990713218.000000,2025-05-01,-1893000.000000,664168000.000000,257921250.000000,656712000.000000,7456000.000000,0.003000,0.655000,-624000.000000,648607000.000000,648607000.000000,0.000000,-78782000.000000,16.933000,4.244000,518763000.000000,21460000.000000,497303000.000000,518763000.000000,0.000000,2514000.000000,0.000000,0.000000,0.000000,-78782000.000000,-76268000.000000,-108.182000,-76268000.000000,-78782000.000000,-78782000.000000,-0.004000,-0.004000,-0.004000,126654000.000000,93906500.000000,126654000.000000,860869218.000000,-11.000000,-11.287000,-42206000.000000,-0.218000,1.000000,705000.000000,1.000000,1798000.000000,0.000000,493744000.000000,144243500.000000,0.000000,0.000000,0.000000,0.000000,537514000.000000,38782000.000000,498732000.000000,576816000.000000,0.000000,100288000.000000,519956000.000000,0.000000,620244000.000000,-624000.000000,0.000000,-41582000.000000,-1222000.000000,-78782000.000000,-78782000.000000,-78782000.000000,0.000000,0.000000,-111.748000,72794000.000000,-72089000.000000,355000.000000,0.000000,7.822000,-12.575000,-355.000000,5081000.000000,0.000000,1.420000,1405.267000,389.415000,349000.000000,-378330000.000000,705000.000000,705000.000000,51999000.000000,-0.305000,-0.839000,-0.546000,-111.748000,11948000.000000,26743000.000000,1.000000,697685365.000000,193336063.000000,193336063.000000,0.004000,662370000.000000,5766000.000000,0.000000,0.000000,3.426000
ART,2023-03-31,2023-05-11,2023-03-31,2023-Q1,230584000.000000,1343044328.000000,2025-05-01,-1396000.000000,254897000.000000,292527500.000000,248027000.000000,6870000.000000,0.002000,0.353000,-316000.000000,70969000.000000,70969000.000000,0.000000,-599761000.000000,14.219000,0.910000,104184000.000000,1693000.000000,102491000.000000,104184000.000000,0.000000,2274000.000000,0.000000,0.000000,0.000000,-599761000.000000,-597487000.000000,-1313.158000,-597487000.000000,-599761000.000000,-599761000.000000,-0.016000,-0.016000,-0.016000,133482000.000000,111175250.000000,133482000.000000,1376259328.000000,-2.000000,-2.303000,-36028000.000000,-0.095000,1.000000,455000.000000,1.000000,1839000.000000,0.000000,268830000.000000,203457000.000000,0.000000,170963000.000000,170963000.000000,0.000000,121415000.000000,17443000.000000,103972000.000000,-6481000.000000,-475015000.000000,204899000.000000,470270000.000000,0.000000,675169000.000000,-645326000.000000,-169995000.000000,-35712000.000000,-612000.000000,-599761000.000000,-599761000.000000,-599761000.000000,0.000000,0.000000,-1318.156000,587540000.000000,-587085000.000000,710000.000000,0.000000,10.062000,-2.239000,-120.312000,4340000.000000,0.000000,1.925000,2951.746000,1599.927000,0.000000,-920706000.000000,455000.000000,455000.000000,41326000.000000,-2.050000,-5.395000,-2.948000,-1318.156000,10727000.000000,27024000.000000,1.000000,697685365.000000,378163980.000000,378163980.000000,0.001000,253058000.000000,5035000.000000,0.000000,0.000000,0.669000
ART,2023-06-30,2023-08-09,2023-06-30,2023-Q2,215570000.000000,1353509608.000000,2025-05-01,-2437000.000000,237372000.000000,327941000.000000,227501000.000000,9871000.000000,0.001000,0.171000,183000.000000,42116000.000000,42116000.000000,0.000000,-597707000.000000,19.068000,0.985000,107259000.000000,2928000.000000,104331000.000000,107259000.000000,0.000000,2154000.000000,0.000000,0.000000,0.000000,-597707000.000000,-595553000.000000,-2707.059000,-595553000.000000,-597707000.000000,-597707000.000000,-0.015000,-0.015000,-0.015000,119599000.000000,128245750.000000,119599000.000000,1418652608.000000,-2.000000,-2.382000,-45585000.000000,-0.065000,1.000000,220000.000000,1.000000,1883000.000000,0.000000,288701000.000000,265676750.000000,0.000000,172898000.000000,172898000.000000,0.000000,117773000.000000,11931000.000000,105842000.000000,-15219000.000000,-475015000.000000,204819000.000000,470270000.000000,0.000000,675089000.000000,-644826000.000000,-169994000.000000,-45768000.000000,286000.000000,-597707000.000000,-597707000.000000,-597707000.000000,0.000000,0.000000,-2716.850000,590407000.000000,-590187000.000000,987000.000000,0.000000,11.317000,-2.265000,-129.333000,7221000.000000,0.000000,1.940000,6152.316000,6152.285000,0.000000,-935423000.000000,220000.000000,220000.000000,41769000.000000,-1.823000,-4.661000,-2.250000,-2716.850000,10106000.000000,26407000.000000,1.000000,697685365.000000,697685365.000000,697685365.000000,0.000000,235489000.000000,5120000.000000,0.000000,0.000000,0.338000
ART,2023-09-30,2023-11-07,2023-09-30,2023-Q3,91209000.000000,1342114150.000000,2025-05-01,-2323000.000000,218476000.000000,343728250.000000,204951000.000000,13525000.000000,0.000000,0.142000,110000.000000,23792000.000000,23792000.000000,0.000000,-597590000.000000,1.802000,1.198000,106659000.000000,102780000.000000,3879000.000000,106659000.000000,0.000000,2041000.000000,0.000000,0.000000,0.000000,-597590000.000000,-595549000.000000,,-595549000.000000,-597590000.000000,-597590000.000000,-0.014000,-0.014000,-0.014000,99379000.000000,119778500.000000,99379000.000000,1424981150.000000,-2.000000,-2.393000,-52000000.000000,-0.075000,1.000000,0.000000,,1814000.000000,0.000000,185787000.000000,309265500.000000,0.000000,175153000.000000,175153000.000000,0.000000,119097000.000000,113742000.000000,5355000.000000,-98179000.000000,-475015000.000000,105051000.000000,495270000.000000,0.000000,600321000.000000,-648332000.000000,-173427000.000000,-52110000.000000,1942000.000000,-597590000.000000,-597590000.000000,-597590000.000000,0.000000,0.000000,,593739000.000000,-593739000.000000,3314000.000000,0.000000,13.505000,-2.246000,-136.786000,6632000.000000,0.000000,1.915000,,,0.000000,-956691000.000000,0.000000,0.000000,40043000.000000,-1.739000,-4.989000,-1.932000,,8013000.000000,26268000.000000,1.000000,700842898.000000,697739477.000000,697739477.000000,0.000000,216662000.000000,1559000.000000,0.000000,0.000000,0.311000
ART,2023-12-31,2024-02-20,2023-12-31,2023-Q4,169307000.000000,2624347449.000000,2025-05-01,-2448000.000000,202949000.000000,228423500.000000,189712000.000000,13237000.000000,0.000000,0.125000,98000.000000,71425000.000000,71425000.000000,0.000000,-614928000.000000,9.297000,1.612000,106099000.000000,2809000.000000,103290000.000000,106099000.000000,0.000000,2050000.000000,0.000000,0.000000,0.000000,-614928000.000000,-612878000.000000,,-612878000.000000,-614928000.000000,-614928000.000000,-0.010000,-0.010000,-0.010000,77692000.000000,107538000.000000,77692000.000000,2659021449.000000,-4.000000,-4.339000,-76662000.000000,-0.124000,1.000000,0.000000,,1893000.000000,0.000000,215325000.000000,239660750.000000,0.000000,114817000.000000,114817000.000000,0.000000,125257000.000000,20405000.000000,104852000.000000,-577182000.000000,-475015000.000000,111199000.000000,-24686000.000000,0.000000,86513000.000000,-587774000.000000,-112857000.000000,-76760000.000000,839000.000000,-614928000.000000,-614928000.000000,-614928000.000000,0.000000,0.000000,,609650000.000000,-609650000.000000,2667000.000000,0.000000,33.779000,-4.268000,-374.000000,6063000.000000,0.000000,3.740000,,,0.000000,-993258000.000000,0.000000,0.000000,59471000.000000,-2.692000,-5.718000,-2.566000,,14108000.000000,30265000.000000,1.000000,701697179.000000,619646180.000000,619646180.000000,0.000000,201056000.000000,1807000.000000,0.000000,0.000000,0.324000
ART,2024-03-31,2024-05-01,2024-03-31,2024-Q1,139827000.000000,3299304101.000000,2025-05-01,-2449000.000000,176781000.000000,208894500.000000,163265000.000000,13516000.000000,0.000000,0.063000,147000.000000,61611000.000000,61611000.000000,0.000000,-116025000.000000,6.966000,2.999000,109522000.000000,3699000.000000,105823000.000000,109522000.000000,0.000000,1702000.000000,0.000000,0.000000,0.000000,-116025000.000000,-114323000.000000,,-114323000.000000,-116025000.000000,-116025000.000000,-0.001000,-0.001000,-0.001000,44210000.000000,85220000.000000,44210000.000000,3347215101.000000,-29.000000,-29.279000,-93616000.000000,-0.133000,1.000000,0.000000,,1875000.000000,0.000000,199379000.000000,222298000.000000,0.000000,95386000.000000,95386000.000000,0.000000,132571000.000000,23438000.000000,109133000.000000,-9358000.000000,0.000000,6886000.000000,0.000000,0.000000,6886000.000000,77160000.000000,77013000.000000,-93763000.000000,359000.000000,-116025000.000000,-116025000.000000,-116025000.000000,0.000000,0.000000,,114885000.000000,-114885000.000000,6371000.000000,0.000000,74.628000,-28.436000,-4700.000000,9554000.000000,0.000000,4.700000,,,0.000000,-1036731000.000000,0.000000,0.000000,80461000.000000,-0.555000,-1.361000,-0.522000,,20840000.000000,35054000.000000,1.000000,701979596.000000,701785250.000000,701785250.000000,0.000000,174906000.000000,1157000.000000,0.000000,0.000000,0.249000
ART,2024-06-30,2024-08-06,2024-06-30,2024-Q2,188626000.000000,6912090145.000000,2025-05-01,-2499000.000000,341856000.000000,235015500.000000,328794000.000000,13062000.000000,0.000000,0.276000,-122000.000000,28754000.000000,28754000.000000,0.000000,-161693000.000000,2.346000,0.752000,108705000.000000,103688000.000000,5017000.000000,108705000.000000,0.000000,1251000.000000,0.000000,0.000000,0.000000,-161693000.000000,-160442000.000000,,-160442000.000000,-161693000.000000,-161693000.000000,-0.002000,-0.002000,-0.002000,195075000.000000,104089000.000000,195075000.000000,6992041145.000000,-43.000000,-43.580000,-97614000.000000,-0.138000,1.000000,0.000000,,1880000.000000,0.000000,279759000.000000,220062500.000000,0.000000,297035000.000000,297035000.000000,0.000000,146781000.000000,140168000.000000,6613000.000000,-13362000.000000,0.000000,207077000.000000,0.000000,0.000000,207178000.000000,-123126000.000000,-123004000.000000,-97492000.000000,78000.000000,-161693000.000000,-161693000.000000,-161693000.000000,0.000000,0.000000,,158708000.000000,-158708000.000000,3340000.000000,0.000000,35.433000,-42.748000,-4770.000000,8939000.000000,0.000000,9.540000,,,0.000000,-1097116000.000000,0.000000,0.000000,101808000.000000,-0.688000,-1.553000,-0.735000,,30053000.000000,42709000.000000,1.000000,724537751.000000,707904643.000000,707904643.000000,0.000000,339976000.000000,1317000.000000,0.000000,0.000000,0.480000
ART,2024-09-30,2024-10-30,2024-09-30,2024-Q3,431281000.000000,13753407923.000000,2025-05-01,-2308000.000000,502852000.000000,306109500.000000,490290000.000000,12562000.000000,0.000000,0.603000,-127000.000000,94098000.000000,94098000.000000,0.000000,-196679000.000000,8.309000,0.148000,32499000.000000,28292000.000000,4207000.000000,32499000.000000,0.000000,672000.000000,0.000000,0.000000,0.000000,-196679000.000000,-196007000.000000,,-196007000.000000,-196679000.000000,-196679000.000000,-0.002000,-0.002000,-0.002000,437920000.000000,188724250.000000,437920000.000000,13691808923.000000,-70.000000,-69.854000,-113019000.000000,-0.156000,1.000000,0.000000,,1991000.000000,0.000000,380253000.000000,268679000.000000,0.000000,393122000.000000,393122000.000000,0.000000,64932000.000000,59009000.000000,5923000.000000,70306000.000000,-15007000.000000,486490000.000000,-75500000.000000,0.000000,411091000.000000,-228255000.000000,-213121000.000000,-112892000.000000,362000.000000,-196679000.000000,-196679000.000000,-196679000.000000,0.000000,0.000000,,196594000.000000,-196594000.000000,3252000.000000,0.000000,31.406000,-69.928000,-9325.000000,8241000.000000,0.000000,18.650000,,,0.000000,-1153370000.000000,0.000000,0.000000,124209000.000000,-0.643000,-1.042000,-0.732000,,48719000.000000,57665000.000000,1.000000,737448146.000000,726656045.000000,726656045.000000,0.000000,500861000.000000,1127000.000000,0.000000,0.000000,0.689000
ART,2024-12-31,2025-02-24,2024-12-31,2024-Q4,382021000.000000,13897885623.000000,2025-05-01,-2285000.000000,435560000.000000,364262250.000000,423750000.000000,11810000.000000,0.000000,0.541000,-139000.000000,105187000.000000,105187000.000000,0.000000,-221315000.000000,10.155000,0.120000,7218000.000000,3765000.000000,3453000.000000,7218000.000000,0.000000,89000.000000,0.000000,0.000000,0.000000,-212629000.000000,-212540000.000000,,-212540000.000000,-212629000.000000,-221315000.000000,-0.003000,-0.003000,-0.003000,388748000.000000,266488250.000000,388748000.000000,13799916623.000000,-65.000000,-64.929000,-142245000.000000,-0.198000,1.000000,0.000000,,1864000.000000,8686000.000000,293998000.000000,288347250.000000,0.000000,307487000.000000,307487000.000000,0.000000,46812000.000000,41729000.000000,5083000.000000,33762000.000000,-15007000.000000,481227000.000000,-100000000.000000,0.000000,381227000.000000,-205341000.000000,-190195000.000000,-142106000.000000,-18000.000000,-221315000.000000,-221315000.000000,-221315000.000000,0.000000,0.000000,,225998000.000000,-225998000.000000,4636000.000000,0.000000,35.750000,-62.797000,-6280.000000,7398000.000000,0.000000,18.840000,,,0.000000,-1214573000.000000,0.000000,0.000000,150777000.000000,-0.608000,-0.830000,-0.737000,,50981000.000000,60527000.000000,1.000000,737679704.000000,718541896.000000,718541896.000000,0.000000,433696000.000000,1255000.000000,0.000000,0.000000,0.604000
ART,2025-03-31,2025-05-01,2025-03-31,2025-Q1,335874000.000000,18321568345.000000,2025-05-01,-2563000.000000,383822000.000000,416022500.000000,370751000.000000,13071000.000000,0.000000,0.467000,-557000.000000,211844000.000000,211844000.000000,0.000000,-240755000.000000,10.630000,0.115000,6450000.000000,3543000.000000,2907000.000000,6450000.000000,0.000000,87000.000000,0.000000,0.000000,0.000000,-232069000.000000,-231982000.000000,,-231982000.000000,-232069000.000000,-240755000.000000,-0.003000,-0.003000,-0.003000,344330000.000000,341518250.000000,344330000.000000,18116174345.000000,-78.000000,-78.093000,-173697000.000000,-0.235000,1.000000,0.000000,,1923000.000000,8686000.000000,141628000.000000,273909500.000000,0.000000,149789000.000000,149789000.000000,0.000000,39492000.000000,34877000.000000,4615000.000000,150233000.000000,-15007000.000000,482761000.000000,-100000000.000000,0.000000,388419000.000000,-65102000.000000,-49538000.000000,-173140000.000000,56000.000000,-240755000.000000,-240755000.000000,-240755000.000000,0.000000,0.000000,,250460000.000000,-250460000.000000,4994000.000000,0.000000,53.209000,-76.100000,-8223.333000,7003000.000000,0.000000,24.670000,,,0.000000,-1277486000.000000,0.000000,0.000000,171169000.000000,-0.579000,-0.705000,-0.847000,,52570000.000000,64384000.000000,1.000000,742665924.000000,738076003.000000,738076003.000000,0.000000,381899000.000000,0.000000,0.000000,0.000000,0.517000
ARY,2014-12-31,2015-05-07,2015-01-31,2015-FY,14285000.000000,127358315.000000,2025-05-01,77500.000000,24245000.000000,,18992500.000000,5252500.000000,,,-43750.000000,14081250.000000,14081250.000000,0.000000,-14203750.000000,4.035000,0.197000,0.000000,0.000000,0.000000,0.000000,0.000000,28750.000000,0.000000,0.000000,0.000000,-15825000.000000,-15796250.000000,,-15796250.000000,-15825000.000000,-15825000.000000,-1.812000,-1.812000,-1.812000,28110000.000000,,28110000.000000,113277065.000000,-7.000000,-7.171000,-14200000.000000,-1.216000,1.000000,0.000000,,5183750.000000,0.000000,272500.000000,,0.000000,0.000000,0.000000,0.000000,5537500.000000,4707500.000000,830000.000000,11543750.000000,0.000000,27532500.000000,0.000000,0.000000,25680000.000000,20000.000000,0.000000,-14156250.000000,0.000000,-14203750.000000,-14203750.000000,-14203750.000000,0.000000,0.000000,,15888750.000000,-15888750.000000,4651250.000000,0.000000,4.531000,-8.967000,-6.021000,68750.000000,0.000000,10.910000,,,3287500.000000,-12827500.000000,0.000000,0.000000,13021250.000000,,,,,1201250.000000,5552500.000000,1.000000,11673539.000000,11673539.000000,,0.000000,19061250.000000,1623750.000000,-1621250.000000,830000.000000,1.633000
ARY,2015-12-31,2016-05-10,2016-01-31,2016-FY,31292500.000000,104562002.000000,2025-05-01,36250.000000,44456250.000000,59605625.000000,36976250.000000,7480000.000000,0.000000,3.057000,-116250.000000,28906250.000000,28906250.000000,0.000000,-30297500.000000,6.506000,0.187000,0.000000,0.000000,0.000000,0.000000,0.000000,66250.000000,0.000000,0.000000,0.000000,-35718750.000000,-35652500.000000,,-35652500.000000,-35718750.000000,-35718750.000000,-2.562000,-2.562000,-2.562000,37467500.000000,52861250.000000,37467500.000000,75655752.000000,-2.000000,-2.122000,-30581250.000000,-2.495000,1.000000,0.000000,,7333750.000000,0.000000,2532500.000000,1369062.000000,0.000000,0.000000,0.000000,0.000000,6988750.000000,5683750.000000,1305000.000000,8717500.000000,,46668750.000000,,,39246250.000000,-63750.000000,,-30465000.000000,216250.000000,-30297500.000000,-30297500.000000,-30297500.000000,0.000000,0.000000,,35771250.000000,-35771250.000000,5683750.000000,0.000000,2.791000,-3.451000,-3.329000,146250.000000,0.000000,8.530000,,,2726250.000000,-48491250.000000,0.000000,0.000000,29885000.000000,-0.508000,-0.573000,-26.090000,,2056250.000000,8458750.000000,1.000000,12258148.000000,12258148.000000,,0.000000,37122500.000000,5343750.000000,-5421250.000000,1176250.000000,3.028000
ARY,2015-12-31,2016-05-12,2016-01-31,2016-FY,22062500.000000,100614879.000000,2025-05-01,26250.000000,31345000.000000,59605625.000000,26070000.000000,5275000.000000,0.000000,2.155000,-82500.000000,20380000.000000,20380000.000000,0.000000,-21360000.000000,6.505000,0.187000,0.000000,0.000000,0.000000,0.000000,0.000000,47500.000000,0.000000,0.000000,0.000000,-25182500.000000,-25135000.000000,,-25135000.000000,-25182500.000000,-25182500.000000,-1.812000,-1.812000,-1.812000,26416250.000000,52861250.000000,26416250.000000,80234879.000000,-3.000000,-3.192000,-21560000.000000,-1.759000,1.000000,0.000000,,5171250.000000,0.000000,1786250.000000,1369062.000000,0.000000,0.000000,0.000000,0.000000,4928750.000000,4007500.000000,921250.000000,6147500.000000,0.000000,32903750.000000,0.000000,0.000000,27670000.000000,-45000.000000,0.000000,-21477500.000000,151250.000000,-21360000.000000,-21360000.000000,-21360000.000000,0.000000,0.000000,,25220000.000000,-25220000.000000,4007500.000000,0.000000,3.809000,-4.710000,-4.530000,103750.000000,0.000000,8.208000,,,1922500.000000,-34187500.000000,0.000000,0.000000,21070000.000000,-0.358000,-0.404000,-18.394000,,1450000.000000,5963750.000000,1.000000,12258148.000000,12258148.000000,,0.000000,26173750.000000,3767500.000000,-3822500.000000,830000.000000,2.135000
ARY,2016-12-31,2017-03-29,2017-01-31,2017-FY,35300000.000000,164251199.000000,2025-05-01,78750.000000,59130000.000000,46500312.000000,52442500.000000,6687500.000000,0.078000,-0.444000,-127500.000000,44145000.000000,44145000.000000,0.000000,-33621250.000000,3.059000,-11.761000,9311250.000000,0.000000,9311250.000000,9311250.000000,48021250.000000,75000.000000,0.000000,0.000000,0.000000,-39086250.000000,-39011250.000000,-10.765000,-39011250.000000,-39086250.000000,-40442500.000000,-2.750000,-2.750000,-2.750000,-5495000.000000,10908750.000000,-5495000.000000,129417449.000000,-3.000000,-3.317000,14245000.000000,1.152000,1.000000,3623750.000000,1.000000,6505000.000000,1356250.000000,648750.000000,1518438.000000,0.000000,0.000000,0.000000,0.000000,64625000.000000,17142500.000000,47482500.000000,19623750.000000,,613750.000000,,,650000.000000,-126250.000000,,14372500.000000,-1127500.000000,-33621250.000000,-33621250.000000,-33621250.000000,0.000000,0.000000,-9.278000,42722500.000000,-39098750.000000,6270000.000000,0.000000,-29.891000,-4.885000,-4.829000,182500.000000,0.000000,13.280000,45.326000,45.326000,1615000.000000,-84593750.000000,3623750.000000,3623750.000000,29813750.000000,-0.723000,-3.082000,-25.741000,-10.786000,2168750.000000,13021250.000000,1.000000,12368313.000000,12368313.000000,,0.293000,52625000.000000,6682500.000000,-6821250.000000,888750.000000,4.255000
ARY,2016-12-31,2017-03-30,2017-01-31,2017-FY,28051250.000000,157695993.000000,2025-05-01,62500.000000,46983750.000000,46500312.000000,41671250.000000,5312500.000000,0.062000,-0.353000,-101250.000000,35077500.000000,35077500.000000,0.000000,-26713750.000000,3.060000,-11.761000,7398750.000000,0.000000,7398750.000000,7398750.000000,38158750.000000,72500.000000,0.000000,0.000000,0.000000,-31056250.000000,-30983750.000000,-10.758000,-30983750.000000,-31056250.000000,-32133750.000000,-2.188000,-2.188000,-2.188000,-4366250.000000,10908750.000000,-4366250.000000,130017243.000000,-4.000000,-4.196000,11318750.000000,0.915000,1.000000,2880000.000000,1.000000,5167500.000000,1077500.000000,517500.000000,1518438.000000,0.000000,0.000000,0.000000,0.000000,51350000.000000,13620000.000000,37730000.000000,15592500.000000,0.000000,487500.000000,0.000000,0.000000,516250.000000,-100000.000000,0.000000,11420000.000000,-895000.000000,-26713750.000000,-26713750.000000,-26713750.000000,0.000000,0.000000,-9.276000,33946250.000000,-31066250.000000,4980000.000000,0.000000,-36.117000,-5.903000,-5.827000,145000.000000,0.000000,12.750000,54.756000,54.756000,1283750.000000,-67217500.000000,2880000.000000,2880000.000000,23690000.000000,-0.574000,-2.449000,-20.453000,-10.783000,1723750.000000,10346250.000000,1.000000,12368313.000000,12368313.000000,,0.233000,41816250.000000,5310000.000000,-5420000.000000,706250.000000,3.381000
ARY,2017-12-31,2018-04-11,2018-01-31,2018-FY,30058750.000000,196709131.000000,2025-05-01,66250.000000,95716250.000000,73596875.000000,63661250.000000,32055000.000000,0.574000,1.190000,-638750.000000,35656250.000000,35656250.000000,0.000000,-13057500.000000,1.895000,4.465000,5481250.000000,0.000000,5481250.000000,5481250.000000,49745000.000000,436250.000000,0.000000,0.000000,0.000000,-17240000.000000,-16803750.000000,-0.398000,-16803750.000000,-17240000.000000,-19215000.000000,-0.875000,-0.688000,-0.875000,17515000.000000,11562.000000,17515000.000000,166534131.000000,-10.000000,-9.911000,-26692500.000000,-1.814000,1.000000,42266250.000000,1.000000,30620000.000000,1975000.000000,1318750.000000,5530938.000000,0.000000,0.000000,0.000000,0.000000,78201250.000000,33602500.000000,44598750.000000,-10688750.000000,-8470000.000000,27196250.000000,,,24663750.000000,-9298750.000000,,-26053750.000000,-3430000.000000,-13057500.000000,-13057500.000000,-13057500.000000,0.000000,0.000000,-0.309000,64648750.000000,-22382500.000000,15843750.000000,0.000000,11.231000,-15.065000,-15.280000,1435000.000000,0.000000,13.370000,4.654000,4.654000,19748750.000000,-108030000.000000,42266250.000000,42266250.000000,48933750.000000,-0.177000,-1129.297000,-3.117000,-0.408000,2850000.000000,20368750.000000,1.000000,14712725.000000,14712725.000000,,2.873000,65096250.000000,8256250.000000,-6157500.000000,4220000.000000,4.424000
ARY,2017-12-31,2018-04-13,2018-01-31,2018-FY,21182500.000000,200534439.000000,2025-05-01,46250.000000,67452500.000000,73596875.000000,44862500.000000,22590000.000000,0.432000,0.839000,-450000.000000,25127500.000000,25127500.000000,0.000000,-8913750.000000,1.895000,4.465000,3862500.000000,0.000000,3862500.000000,3862500.000000,35056250.000000,307500.000000,0.000000,0.000000,0.000000,-12161250.000000,-11853750.000000,-0.373000,-11853750.000000,-12161250.000000,-13616250.000000,-0.688000,-0.688000,-0.688000,12343750.000000,11562.000000,12343750.000000,179269439.000000,-15.000000,-15.123000,-18811250.000000,-1.279000,1.000000,31773750.000000,1.000000,21578750.000000,1455000.000000,928750.000000,5530938.000000,0.000000,0.000000,0.000000,0.000000,55108750.000000,23680000.000000,31428750.000000,-7532500.000000,-5968750.000000,19166250.000000,0.000000,0.000000,17381250.000000,-6552500.000000,0.000000,-18361250.000000,-2417500.000000,-8913750.000000,-8913750.000000,-8913750.000000,0.000000,0.000000,-0.281000,47805000.000000,-16031250.000000,11165000.000000,0.000000,16.246000,-22.497000,-19.811000,1011250.000000,0.000000,13.630000,6.311000,6.311000,13917500.000000,-76131250.000000,31773750.000000,31773750.000000,36212500.000000,-0.121000,-770.919000,-2.199000,-0.383000,2008750.000000,14998750.000000,1.000000,14712725.000000,14712725.000000,,2.160000,45873750.000000,5817500.000000,-4702500.000000,2973750.000000,3.118000
ARY,2018-12-31,2019-03-27,2019-01-31,2019-FY,55603750.000000,58381917.000000,2025-05-01,92500.000000,98130000.000000,89010625.000000,76730000.000000,21400000.000000,0.793000,2.178000,-195000.000000,44097500.000000,44097500.000000,0.000000,12357500.000000,3.632000,0.405000,0.000000,0.000000,0.000000,0.000000,6905000.000000,507500.000000,0.000000,0.000000,0.000000,8956250.000000,9463750.000000,0.134000,9463750.000000,8956250.000000,8260000.000000,0.750000,0.750000,0.750000,69850000.000000,44696875.000000,69850000.000000,14284417.000000,2.000000,1.509000,-44188750.000000,-1.378000,1.000000,70620000.000000,1.000000,20388750.000000,696250.000000,12517500.000000,7777500.000000,0.000000,0.000000,0.000000,0.000000,28280000.000000,21126250.000000,7153750.000000,10391250.000000,-315000.000000,57055000.000000,,,54898750.000000,-513750.000000,,-43993750.000000,701250.000000,12357500.000000,12357500.000000,12357500.000000,0.000000,0.000000,0.175000,66241250.000000,4378750.000000,14553750.000000,0.000000,0.836000,4.724000,2.427000,1011250.000000,0.000000,1.820000,0.827000,0.827000,22242500.000000,-92107500.000000,70620000.000000,70620000.000000,64318750.000000,0.139000,0.276000,1.152000,0.127000,7787500.000000,20263750.000000,1.000000,32077976.000000,32077976.000000,,2.202000,77741250.000000,10390000.000000,-4097500.000000,2750000.000000,2.424000
ARY,2018-12-31,2019-03-29,2019-01-31,2019-FY,42331250.000000,58702696.000000,2025-05-01,70000.000000,74708750.000000,89010625.000000,58416250.000000,16292500.000000,0.604000,1.658000,-148750.000000,33572500.000000,33572500.000000,0.000000,9408750.000000,3.632000,0.405000,0.000000,0.000000,0.000000,0.000000,5256250.000000,1422500.000000,0.000000,0.000000,0.000000,6818750.000000,8241250.000000,0.153000,8241250.000000,6818750.000000,6288750.000000,0.562000,0.562000,0.562000,53177500.000000,44696875.000000,53177500.000000,25130196.000000,4.000000,3.049000,-33642500.000000,-1.049000,1.000000,53765000.000000,1.000000,15522500.000000,530000.000000,9528750.000000,7777500.000000,0.000000,0.000000,0.000000,0.000000,21531250.000000,16085000.000000,5446250.000000,7911250.000000,-240000.000000,43437500.000000,0.000000,0.000000,41796250.000000,-391250.000000,0.000000,-33493750.000000,533750.000000,9408750.000000,9408750.000000,9408750.000000,0.000000,0.000000,0.175000,50431250.000000,3333750.000000,11081250.000000,0.000000,1.104000,6.239000,3.256000,770000.000000,0.000000,1.830000,1.092000,1.092000,16933750.000000,-70123750.000000,53765000.000000,53765000.000000,48967500.000000,0.106000,0.211000,0.877000,0.127000,5928750.000000,15427500.000000,1.000000,32077976.000000,32077976.000000,,1.676000,59186250.000000,7910000.000000,-3120000.000000,2093750.000000,1.845000
ARY,2019-12-31,2020-04-30,2019-12-31,2019-FY,63247500.000000,251917711.000000,2025-05-01,70000.000000,91403750.000000,,75240000.000000,16163750.000000,,,-265000.000000,60521250.000000,60521250.000000,,,6.274000,0.235000,847500.000000,447500.000000,400000.000000,847500.000000,1887500.000000,2128750.000000,0.000000,0.000000,0.000000,,,,,,,,,,74031250.000000,,74031250.000000,192243961.000000,,,-26248750.000000,-0.391000,1.000000,,,14705000.000000,,5032500.000000,,0.000000,0.000000,0.000000,0.000000,17372500.000000,11992500.000000,5380000.000000,34325000.000000,-910000.000000,62501250.000000,-593750.000000,,60745000.000000,-436250.000000,,-25983750.000000,1433750.000000,,,,,,,,,10025000.000000,,3.403000,,,1458750.000000,,3.750000,,,10145000.000000,-97032500.000000,,,,,,,,1097500.000000,,1.000000,67178056.000000,67178056.000000,,,76698750.000000,4573750.000000,,1950000.000000,
ARY,2020-12-31,2021-03-31,2020-12-31,2020-FY,67784000.000000,486718029.000000,2025-05-01,-3794000.000000,102498000.000000,96950875.000000,87674000.000000,14824000.000000,0.009000,1.143000,-421000.000000,66417000.000000,66417000.000000,0.000000,-52697000.000000,4.408000,0.290000,465000.000000,390000.000000,75000.000000,465000.000000,8939000.000000,2003000.000000,0.000000,0.000000,0.000000,-52910000.000000,-50907000.000000,-59.194000,-50907000.000000,-52910000.000000,-52910000.000000,-0.008000,-0.008000,-0.008000,79453000.000000,76742125.000000,79453000.000000,420766029.000000,-8.000000,-8.265000,-48532000.000000,-0.698000,1.000000,860000.000000,1.000000,13545000.000000,0.000000,3111000.000000,4071750.000000,0.000000,0.000000,0.000000,0.000000,23045000.000000,19890000.000000,3155000.000000,2575000.000000,0.000000,50551000.000000,0.000000,0.000000,50551000.000000,-421000.000000,0.000000,-48111000.000000,556000.000000,-52697000.000000,-52697000.000000,-52697000.000000,0.000000,0.000000,-61.276000,54053000.000000,-53193000.000000,6140000.000000,0.000000,6.126000,-9.236000,-733.750000,1279000.000000,0.000000,5.870000,565.951000,474.543000,331000.000000,-210946000.000000,860000.000000,860000.000000,53274000.000000,-0.544000,-0.687000,-12.994000,-61.523000,1766000.000000,19232000.000000,1.000000,82916189.000000,69524148.000000,69524148.000000,0.012000,88953000.000000,9856000.000000,-213000.000000,0.000000,1.279000
ARY,2021-12-31,2022-03-17,2021-12-31,2021-FY,71689000.000000,307122974.000000,2025-05-01,-2197000.000000,113374000.000000,132089500.000000,97312000.000000,16062000.000000,0.014000,0.903000,-306000.000000,71791000.000000,71791000.000000,0.000000,-88602000.000000,3.798000,0.361000,2782000.000000,1091000.000000,1691000.000000,2782000.000000,7939000.000000,2455000.000000,0.000000,0.000000,0.000000,-88602000.000000,-86147000.000000,-47.621000,-86147000.000000,-88602000.000000,-88602000.000000,-0.010000,-0.010000,-0.010000,83284000.000000,92353500.000000,83284000.000000,238113974.000000,-3.000000,-2.764000,-72893000.000000,-0.790000,1.000000,1809000.000000,1.000000,12408000.000000,0.000000,6334000.000000,9722250.000000,0.000000,0.000000,0.000000,0.000000,30090000.000000,25623000.000000,4467000.000000,5374000.000000,0.000000,77970000.000000,-54000.000000,0.000000,77916000.000000,-306000.000000,0.000000,-72587000.000000,351000.000000,-88602000.000000,-88602000.000000,-88602000.000000,0.000000,0.000000,-48.978000,87995000.000000,-86186000.000000,4374000.000000,0.000000,3.688000,-3.466000,-313.000000,3484000.000000,0.000000,3.130000,169.775000,159.596000,1464000.000000,-299548000.000000,1809000.000000,1809000.000000,85352000.000000,-0.671000,-0.959000,-9.113000,-48.978000,12804000.000000,23611000.000000,1.000000,98122356.000000,92239306.000000,92239306.000000,0.020000,100966000.000000,15695000.000000,0.000000,0.000000,1.095000
ARY,2022-12-31,2023-03-09,2022-12-31,2022-FY,617930000.000000,990713218.000000,2025-05-01,-1893000.000000,664168000.000000,257921250.000000,656712000.000000,7456000.000000,0.003000,0.655000,-624000.000000,648607000.000000,648607000.000000,0.000000,-78782000.000000,16.933000,4.244000,518763000.000000,21460000.000000,497303000.000000,518763000.000000,0.000000,2514000.000000,0.000000,0.000000,0.000000,-78782000.000000,-76268000.000000,-108.182000,-76268000.000000,-78782000.000000,-78782000.000000,-0.004000,-0.004000,-0.004000,126654000.000000,93906500.000000,126654000.000000,860869218.000000,-11.000000,-11.287000,-42206000.000000,-0.218000,1.000000,705000.000000,1.000000,1798000.000000,0.000000,493744000.000000,144243500.000000,0.000000,0.000000,0.000000,0.000000,537514000.000000,38782000.000000,498732000.000000,576816000.000000,0.000000,100288000.000000,519956000.000000,0.000000,620244000.000000,-624000.000000,0.000000,-41582000.000000,-1222000.000000,-78782000.000000,-78782000.000000,-78782000.000000,0.000000,0.000000,-111.748000,72794000.000000,-72089000.000000,355000.000000,0.000000,7.822000,-12.575000,-355.000000,5081000.000000,0.000000,1.420000,1405.267000,389.415000,349000.000000,-378330000.000000,705000.000000,705000.000000,51999000.000000,-0.305000,-0.839000,-0.546000,-111.748000,11948000.000000,26743000.000000,1.000000,697685365.000000,193336063.000000,193336063.000000,0.004000,662370000.000000,5766000.000000,0.000000,0.000000,3.426000
ARY,2023-12-31,2024-02-20,2023-12-31,2023-FY,169307000.000000,2624347449.000000,2025-05-01,-2448000.000000,202949000.000000,228423500.000000,189712000.000000,13237000.000000,0.000000,0.125000,98000.000000,71425000.000000,71425000.000000,0.000000,-614928000.000000,9.297000,1.612000,106099000.000000,2809000.000000,103290000.000000,106099000.000000,0.000000,2050000.000000,0.000000,0.000000,0.000000,-614928000.000000,-612878000.000000,,-612878000.000000,-614928000.000000,-614928000.000000,-0.010000,-0.010000,-0.010000,77692000.000000,107538000.000000,77692000.000000,2659021449.000000,-4.000000,-4.339000,-76662000.000000,-0.124000,1.000000,0.000000,,1893000.000000,0.000000,215325000.000000,239660750.000000,0.000000,114817000.000000,114817000.000000,0.000000,125257000.000000,20405000.000000,104852000.000000,-577182000.000000,-475015000.000000,111199000.000000,-24686000.000000,0.000000,86513000.000000,-587774000.000000,-112857000.000000,-76760000.000000,839000.000000,-614928000.000000,-614928000.000000,-614928000.000000,0.000000,0.000000,,609650000.000000,-609650000.000000,2667000.000000,0.000000,33.779000,-4.268000,-374.000000,6063000.000000,0.000000,3.740000,,,0.000000,-993258000.000000,0.000000,0.000000,59471000.000000,-2.692000,-5.718000,-2.566000,,14108000.000000,30265000.000000,1.000000,701697179.000000,619646180.000000,619646180.000000,0.000000,201056000.000000,1807000.000000,0.000000,0.000000,0.324000
ARY,2024-12-31,2025-02-24,2024-12-31,2024-FY,382021000.000000,13897885623.000000,2025-05-01,-2285000.000000,435560000.000000,364262250.000000,423750000.000000,11810000.000000,0.000000,0.541000,-139000.000000,105187000.000000,105187000.000000,0.000000,-221315000.000000,10.155000,0.120000,7218000.000000,3765000.000000,3453000.000000,7218000.000000,0.000000,89000.000000,0.000000,0.000000,0.000000,-212629000.000000,-212540000.000000,,-212540000.000000,-212629000.000000,-221315000.000000,-0.003000,-0.003000,-0.003000,388748000.000000,266488250.000000,388748000.000000,13799916623.000000,-65.000000,-64.929000,-142245000.000000,-0.198000,1.000000,0.000000,,1864000.000000,8686000.000000,293998000.000000,288347250.000000,0.000000,307487000.000000,307487000.000000,0.000000,46812000.000000,41729000.000000,5083000.000000,33762000.000000,-15007000.000000,481227000.000000,-100000000.000000,0.000000,381227000.000000,-205341000.000000,-190195000.000000,-142106000.000000,-18000.000000,-221315000.000000,-221315000.000000,-221315000.000000,0.000000,0.000000,,225998000.000000,-225998000.000000,4636000.000000,0.000000,35.750000,-62.797000,-6280.000000,7398000.000000,0.000000,18.840000,,,0.000000,-1214573000.000000,0.000000,0.000000,150777000.000000,-0.608000,-0.830000,-0.737000,,50981000.000000,60527000.000000,1.000000,737679704.000000,718541896.000000,718541896.000000,0.000000,433696000.000000,1255000.000000,0.000000,0.000000,0.604000
MRQ,2013-12-31,2014-01-31,2014-01-31,2014-Q4,1532500.000000,,2025-05-01,0.000000,9118750.000000,,3868750.000000,5250000.000000,,0.510000,108750.000000,2537500.000000,2537500.000000,0.000000,-2845000.000000,1.656000,0.532000,0.000000,0.000000,0.000000,0.000000,0.000000,-2500.000000,0.000000,,0.000000,-3005000.000000,-3007500.000000,,-3007500.000000,-3005000.000000,-3005000.000000,-1.863000,-1.863000,-1.863000,5952500.000000,,5952500.000000,,,,-3035000.000000,-0.260000,1.000000,0.000000,,5196250.000000,0.000000,-951250.000000,,0.000000,0.000000,0.000000,0.000000,3166250.000000,2336250.000000,830000.000000,-3045000.000000,0.000000,48750.000000,0.000000,0.000000,0.000000,98750.000000,0.000000,-3143750.000000,0.000000,-2845000.000000,-2845000.000000,-2845000.000000,0.000000,0.000000,,3007500.000000,-3007500.000000,2315000.000000,0.000000,,,,53750.000000,0.000000,,,,538750.000000,-56478750.000000,0.000000,0.000000,2806250.000000,,,,,70000.000000,777500.000000,1.000000,11673539.000000,11673539.000000,,0.000000,3922500.000000,792500.000000,-160000.000000,830000.000000,0.336000
MRQ,2014-03-31,2014-04-30,2014-04-30,2015-Q1,,,2025-05-01,,,,,,,,-12500.000000,,,0.000000,-3280000.000000,,,,,,,,6250.000000,,,0.000000,-3520000.000000,-3513750.000000,,-3513750.000000,-3520000.000000,-3520000.000000,,,,,,,,,,-1807500.000000,-0.155000,1.000000,0.000000,,,0.000000,,,,,,,,,,24098750.000000,,27500000.000000,,,25902500.000000,-8750.000000,,-1795000.000000,0.000000,-3280000.000000,-3280000.000000,-3280000.000000,0.000000,0.000000,,3523750.000000,-3523750.000000,,,,,,,0.000000,,,,,,0.000000,0.000000,3201250.000000,,,,,287500.000000,1122500.000000,1.000000,11673539.000000,11673539.000000,,0.000000,,,-240000.000000,,
MRQ,2014-06-30,2014-07-31,2014-07-31,2015-Q2,,,2025-05-01,,,,,,,,-7500.000000,,,0.000000,-4102500.000000,,,,,,,,6250.000000,,,0.000000,-4445000.000000,-4438750.000000,,-4438750.000000,-4445000.000000,-4445000.000000,,,,,,,,,,-4836250.000000,-0.414000,1.000000,0.000000,,,0.000000,,,,,,,,,,-4833750.000000,,0.000000,,,-25000.000000,20000.000000,,-4828750.000000,0.000000,-4102500.000000,-4102500.000000,-4102500.000000,0.000000,0.000000,,4472500.000000,-4472500.000000,,,,,,,0.000000,,,,,,0.000000,0.000000,3106250.000000,,,,,270000.000000,1996250.000000,1.000000,11673539.000000,11673539.000000,,0.000000,,,-342500.000000,,
MRQ,2014-09-30,2014-10-31,2014-10-31,2015-Q3,17658750.000000,,2025-05-01,10000.000000,26650000.000000,,21401250.000000,5248750.000000,,1.891000,-8750.000000,18766250.000000,18766250.000000,0.000000,-3058750.000000,5.718000,0.207000,0.000000,0.000000,0.000000,0.000000,0.000000,7500.000000,0.000000,,0.000000,-3448750.000000,-3441250.000000,,-3441250.000000,-3448750.000000,-3448750.000000,,,,22077500.000000,,22077500.000000,,,,-2858750.000000,-0.245000,1.000000,0.000000,,5187500.000000,0.000000,-1046250.000000,,0.000000,0.000000,0.000000,0.000000,4572500.000000,3742500.000000,830000.000000,-3036250.000000,,32500.000000,,,-197500.000000,11250.000000,,-2850000.000000,0.000000,-3058750.000000,-3058750.000000,-3058750.000000,0.000000,0.000000,,3468750.000000,-3468750.000000,3155000.000000,,,,,61250.000000,0.000000,,,,1675000.000000,-9065000.000000,0.000000,0.000000,3245000.000000,,,,,318750.000000,798750.000000,1.000000,11673539.000000,11673539.000000,,0.000000,21462500.000000,960000.000000,-390000.000000,830000.000000,1.839000
MRQ,2014-12-31,2015-01-31,2015-01-31,2015-Q4,14530000.000000,,2025-05-01,77500.000000,24245000.000000,,18992500.000000,5252500.000000,,1.388000,-15000.000000,14081250.000000,14081250.000000,0.000000,-3788750.000000,4.256000,0.496000,2693750.000000,0.000000,2693750.000000,2693750.000000,0.000000,21250.000000,0.000000,,0.000000,-3813750.000000,-3792500.000000,,-3792500.000000,-3813750.000000,-4437500.000000,-1.799000,-1.799000,-1.799000,16202500.000000,,16202500.000000,,,,-5125000.000000,-0.439000,1.000000,0.000000,,5183750.000000,623750.000000,3211250.000000,,0.000000,0.000000,0.000000,0.000000,8042500.000000,4462500.000000,3580000.000000,-4685000.000000,0.000000,0.000000,0.000000,0.000000,-395000.000000,-2500.000000,0.000000,-5110000.000000,0.000000,-3788750.000000,-3788750.000000,-3788750.000000,0.000000,0.000000,,3826250.000000,-3826250.000000,4462500.000000,0.000000,,,,68750.000000,0.000000,,,,3287500.000000,-15332500.000000,0.000000,0.000000,3468750.000000,,,,,325000.000000,712500.000000,1.000000,11673539.000000,11673539.000000,,0.000000,19061250.000000,1623750.000000,-648750.000000,830000.000000,1.633000
MRQ,2015-03-31,2015-04-30,2015-04-30,2016-Q1,58111250.000000,121871751.000000,2025-05-01,147500.000000,71458750.000000,,63397500.000000,8061250.000000,,5.560000,-21250.000000,56357500.000000,56357500.000000,0.000000,-4207500.000000,11.993000,0.101000,0.000000,0.000000,0.000000,0.000000,0.000000,11250.000000,0.000000,0.000000,0.000000,-4741250.000000,-4730000.000000,,-4730000.000000,-4741250.000000,-4741250.000000,-0.562000,-0.562000,-0.562000,64900000.000000,,64900000.000000,103105501.000000,-6.000000,-6.286000,-4851250.000000,-0.416000,1.000000,0.000000,,7940000.000000,0.000000,1875000.000000,,0.000000,0.000000,0.000000,0.000000,6558750.000000,5286250.000000,1272500.000000,22686250.000000,,32643750.000000,,,27528750.000000,-12500.000000,,-4830000.000000,0.000000,-4207500.000000,-4207500.000000,-4207500.000000,0.000000,0.000000,,4750000.000000,-4750000.000000,5188750.000000,0.000000,1.878000,-8.040000,,121250.000000,0.000000,10.440000,,,3675000.000000,-26111250.000000,0.000000,0.000000,3916250.000000,,,,,295000.000000,1343750.000000,1.000000,11673539.000000,11673539.000000,,0.000000,63518750.000000,3365000.000000,-533750.000000,1272500.000000,5.441000
MRQ,2015-06-30,2015-07-31,2015-07-31,2016-Q2,52133750.000000,151172335.000000,2025-05-01,127500.000000,65667500.000000,,57455000.000000,8212500.000000,,5.058000,-8750.000000,51660000.000000,51660000.000000,0.000000,-5041250.000000,10.797000,0.112000,0.000000,0.000000,0.000000,0.000000,0.000000,10000.000000,0.000000,0.000000,0.000000,-5987500.000000,-5977500.000000,,-5977500.000000,-5987500.000000,-5987500.000000,-0.688000,-0.688000,-0.688000,59048750.000000,,59048750.000000,94814835.000000,-5.000000,-5.285000,-3876250.000000,-0.332000,1.000000,0.000000,,8095000.000000,0.000000,591250.000000,,0.000000,0.000000,0.000000,0.000000,6618750.000000,5321250.000000,1297500.000000,-3723750.000000,,260000.000000,,,141250.000000,2500.000000,,-3867500.000000,0.000000,-5041250.000000,-5041250.000000,-5041250.000000,0.000000,0.000000,,5998750.000000,-5998750.000000,5206250.000000,0.000000,2.560000,-9.392000,,117500.000000,0.000000,12.950000,,,3613750.000000,-34513750.000000,0.000000,0.000000,5280000.000000,,,,,342500.000000,1252500.000000,1.000000,11673539.000000,11673539.000000,,0.000000,57572500.000000,2181250.000000,-946250.000000,1297500.000000,4.932000
MRQ,2015-09-30,2015-10-31,2015-10-31,2016-Q3,43157500.000000,117902748.000000,2025-05-01,116250.000000,56840000.000000,,48686250.000000,8153750.000000,,4.286000,-43750.000000,42840000.000000,42840000.000000,0.000000,-6618750.000000,8.806000,0.136000,0.000000,0.000000,0.000000,0.000000,0.000000,12500.000000,0.000000,0.000000,0.000000,-6836250.000000,-6823750.000000,,-6823750.000000,-6836250.000000,-7570000.000000,-0.750000,-0.750000,-0.750000,50028750.000000,,50028750.000000,66242748.000000,-3.000000,-3.107000,-7067500.000000,-0.605000,1.000000,0.000000,,7993750.000000,733750.000000,477500.000000,,0.000000,0.000000,0.000000,0.000000,6811250.000000,5528750.000000,1282500.000000,-5306250.000000,,0.000000,,,0.000000,-33750.000000,,-7023750.000000,0.000000,-6618750.000000,-6618750.000000,-6618750.000000,0.000000,0.000000,,6846250.000000,-6846250.000000,5401250.000000,0.000000,2.357000,-5.998000,-2.659000,160000.000000,0.000000,10.100000,,,2208750.000000,-43091250.000000,0.000000,0.000000,5627500.000000,,,,,451250.000000,1626250.000000,1.000000,11673539.000000,11673539.000000,,0.000000,48846250.000000,3637500.000000,-951250.000000,1282500.000000,4.184000
MRQ,2015-12-31,2016-01-31,2016-01-31,2016-Q4,22038750.000000,105061855.000000,2025-05-01,26250.000000,31321250.000000,,26046250.000000,5275000.000000,,1.722000,-8750.000000,20380000.000000,20380000.000000,0.000000,-9303750.000000,6.499000,0.558000,6292500.000000,0.000000,6292500.000000,6292500.000000,0.000000,26250.000000,0.000000,0.000000,0.000000,-7830000.000000,-7803750.000000,,-7803750.000000,-7830000.000000,-10695000.000000,-0.125000,-0.125000,-0.125000,20100000.000000,,20100000.000000,62221855.000000,-2.000000,-2.456000,-5765000.000000,-0.494000,1.000000,0.000000,,5171250.000000,2865000.000000,8055000.000000,,0.000000,0.000000,0.000000,0.000000,11221250.000000,4007500.000000,7213750.000000,-7508750.000000,,0.000000,,,0.000000,-1250.000000,,-5756250.000000,151250.000000,-9303750.000000,-9303750.000000,-9303750.000000,0.000000,0.000000,,7837500.000000,-7837500.000000,4007500.000000,0.000000,5.227000,-4.174000,-4.235000,103750.000000,0.000000,9.000000,,,1898750.000000,-40503750.000000,0.000000,0.000000,6246250.000000,,,,,361250.000000,1741250.000000,1.000000,11673539.000000,11673539.000000,,0.000000,26150000.000000,3767500.000000,-1391250.000000,830000.000000,2.240000
MRQ,2016-03-31,2016-04-30,2016-04-30,2017-Q1,23570000.000000,116501923.000000,2025-05-01,30000.000000,37035000.000000,,29305000.000000,7730000.000000,,2.565000,-8750.000000,18312500.000000,18312500.000000,0.000000,-6793750.000000,5.110000,0.237000,0.000000,0.000000,0.000000,0.000000,0.000000,13750.000000,0.000000,0.000000,0.000000,-7720000.000000,-7706250.000000,,-7706250.000000,-7720000.000000,-7962500.000000,-0.812000,-0.812000,-0.812000,29937500.000000,,29937500.000000,73661923.000000,-3.000000,-2.602000,-7968750.000000,-0.683000,1.000000,0.000000,,7587500.000000,242500.000000,5400000.000000,,0.000000,0.000000,0.000000,0.000000,7097500.000000,5735000.000000,1362500.000000,-7831250.000000,,133750.000000,,,133750.000000,-5000.000000,,-7960000.000000,-62500.000000,-6793750.000000,-6793750.000000,-6793750.000000,0.000000,0.000000,,7723750.000000,-7723750.000000,5735000.000000,0.000000,3.892000,-4.197000,-4.202000,142500.000000,0.000000,9.980000,,,3747500.000000,-59745000.000000,0.000000,0.000000,6007500.000000,,,,,420000.000000,1790000.000000,1.000000,11673539.000000,11673539.000000,,0.000000,29447500.000000,7245000.000000,-1168750.000000,1216250.000000,2.523000
MRQ,2016-06-30,2016-07-31,2016-07-31,2017-Q2,11760000.000000,85807036.000000,2025-05-01,61250.000000,24266250.000000,,17253750.000000,7012500.000000,,1.430000,-26250.000000,11603750.000000,11603750.000000,0.000000,-8035000.000000,3.141000,0.384000,0.000000,0.000000,0.000000,0.000000,0.000000,15000.000000,0.000000,0.000000,0.000000,-9117500.000000,-9102500.000000,,-9102500.000000,-9117500.000000,-9380000.000000,-0.812000,0.000000,-0.812000,17530000.000000,,17530000.000000,67494536.000000,-2.000000,-2.147000,-7661250.000000,-0.625000,1.000000,0.000000,,6866250.000000,262500.000000,302500.000000,,0.000000,0.000000,0.000000,0.000000,6736250.000000,5493750.000000,1242500.000000,-3870000.000000,,3750.000000,,,32500.000000,-23750.000000,,-7635000.000000,128750.000000,-8035000.000000,-8035000.000000,-8035000.000000,0.000000,0.000000,,9120000.000000,-9120000.000000,5493750.000000,0.000000,4.895000,-2.790000,-2.800000,146250.000000,0.000000,7.000000,,,2296250.000000,-64366250.000000,0.000000,0.000000,6748750.000000,,,,,535000.000000,2387500.000000,1.000000,12258148.000000,12258148.000000,,0.000000,17400000.000000,3353750.000000,-1345000.000000,1101250.000000,1.419000
MRQ,2016-09-30,2016-10-31,2016-10-31,2017-Q3,43708750.000000,144278402.000000,2025-05-01,98750.000000,65570000.000000,,59081250.000000,6488750.000000,,0.136000,-18750.000000,52866250.000000,52866250.000000,0.000000,-5727500.000000,3.843000,38.441000,8706250.000000,0.000000,8706250.000000,8706250.000000,49235000.000000,17500.000000,0.000000,0.000000,0.000000,-6605000.000000,-6587500.000000,-9.149000,-6587500.000000,-6605000.000000,-6908750.000000,-0.562000,0.000000,-0.562000,1662500.000000,,1662500.000000,132674652.000000,-4.000000,-4.252000,34231250.000000,2.793000,1.000000,720000.000000,1.000000,6315000.000000,303750.000000,-277500.000000,,0.000000,0.000000,0.000000,0.000000,63907500.000000,15372500.000000,48535000.000000,34565000.000000,,331250.000000,,,331250.000000,-16250.000000,,34250000.000000,-20000.000000,-5727500.000000,-5727500.000000,-5727500.000000,0.000000,0.000000,-7.955000,7326250.000000,-6606250.000000,4822500.000000,0.000000,86.784000,-4.832000,-5.091000,173750.000000,0.000000,11.770000,200.387000,200.387000,1685000.000000,-74568750.000000,720000.000000,720000.000000,4943750.000000,,,,,341250.000000,2382500.000000,1.000000,12258148.000000,12258148.000000,,0.059000,59255000.000000,4530000.000000,-1181250.000000,1013750.000000,4.834000
MRQ,2016-12-31,2017-01-31,2017-01-31,2017-Q4,28051250.000000,128342810.000000,2025-05-01,62500.000000,46983750.000000,,41671250.000000,5312500.000000,,-0.356000,-47500.000000,35077500.000000,35077500.000000,0.000000,-6157500.000000,3.060000,-11.761000,7398750.000000,0.000000,7398750.000000,7398750.000000,38158750.000000,26250.000000,0.000000,0.000000,0.000000,-7613750.000000,-7587500.000000,-3.513000,-7587500.000000,-7613750.000000,-7882500.000000,0.000000,-1.375000,0.000000,-4366250.000000,,-4366250.000000,84182810.000000,-3.000000,-2.717000,-3526250.000000,-0.288000,1.000000,2160000.000000,1.000000,5167500.000000,268750.000000,517500.000000,,0.000000,0.000000,0.000000,0.000000,51350000.000000,13620000.000000,37730000.000000,-7271250.000000,,18750.000000,,,18750.000000,-55000.000000,,-3478750.000000,-941250.000000,-6157500.000000,-6157500.000000,-6157500.000000,0.000000,0.000000,-2.851000,9776250.000000,-7616250.000000,4980000.000000,,-29.394000,-4.804000,-4.785000,145000.000000,0.000000,10.470000,44.563000,44.563000,1283750.000000,-67217500.000000,2160000.000000,2160000.000000,5990000.000000,,,,,427500.000000,3786250.000000,1.000000,12258148.000000,12258148.000000,,0.176000,41816250.000000,5310000.000000,-1725000.000000,706250.000000,3.411000
MRQ,2017-03-31,2017-04-30,2017-04-30,2018-Q1,26113750.000000,136051445.000000,2025-05-01,56250.000000,49978750.000000,,42591250.000000,7387500.000000,,-4.041000,-350000.000000,31312500.000000,31312500.000000,0.000000,-5951250.000000,2.585000,-1.258000,9935000.000000,0.000000,9935000.000000,9935000.000000,46573750.000000,28750.000000,0.000000,0.000000,0.000000,-7175000.000000,-7146250.000000,-3.308000,-7146250.000000,-7175000.000000,-7455000.000000,-0.625000,-0.625000,-0.625000,-49978750.000000,,-49978750.000000,108372695.000000,-4.000000,-3.562000,-10290000.000000,-0.832000,1.000000,2160000.000000,1.000000,6623750.000000,280000.000000,5500000.000000,,0.000000,0.000000,0.000000,0.000000,62883750.000000,16477500.000000,46406250.000000,-10272500.000000,,16250.000000,,,16250.000000,-348750.000000,,-9940000.000000,-602500.000000,-5951250.000000,-5951250.000000,-5951250.000000,0.000000,0.000000,-2.755000,9336250.000000,-7176250.000000,5162500.000000,0.000000,-2.722000,-5.259000,-5.500000,763750.000000,0.000000,11.000000,26.994000,26.994000,2440000.000000,-94666250.000000,2160000.000000,2160000.000000,6293750.000000,,,,,346250.000000,3042500.000000,1.000000,12368313.000000,12368313.000000,,0.175000,43355000.000000,8838750.000000,-1503750.000000,913750.000000,3.505000
MRQ,2017-06-30,2017-07-31,2017-07-31,2018-Q2,43021250.000000,172909019.000000,2025-05-01,68750.000000,67888750.000000,,60212500.000000,7676250.000000,,0.467000,-96250.000000,46666250.000000,46666250.000000,0.000000,-4101250.000000,3.503000,10.761000,10493750.000000,0.000000,10493750.000000,10493750.000000,44653750.000000,43750.000000,0.000000,0.000000,0.000000,-5431250.000000,-5387500.000000,-0.907000,-5387500.000000,-5431250.000000,-5705000.000000,1.438000,0.000000,1.438000,5772500.000000,,5772500.000000,151531519.000000,-6.000000,-5.673000,11906250.000000,0.963000,1.000000,5937500.000000,1.000000,6752500.000000,273750.000000,7772500.000000,,0.000000,0.000000,0.000000,0.000000,62116250.000000,17191250.000000,44925000.000000,11806250.000000,,26250.000000,,,26250.000000,-95000.000000,,12002500.000000,-645000.000000,-4101250.000000,-4101250.000000,-4101250.000000,0.000000,0.000000,-0.691000,11370000.000000,-5432500.000000,5790000.000000,0.000000,29.954000,-7.882000,55.920000,923750.000000,0.000000,13.980000,15.751000,15.751000,2272500.000000,-78538750.000000,5937500.000000,5937500.000000,8260000.000000,,,,,662500.000000,3110000.000000,1.000000,12368313.000000,12368313.000000,,0.480000,61136250.000000,11273750.000000,-1603750.000000,931250.000000,4.943000
MRQ,2017-09-30,2017-10-31,2017-10-31,2018-Q3,55096250.000000,127146260.000000,2025-05-01,75000.000000,80803750.000000,,73071250.000000,7732500.000000,,2.162000,-52500.000000,52812500.000000,52812500.000000,0.000000,-1081250.000000,4.065000,2.022000,4307500.000000,0.000000,4307500.000000,4307500.000000,42072500.000000,43750.000000,0.000000,0.000000,0.000000,-2641250.000000,-2597500.000000,-0.789000,-2597500.000000,-2641250.000000,-2922500.000000,-0.250000,0.000000,-0.250000,26737500.000000,,26737500.000000,90973760.000000,-4.000000,-4.004000,-13011250.000000,-1.052000,1.000000,3292500.000000,1.000000,6791250.000000,281250.000000,7532500.000000,,0.000000,0.000000,0.000000,0.000000,54066250.000000,17975000.000000,36091250.000000,4232500.000000,,19123750.000000,,,17338750.000000,-51250.000000,,-12958750.000000,168750.000000,-1081250.000000,-1081250.000000,-1081250.000000,0.000000,0.000000,-0.328000,9790000.000000,-6497500.000000,6500000.000000,0.000000,4.755000,-7.353000,18.292000,941250.000000,0.000000,10.280000,9.383000,9.383000,6338750.000000,-81986250.000000,3292500.000000,3292500.000000,9281250.000000,,,,,627500.000000,2476250.000000,1.000000,12368313.000000,12368313.000000,,0.266000,74012500.000000,13920000.000000,-1841250.000000,937500.000000,5.984000
MRQ,2017-12-31,2018-01-31,2018-01-31,2018-Q4,16075000.000000,169816940.000000,2025-05-01,46250.000000,68966250.000000,,44803750.000000,24162500.000000,,-0.319000,48750.000000,25127500.000000,25127500.000000,0.000000,-14063750.000000,1.560000,-18.504000,5470000.000000,405000.000000,5065000.000000,5470000.000000,51380000.000000,383750.000000,0.000000,0.000000,0.000000,-13168750.000000,-12785000.000000,-3.149000,-12785000.000000,-13168750.000000,-13817500.000000,-2.500000,-1.312000,-2.500000,-3940000.000000,,-3940000.000000,121311940.000000,-4.000000,-4.346000,-7230000.000000,-0.585000,1.000000,4060000.000000,1.000000,21578750.000000,648750.000000,-998750.000000,,0.000000,0.000000,0.000000,0.000000,72906250.000000,28728750.000000,44177500.000000,-13298750.000000,,0.000000,,,-186250.000000,-6057500.000000,,-7278750.000000,-1338750.000000,-14063750.000000,-14063750.000000,-14063750.000000,0.000000,0.000000,-3.464000,17240000.000000,-13180000.000000,11031250.000000,0.000000,-43.101000,-6.739000,-7.085000,2583750.000000,0.000000,13.730000,10.991000,10.991000,13858750.000000,-92415000.000000,4060000.000000,4060000.000000,12388750.000000,,,,,372500.000000,6290000.000000,1.000000,12368313.000000,12368313.000000,,0.328000,47387500.000000,5817500.000000,246250.000000,2973750.000000,3.831000
MRQ,2018-03-31,2018-04-30,2018-04-30,2019-Q1,35817500.000000,191706804.000000,2025-05-01,76250.000000,109562500.000000,,78936250.000000,30626250.000000,,0.675000,-31250.000000,47587500.000000,47587500.000000,0.000000,-7302500.000000,1.831000,10.039000,5553750.000000,0.000000,5553750.000000,5553750.000000,66631250.000000,460000.000000,0.000000,0.000000,0.000000,-8235000.000000,-7775000.000000,-1.606000,-7775000.000000,-8235000.000000,-8485000.000000,-0.500000,-0.500000,-0.500000,9925000.000000,,9925000.000000,170441804.000000,-6.000000,-5.971000,-8726250.000000,-0.593000,1.000000,4842500.000000,1.000000,29325000.000000,250000.000000,-4915000.000000,,0.000000,0.000000,0.000000,0.000000,99637500.000000,43118750.000000,56518750.000000,8965000.000000,,18873750.000000,-105000.000000,,17696250.000000,-36250.000000,,-8695000.000000,513750.000000,-7302500.000000,-7302500.000000,-7302500.000000,0.000000,0.000000,-1.508000,13078750.000000,-8236250.000000,20463750.000000,0.000000,19.316000,-7.221000,-7.191000,1301250.000000,0.000000,13.030000,10.573000,10.573000,21610000.000000,-137165000.000000,4842500.000000,4842500.000000,14487500.000000,,,,,681250.000000,2910000.000000,1.000000,14712725.000000,14712725.000000,,0.329000,80237500.000000,9738750.000000,-1182500.000000,4088750.000000,5.454000
MRQ,2018-06-30,2018-07-31,2018-07-31,2019-Q2,39601250.000000,33839267.000000,2025-05-01,92500.000000,76742500.000000,,54513750.000000,22228750.000000,,3.686000,-31250.000000,28102500.000000,28102500.000000,0.000000,33292500.000000,3.656000,0.415000,0.000000,0.000000,0.000000,0.000000,5882500.000000,463750.000000,0.000000,0.000000,0.000000,34093750.000000,34557500.000000,0.728000,34557500.000000,34093750.000000,33906250.000000,2.000000,2.000000,2.000000,54231250.000000,,54231250.000000,-8194483.000000,-1.000000,-0.719000,-13572500.000000,-0.923000,1.000000,47447500.000000,1.000000,21077500.000000,187500.000000,12650000.000000,,0.000000,0.000000,0.000000,0.000000,22511250.000000,14912500.000000,7598750.000000,-13730000.000000,,1250.000000,-93750.000000,,-92500.000000,-30000.000000,,-13541250.000000,535000.000000,33292500.000000,33292500.000000,33292500.000000,0.000000,0.000000,0.702000,16835000.000000,30612500.000000,10803750.000000,0.000000,0.624000,3.120000,-1.840000,1151250.000000,0.000000,2.300000,0.567000,0.567000,18863750.000000,-87198750.000000,47447500.000000,47447500.000000,12317500.000000,,,,,772500.000000,2908750.000000,1.000000,14712725.000000,14712725.000000,,3.225000,55665000.000000,7547500.000000,613750.000000,2976250.000000,3.783000
MRQ,2018-09-30,2018-10-31,2018-10-31,2019-Q3,30687500.000000,25011632.000000,2025-05-01,98750.000000,71607500.000000,,50410000.000000,21197500.000000,,3.044000,-7500.000000,20836250.000000,20836250.000000,0.000000,-10168750.000000,2.556000,0.599000,0.000000,0.000000,0.000000,0.000000,11391250.000000,457500.000000,0.000000,0.000000,0.000000,-11687500.000000,-11230000.000000,-13.310000,-11230000.000000,-11687500.000000,-11762500.000000,-0.500000,-0.500000,-0.500000,44781250.000000,,44781250.000000,-3090868.000000,-3.000000,-1.117000,-5656250.000000,-0.384000,1.000000,843750.000000,1.000000,20191250.000000,75000.000000,10857500.000000,,0.000000,0.000000,0.000000,0.000000,26826250.000000,19722500.000000,7103750.000000,-5472500.000000,0.000000,2500.000000,-101250.000000,,-98750.000000,-6250.000000,,-5648750.000000,366250.000000,-10168750.000000,-10168750.000000,-10168750.000000,0.000000,0.000000,-12.052000,12531250.000000,-11687500.000000,8485000.000000,0.000000,0.559000,14.231000,-1.133000,1006250.000000,0.000000,1.700000,0.437000,0.437000,20472500.000000,-97883750.000000,843750.000000,843750.000000,10245000.000000,,,,,3875000.000000,5817500.000000,1.000000,14712725.000000,14712725.000000,,0.057000,51416250.000000,9101250.000000,-1593750.000000,2725000.000000,3.495000
MRQ,2018-12-31,2019-01-31,2019-01-31,2019-Q4,41978750.000000,19560568.000000,2025-05-01,70000.000000,75793750.000000,,58346250.000000,17447500.000000,,3.102000,-87000.000000,33572500.000000,33572500.000000,0.000000,-4952250.000000,3.565000,0.425000,1256250.000000,447500.000000,808750.000000,1256250.000000,5256250.000000,570750.000000,0.000000,0.000000,0.000000,-5088250.000000,-4517500.000000,-1.142000,-4517500.000000,-5088250.000000,-4575750.000000,-0.994000,-0.994000,-0.994000,53171250.000000,,53171250.000000,-1275682.000000,0.000000,-0.116000,-7308000.000000,-0.426000,1.000000,3954250.000000,1.000000,15522500.000000,-512500.000000,11587500.000000,,0.000000,0.000000,0.000000,0.000000,22622500.000000,16367500.000000,6255000.000000,16987500.000000,-167000.000000,25632500.000000,300000.000000,,27005000.000000,-258500.000000,,-7221000.000000,-3738000.000000,-4952250.000000,-4952250.000000,-4952250.000000,0.000000,0.000000,-1.252000,9254000.000000,-5299750.000000,10916250.000000,0.000000,0.368000,1.800000,221.583000,1925000.000000,0.000000,1.329000,0.343000,0.399000,16863750.000000,-70130000.000000,3954250.000000,3954250.000000,14953000.000000,,,,,966250.000000,5377750.000000,1.000000,14712725.000000,17140494.000000,,0.231000,60271250.000000,7910000.000000,376500.000000,2093750.000000,3.516000
MRQ,2019-03-31,2019-03-31,2019-03-31,2020-Q1,,58702696.000000,2025-05-01,,,,,,,,-64000.000000,,,0.000000,-5338000.000000,,,,,,,,357000.000000,,0.000000,0.000000,-6109000.000000,-5752000.000000,-15.339000,-5752000.000000,-6109000.000000,-6169000.000000,,,,,,,25130196.000000,,,-8168000.000000,-0.255000,1.000000,375000.000000,1.000000,,60000.000000,,,,,,,,,,10941000.000000,2000.000000,19648000.000000,-89000.000000,,19104000.000000,-62000.000000,,-8104000.000000,-617000.000000,-5338000.000000,-5338000.000000,-5338000.000000,0.000000,0.000000,-14.235000,6486000.000000,-6111000.000000,,,,,,,0.000000,1.830000,,,,,375000.000000,375000.000000,8693000.000000,,,,,260000.000000,2367000.000000,1.000000,32077976.000000,32077976.000000,,0.012000,,,-831000.000000,,
MRQ,2019-06-30,2019-07-31,2019-07-31,2020-Q2,31091250.000000,42342929.000000,2025-05-01,96250.000000,60528750.000000,,43692500.000000,16836250.000000,,1.313000,-142500.000000,26082500.000000,26082500.000000,0.000000,-6448750.000000,3.467000,0.437000,1055000.000000,447500.000000,607500.000000,1055000.000000,4661250.000000,435000.000000,0.000000,0.000000,0.000000,-7698750.000000,-7263750.000000,-46.119000,-7263750.000000,-7698750.000000,-7776250.000000,-0.188000,-0.188000,-0.188000,42131250.000000,,42131250.000000,8105429.000000,0.000000,-0.284000,-9861250.000000,-0.307000,1.000000,157500.000000,1.000000,15130000.000000,77500.000000,7770000.000000,,0.000000,0.000000,0.000000,0.000000,18397500.000000,12601250.000000,5796250.000000,-10785000.000000,,0.000000,-112500.000000,,-112500.000000,-267500.000000,,-9718750.000000,1473750.000000,-6448750.000000,-6448750.000000,-6448750.000000,0.000000,0.000000,-40.944000,7856250.000000,-7698750.000000,8120000.000000,0.000000,1.005000,-1.592000,-0.706000,1706250.000000,0.000000,1.320000,8.040000,8.040000,13348750.000000,-81126250.000000,157500.000000,157500.000000,11520000.000000,,,,,252500.000000,1505000.000000,1.000000,32077976.000000,32077976.000000,,0.005000,45398750.000000,4261250.000000,-1327500.000000,2015000.000000,1.415000
MRQ,2019-09-30,2019-09-30,2019-09-30,2020-Q3,,57419577.000000,2025-05-01,,,,,,,,,,,0.000000,-6376000.000000,,,,,,,,,,0.000000,0.000000,-6265000.000000,,,,-6265000.000000,-6265000.000000,-0.002000,-0.002000,-0.002000,,,,23182077.000000,,,,,1.000000,148000.000000,1.000000,,0.000000,,,,,,,,,,,,,,,,,,,,-6376000.000000,-6376000.000000,-6376000.000000,0.000000,0.000000,-43.081000,6338000.000000,-6190000.000000,,0.000000,,,,,0.000000,1.790000,,,,,148000.000000,148000.000000,9951000.000000,,,,,,2683000.000000,1.000000,32077976.000000,32077976.000000,,0.005000,,,111000.000000,,
MRQ,2019-12-31,2019-12-31,2019-12-31,2019-Q4,65861000.000000,51324762.000000,2025-05-01,-4764000.000000,96248000.000000,,79628000.000000,16620000.000000,,2.458000,,63842000.000000,63842000.000000,,,5.784000,0.220000,893000.000000,471000.000000,422000.000000,893000.000000,3108000.000000,,0.000000,0.000000,0.000000,,,,,,,,,,78863000.000000,,78863000.000000,35274762.000000,,,,,1.000000,,,15081000.000000,,4451000.000000,,0.000000,0.000000,0.000000,0.000000,17385000.000000,13767000.000000,3618000.000000,,,,,,,,,,,,,,,,,,,4471000.000000,,0.651000,,,1539000.000000,,1.600000,,,541000.000000,-158249000.000000,,,,,,,,,,1.000000,32077976.000000,32077976.000000,,,81167000.000000,5084000.000000,,0.000000,2.530000
MRQ,2020-03-31,2020-03-31,2020-03-31,2020-Q1,58236000.000000,76024804.000000,2025-05-01,85000.000000,89411000.000000,,73555000.000000,15856000.000000,,1.010000,-30000.000000,55296000.000000,55296000.000000,0.000000,-6134000.000000,4.802000,0.316000,792000.000000,418000.000000,374000.000000,792000.000000,3195000.000000,450000.000000,0.000000,0.000000,0.000000,-6079000.000000,-5629000.000000,-17.373000,-5629000.000000,-6079000.000000,-6079000.000000,-0.001000,-0.001000,-0.001000,67919000.000000,,67919000.000000,59974804.000000,,,-4989000.000000,-0.074000,1.000000,324000.000000,1.000000,14551000.000000,0.000000,5037000.000000,,0.000000,0.000000,0.000000,0.000000,21492000.000000,15319000.000000,6173000.000000,-8899000.000000,0.000000,3000.000000,0.000000,0.000000,3000.000000,-194000.000000,0.000000,-4959000.000000,-3749000.000000,-6134000.000000,-6134000.000000,-6134000.000000,0.000000,0.000000,-18.932000,9664000.000000,-9340000.000000,12645000.000000,0.000000,1.119000,,,1305000.000000,0.000000,2.370000,,,12179000.000000,-102742000.000000,324000.000000,324000.000000,12912000.000000,,,,,297000.000000,3572000.000000,1.000000,32077976.000000,67217701.000000,67217701.000000,0.005000,74860000.000000,6080000.000000,55000.000000,2127000.000000,1.114000
MRQ,2020-06-30,2020-06-30,2020-06-30,2020-Q2,,199518827.000000,2025-05-01,,,,,,,,-129000.000000,,,0.000000,-15279000.000000,,,,,,,,434000.000000,,0.000000,0.000000,-15470000.000000,-15036000.000000,-88.447000,-15036000.000000,-15470000.000000,-15470000.000000,-0.002000,-0.002000,-0.002000,,,,145014827.000000,,,-18661000.000000,-0.278000,1.000000,170000.000000,1.000000,,0.000000,,,,,,,,,,-18533000.000000,0.000000,0.000000,0.000000,0.000000,0.000000,-133000.000000,0.000000,-18532000.000000,132000.000000,-15279000.000000,-15279000.000000,-15279000.000000,0.000000,0.000000,-89.876000,15526000.000000,-15356000.000000,,0.000000,,,,,0.000000,2.970000,,,,,170000.000000,170000.000000,13572000.000000,,,,,530000.000000,5774000.000000,1.000000,67178056.000000,67231900.000000,67231900.000000,0.003000,,,-191000.000000,,
MRQ,2020-09-30,2020-09-30,2020-09-30,2020-Q3,27335000.000000,231092513.000000,2025-05-01,-7032000.000000,56865000.000000,,42077000.000000,14788000.000000,,0.548000,-212000.000000,21270000.000000,21270000.000000,0.000000,-17743000.000000,2.854000,0.543000,548000.000000,386000.000000,162000.000000,548000.000000,7826000.000000,462000.000000,0.000000,0.000000,0.000000,-17799000.000000,-17337000.000000,-95.785000,-17337000.000000,-17799000.000000,-17799000.000000,-0.003000,-0.003000,-0.003000,36861000.000000,,36861000.000000,176588513.000000,,,-16861000.000000,-0.251000,1.000000,181000.000000,1.000000,13436000.000000,0.000000,7965000.000000,,0.000000,0.000000,0.000000,0.000000,20004000.000000,14742000.000000,5262000.000000,-15140000.000000,0.000000,0.000000,0.000000,0.000000,0.000000,-44000.000000,0.000000,-16649000.000000,1553000.000000,-17743000.000000,-17743000.000000,-17743000.000000,0.000000,0.000000,-98.028000,17122000.000000,-16941000.000000,2493000.000000,0.000000,6.269000,,,1352000.000000,0.000000,3.440000,,,4080000.000000,-199174000.000000,181000.000000,181000.000000,13726000.000000,,,,,361000.000000,6846000.000000,1.000000,67178056.000000,67231900.000000,67231900.000000,0.003000,43429000.000000,7919000.000000,-56000.000000,2108000.000000,0.646000
MRQ,2020-12-31,2020-12-31,2020-12-31,2020-Q4,67784000.000000,386622019.000000,2025-05-01,-3794000.000000,102498000.000000,,87674000.000000,14824000.000000,,1.040000,-50000.000000,66417000.000000,66417000.000000,0.000000,-13541000.000000,4.408000,0.290000,465000.000000,390000.000000,75000.000000,465000.000000,8939000.000000,657000.000000,0.000000,0.000000,0.000000,-13562000.000000,-12905000.000000,-69.757000,-12905000.000000,-13562000.000000,-13562000.000000,-0.002000,-0.002000,-0.002000,79453000.000000,,79453000.000000,365900019.000000,-7.000000,-7.188000,-8021000.000000,-0.105000,1.000000,185000.000000,1.000000,13545000.000000,0.000000,3111000.000000,,0.000000,0.000000,0.000000,0.000000,23045000.000000,19890000.000000,3155000.000000,45147000.000000,0.000000,50548000.000000,0.000000,0.000000,50548000.000000,-50000.000000,0.000000,-7971000.000000,2620000.000000,-13541000.000000,-13541000.000000,-13541000.000000,0.000000,0.000000,-73.195000,11741000.000000,-11556000.000000,6140000.000000,0.000000,4.866000,-7.337000,-587.500000,1279000.000000,0.000000,4.700000,449.560000,379.958000,331000.000000,-210946000.000000,185000.000000,185000.000000,13064000.000000,,,,,578000.000000,3040000.000000,1.000000,82260004.000000,76415040.000000,76415040.000000,0.002000,88953000.000000,9856000.000000,-21000.000000,0.000000,1.164000
MRQ,2021-03-31,2021-03-31,2021-03-31,2021-Q1,52165000.000000,486718029.000000,2025-05-01,-3119000.000000,140794000.000000,,125217000.000000,15577000.000000,,0.778000,-39000.000000,102194000.000000,102194000.000000,0.000000,-17488000.000000,1.714000,1.186000,56370000.000000,56019000.000000,351000.000000,56370000.000000,7806000.000000,487000.000000,0.000000,0.000000,0.000000,-17488000.000000,-17001000.000000,-88.547000,-17001000.000000,-17488000.000000,-17488000.000000,-0.002000,-0.002000,-0.002000,64405000.000000,,64405000.000000,420766029.000000,-7.000000,-6.756000,-20708000.000000,-0.250000,1.000000,192000.000000,1.000000,13406000.000000,0.000000,8512000.000000,,0.000000,0.000000,0.000000,0.000000,76389000.000000,73052000.000000,3337000.000000,35777000.000000,0.000000,897000.000000,55000000.000000,0.000000,55897000.000000,-39000.000000,0.000000,-20669000.000000,588000.000000,-17488000.000000,-17488000.000000,-17488000.000000,0.000000,0.000000,-91.083000,17115000.000000,-16923000.000000,4114000.000000,0.000000,7.557000,-7.599000,-652.222000,2171000.000000,0.000000,5.870000,668.569000,667.775000,447000.000000,-228434000.000000,192000.000000,192000.000000,18379000.000000,,,,,868000.000000,4185000.000000,1.000000,82916189.000000,82817836.000000,82817836.000000,0.002000,127388000.000000,13596000.000000,0.000000,0.000000,1.538000
MRQ,2021-06-30,2021-06-30,2021-06-30,2021-Q2,99594000.000000,725444470.000000,2025-05-01,-2579000.000000,145517000.000000,,121482000.000000,24035000.000000,,1.297000,-151000.000000,103386000.000000,103386000.000000,0.000000,-24416000.000000,5.550000,0.218000,2154000.000000,1006000.000000,1148000.000000,2154000.000000,7505000.000000,665000.000000,0.000000,0.000000,0.000000,-24416000.000000,-23751000.000000,-416.684000,-23751000.000000,-24416000.000000,-24416000.000000,-0.003000,-0.003000,-0.003000,119427000.000000,,119427000.000000,679620470.000000,-9.000000,-9.573000,-19325000.000000,-0.210000,1.000000,57000.000000,1.000000,13218000.000000,0.000000,9179000.000000,,0.000000,0.000000,0.000000,0.000000,26090000.000000,21888000.000000,4202000.000000,1192000.000000,0.000000,75136000.000000,-55054000.000000,0.000000,20082000.000000,-151000.000000,0.000000,-19174000.000000,435000.000000,-24416000.000000,-24416000.000000,-24416000.000000,0.000000,0.000000,-428.351000,23787000.000000,-23730000.000000,6949000.000000,0.000000,6.074000,-9.912000,-828.889000,2969000.000000,0.000000,7.460000,1179.585000,1116.768000,1053000.000000,-252850000.000000,57000.000000,57000.000000,23923000.000000,,,,,3672000.000000,5984000.000000,1.000000,97244567.000000,92065957.000000,92065957.000000,0.001000,132299000.000000,18201000.000000,0.000000,0.000000,1.437000
MRQ,2021-09-30,2021-09-30,2021-09-30,2021-Q3,79421000.000000,487882688.000000,2025-05-01,-3442000.000000,128673000.000000,,102210000.000000,26463000.000000,,1.034000,4000.000000,80248000.000000,80248000.000000,0.000000,-19599000.000000,4.485000,0.258000,1837000.000000,941000.000000,896000.000000,1837000.000000,7511000.000000,632000.000000,0.000000,0.000000,0.000000,-19599000.000000,-18967000.000000,-14.490000,-18967000.000000,-19599000.000000,-19599000.000000,-0.002000,-0.002000,-0.002000,102298000.000000,,102298000.000000,386650688.000000,-5.000000,-5.324000,-23561000.000000,-0.238000,1.000000,1309000.000000,1.000000,12609000.000000,0.000000,14864000.000000,,0.000000,0.000000,0.000000,0.000000,26375000.000000,22789000.000000,3586000.000000,-23138000.000000,0.000000,676000.000000,0.000000,0.000000,676000.000000,4000.000000,0.000000,-23565000.000000,-253000.000000,-19599000.000000,-19599000.000000,-19599000.000000,0.000000,0.000000,-14.972000,20795000.000000,-19486000.000000,5875000.000000,0.000000,4.769000,-6.501000,-556.667000,2540000.000000,0.000000,5.010000,279.910000,284.486000,2290000.000000,-272449000.000000,1309000.000000,1309000.000000,19943000.000000,,,,,2644000.000000,5662000.000000,1.000000,97381774.000000,98973910.000000,98973910.000000,0.013000,116064000.000000,21386000.000000,0.000000,0.000000,1.173000
MRQ,2021-12-31,2021-12-31,2021-12-31,2021-Q4,71689000.000000,262851862.000000,2025-05-01,-2197000.000000,113374000.000000,,97312000.000000,16062000.000000,,0.632000,-120000.000000,71791000.000000,71791000.000000,0.000000,-27099000.000000,3.798000,0.361000,2782000.000000,1091000.000000,1691000.000000,2782000.000000,7939000.000000,671000.000000,0.000000,0.000000,0.000000,-27099000.000000,-26428000.000000,-105.291000,-26428000.000000,-27099000.000000,-27099000.000000,0.000000,0.000000,0.000000,83284000.000000,,83284000.000000,184440862.000000,-2.000000,-2.141000,-9299000.000000,-0.071000,1.000000,251000.000000,1.000000,12408000.000000,0.000000,6334000.000000,,0.000000,0.000000,0.000000,0.000000,30090000.000000,25623000.000000,4467000.000000,-8457000.000000,0.000000,1261000.000000,0.000000,0.000000,1261000.000000,-120000.000000,0.000000,-9179000.000000,-419000.000000,-27099000.000000,-27099000.000000,-27099000.000000,0.000000,0.000000,-107.964000,26298000.000000,-26047000.000000,4374000.000000,,3.156000,-2.967000,-384.286000,3484000.000000,0.000000,2.690000,145.302000,195.860000,1464000.000000,-299548000.000000,251000.000000,251000.000000,23107000.000000,,,,,5620000.000000,7780000.000000,1.000000,97714447.000000,131714225.000000,131714225.000000,0.002000,100966000.000000,15695000.000000,0.000000,0.000000,0.767000
MRQ,2022-03-31,2022-03-31,2022-03-31,2022-Q1,76711000.000000,240399772.000000,2025-05-01,-3957000.000000,116472000.000000,,99435000.000000,17037000.000000,,0.460000,-361000.000000,77450000.000000,77450000.000000,0.000000,-21397000.000000,4.376000,0.808000,27497000.000000,907000.000000,26590000.000000,27497000.000000,5097000.000000,615000.000000,0.000000,0.000000,0.000000,-21397000.000000,-20782000.000000,-83.128000,-20782000.000000,-21397000.000000,-21397000.000000,-0.002000,-0.002000,-0.002000,64407000.000000,,64407000.000000,171390772.000000,-2.000000,-1.906000,-19362000.000000,-0.138000,1.000000,250000.000000,1.000000,11819000.000000,0.000000,31976000.000000,,0.000000,0.000000,0.000000,0.000000,52065000.000000,22724000.000000,29341000.000000,5659000.000000,0.000000,187000.000000,25000000.000000,0.000000,25187000.000000,-361000.000000,0.000000,-19001000.000000,-166000.000000,-21397000.000000,-21397000.000000,-21397000.000000,0.000000,0.000000,-85.588000,22408000.000000,-22158000.000000,6959000.000000,0.000000,3.733000,-2.599000,-408.333000,3397000.000000,0.000000,2.450000,128.763000,183.770000,870000.000000,-320945000.000000,250000.000000,250000.000000,20556000.000000,,,,,3996000.000000,6659000.000000,1.000000,98122356.000000,140040370.000000,140040370.000000,0.002000,104653000.000000,16945000.000000,0.000000,0.000000,0.747000
MRQ,2022-06-30,2022-06-30,2022-06-30,2022-Q2,64225000.000000,98122356.000000,2025-05-01,-3168000.000000,95718000.000000,,79398000.000000,16320000.000000,,0.366000,-293000.000000,57335000.000000,57335000.000000,0.000000,-16771000.000000,5.233000,0.865000,27318000.000000,684000.000000,26634000.000000,27318000.000000,3231000.000000,591000.000000,0.000000,0.000000,0.000000,-16771000.000000,-16180000.000000,-68.851000,-16180000.000000,-16771000.000000,-16771000.000000,-0.001000,-0.001000,-0.001000,51317000.000000,,51317000.000000,48169356.000000,-1.000000,-0.585000,-19510000.000000,-0.139000,1.000000,235000.000000,1.000000,10706000.000000,0.000000,39822000.000000,,0.000000,0.000000,0.000000,0.000000,44401000.000000,15173000.000000,29228000.000000,-20115000.000000,0.000000,0.000000,0.000000,0.000000,0.000000,-293000.000000,0.000000,-19217000.000000,-605000.000000,-16771000.000000,-16771000.000000,-16771000.000000,0.000000,0.000000,-71.366000,12927000.000000,-12692000.000000,3574000.000000,0.000000,1.912000,-1.156000,-200.000000,3112000.000000,0.000000,1.000000,47.982000,68.516000,238000.000000,-337716000.000000,235000.000000,235000.000000,9008000.000000,,,,,2496000.000000,6933000.000000,1.000000,98122356.000000,140114997.000000,140114997.000000,0.002000,85012000.000000,16455000.000000,0.000000,0.000000,0.607000
MRQ,2022-09-30,2022-09-30,2022-09-30,2022-Q3,120437000.000000,116765604.000000,2025-05-01,-3217000.000000,155327000.000000,,137119000.000000,18208000.000000,,0.638000,20000.000000,121971000.000000,121971000.000000,0.000000,-21385000.000000,8.220000,0.166000,4365000.000000,1392000.000000,2973000.000000,4365000.000000,0.000000,712000.000000,0.000000,0.000000,0.000000,-21385000.000000,-20673000.000000,-93.968000,-20673000.000000,-21385000.000000,-21385000.000000,-0.001000,-0.001000,-0.001000,133248000.000000,,133248000.000000,86748604.000000,-1.000000,-1.032000,-8535000.000000,-0.041000,1.000000,220000.000000,1.000000,9607000.000000,0.000000,11432000.000000,,0.000000,0.000000,0.000000,0.000000,22079000.000000,16682000.000000,5397000.000000,64636000.000000,0.000000,99997000.000000,-25000000.000000,0.000000,74997000.000000,20000.000000,0.000000,-8555000.000000,-1826000.000000,-21385000.000000,-21385000.000000,-21385000.000000,0.000000,0.000000,-97.205000,17160000.000000,-16940000.000000,1431000.000000,0.000000,0.876000,-1.348000,-297.500000,5160000.000000,0.000000,1.190000,122.140000,260.044000,140000.000000,-359101000.000000,220000.000000,220000.000000,17049000.000000,,,,,2798000.000000,5573000.000000,1.000000,98122356.000000,208909351.000000,208909351.000000,0.001000,145720000.000000,16259000.000000,0.000000,0.000000,0.698000
MRQ,2022-12-31,2022-12-31,2022-12-31,2022-Q4,617930000.000000,855614994.000000,2025-05-01,-1893000.000000,664168000.000000,,656712000.000000,7456000.000000,,0.655000,10000.000000,648607000.000000,648607000.000000,0.000000,-19229000.000000,16.933000,4.244000,518763000.000000,21460000.000000,497303000.000000,518763000.000000,0.000000,-655000.000000,0.000000,0.000000,0.000000,-14828000.000000,-15483000.000000,,-15483000.000000,-14828000.000000,-19229000.000000,0.000000,0.000000,0.000000,126654000.000000,,126654000.000000,738008994.000000,-10.000000,-10.093000,5201000.000000,0.027000,1.000000,0.000000,,1798000.000000,4401000.000000,493744000.000000,,0.000000,0.000000,0.000000,0.000000,537514000.000000,38782000.000000,498732000.000000,526636000.000000,0.000000,104000.000000,519956000.000000,0.000000,520060000.000000,10000.000000,0.000000,5191000.000000,1375000.000000,-19229000.000000,-19229000.000000,-19229000.000000,0.000000,0.000000,,20299000.000000,-20299000.000000,355000.000000,,6.756000,-10.861000,-1062.500000,5081000.000000,0.000000,4.250000,1213.638000,1165.501000,349000.000000,-378330000.000000,0.000000,0.000000,5386000.000000,,,,,2658000.000000,7578000.000000,1.000000,201321175.000000,193336063.000000,193336063.000000,0.000000,662370000.000000,5766000.000000,0.000000,0.000000,3.426000
MRQ,2023-03-31,2023-03-31,2023-03-31,2023-Q1,230584000.000000,1220949389.000000,2025-05-01,-1396000.000000,254897000.000000,,248027000.000000,6870000.000000,,0.353000,-53000.000000,70969000.000000,70969000.000000,0.000000,-542376000.000000,14.219000,0.910000,104184000.000000,1693000.000000,102491000.000000,104184000.000000,0.000000,90000.000000,0.000000,0.000000,0.000000,-542376000.000000,-542286000.000000,,-542286000.000000,-542376000.000000,-542376000.000000,-0.014000,-0.014000,-0.014000,133482000.000000,,133482000.000000,1091105389.000000,-2.000000,-1.835000,-13184000.000000,-0.035000,1.000000,0.000000,,1839000.000000,0.000000,268830000.000000,,0.000000,170963000.000000,170963000.000000,0.000000,121415000.000000,17443000.000000,103972000.000000,-577638000.000000,-475015000.000000,104798000.000000,-24686000.000000,0.000000,80112000.000000,-645063000.000000,-169995000.000000,-13131000.000000,444000.000000,-542376000.000000,-542376000.000000,-542376000.000000,0.000000,0.000000,,537154000.000000,-537154000.000000,710000.000000,0.000000,9.147000,-2.036000,-102.941000,4340000.000000,0.000000,1.750000,2683.405000,1454.479000,0.000000,-920706000.000000,0.000000,0.000000,9883000.000000,,,,,2775000.000000,6940000.000000,1.000000,697685365.000000,378163980.000000,378163980.000000,0.000000,253058000.000000,5035000.000000,0.000000,0.000000,0.669000
MRQ,2023-06-30,2023-06-30,2023-06-30,2023-Q2,215570000.000000,1751190266.000000,2025-05-01,-2437000.000000,237372000.000000,,227501000.000000,9871000.000000,,0.171000,206000.000000,42116000.000000,42116000.000000,0.000000,-14717000.000000,19.068000,0.985000,107259000.000000,2928000.000000,104331000.000000,107259000.000000,0.000000,46000.000000,0.000000,0.000000,0.000000,-14717000.000000,-14671000.000000,,-14671000.000000,-14717000.000000,-14717000.000000,0.000000,0.000000,0.000000,119599000.000000,,119599000.000000,1784405266.000000,-3.000000,-3.009000,-29067000.000000,-0.042000,1.000000,0.000000,,1883000.000000,0.000000,288701000.000000,,0.000000,172898000.000000,172898000.000000,0.000000,117773000.000000,11931000.000000,105842000.000000,-28853000.000000,0.000000,-80000.000000,0.000000,0.000000,-80000.000000,207000.000000,1000.000000,-29273000.000000,293000.000000,-14717000.000000,-14717000.000000,-14717000.000000,0.000000,0.000000,,15794000.000000,-15794000.000000,987000.000000,,14.642000,-2.930000,-156.875000,7221000.000000,0.000000,2.510000,7959.956000,7959.915000,0.000000,-935423000.000000,0.000000,0.000000,9451000.000000,,,,,1875000.000000,6316000.000000,1.000000,697685365.000000,697685365.000000,697685365.000000,0.000000,235489000.000000,5120000.000000,0.000000,0.000000,0.338000
MRQ,2023-09-30,2023-09-30,2023-09-30,2023-Q3,91209000.000000,1304671633.000000,2025-05-01,-2323000.000000,218476000.000000,,204951000.000000,13525000.000000,,0.142000,-53000.000000,23792000.000000,23792000.000000,0.000000,-21268000.000000,1.802000,1.198000,106659000.000000,102780000.000000,3879000.000000,106659000.000000,0.000000,32000.000000,0.000000,0.000000,0.000000,-21268000.000000,-21236000.000000,,-21236000.000000,-21268000.000000,-21268000.000000,0.000000,0.000000,0.000000,99379000.000000,,99379000.000000,1369814633.000000,-2.000000,-2.307000,-14950000.000000,-0.021000,1.000000,0.000000,,1814000.000000,0.000000,185787000.000000,,0.000000,175153000.000000,175153000.000000,0.000000,119097000.000000,113742000.000000,5355000.000000,-18324000.000000,0.000000,229000.000000,0.000000,0.000000,229000.000000,-3486000.000000,-3433000.000000,-14897000.000000,-170000.000000,-21268000.000000,-21268000.000000,-21268000.000000,0.000000,0.000000,,20492000.000000,-20492000.000000,3314000.000000,,13.128000,-2.183000,-124.667000,6632000.000000,0.000000,1.870000,,,0.000000,-956691000.000000,0.000000,0.000000,15323000.000000,,,,,705000.000000,5434000.000000,1.000000,697685365.000000,697739477.000000,697739477.000000,0.000000,216662000.000000,1559000.000000,0.000000,0.000000,0.311000
MRQ,2023-12-31,2023-12-31,2023-12-31,2023-Q4,169307000.000000,1829199964.000000,2025-05-01,-2448000.000000,202949000.000000,,189712000.000000,13237000.000000,,0.111000,-2000.000000,71425000.000000,71425000.000000,0.000000,-36567000.000000,9.297000,1.612000,106099000.000000,2809000.000000,103290000.000000,106099000.000000,0.000000,30000.000000,0.000000,0.000000,0.000000,-20106000.000000,-20076000.000000,,-20076000.000000,-20106000.000000,-36567000.000000,0.000000,0.000000,0.000000,77692000.000000,,77692000.000000,1912066964.000000,-3.000000,-3.196000,-19461000.000000,-0.028000,1.000000,0.000000,,1893000.000000,16461000.000000,215325000.000000,,0.000000,114817000.000000,114817000.000000,0.000000,125257000.000000,20405000.000000,104852000.000000,47633000.000000,0.000000,6252000.000000,0.000000,0.000000,6252000.000000,60568000.000000,60570000.000000,-19459000.000000,272000.000000,-36567000.000000,-36567000.000000,-36567000.000000,0.000000,0.000000,,36210000.000000,-36210000.000000,2667000.000000,,23.544000,-2.975000,-261.000000,6063000.000000,0.000000,2.610000,,,0.000000,-993258000.000000,0.000000,0.000000,24814000.000000,,,,,8753000.000000,11575000.000000,1.000000,700842898.000000,701484080.000000,701484080.000000,0.000000,201056000.000000,1807000.000000,0.000000,0.000000,0.287000
MRQ,2024-03-31,2024-03-31,2024-03-31,2024-Q1,139827000.000000,2905026321.000000,2025-05-01,-2449000.000000,176781000.000000,,163265000.000000,13516000.000000,,0.063000,-4000.000000,61611000.000000,61611000.000000,0.000000,-43473000.000000,6.966000,2.999000,109522000.000000,3699000.000000,105823000.000000,109522000.000000,0.000000,27000.000000,0.000000,0.000000,0.000000,-40352000.000000,-40325000.000000,,-40325000.000000,-40352000.000000,-43473000.000000,-0.001000,-0.001000,-0.001000,44210000.000000,,44210000.000000,2939700321.000000,-30.000000,-30.524000,-30138000.000000,-0.043000,1.000000,0.000000,,1875000.000000,3121000.000000,199379000.000000,,0.000000,95386000.000000,95386000.000000,0.000000,132571000.000000,23438000.000000,109133000.000000,-9814000.000000,0.000000,485000.000000,0.000000,0.000000,485000.000000,19871000.000000,19875000.000000,-30134000.000000,-36000.000000,-43473000.000000,-43473000.000000,-43473000.000000,0.000000,0.000000,,42389000.000000,-42389000.000000,6371000.000000,0.000000,65.710000,-25.038000,-4140.000000,9554000.000000,0.000000,4.140000,,,0.000000,-1036731000.000000,0.000000,0.000000,30873000.000000,,,,,9507000.000000,11516000.000000,1.000000,701697179.000000,701785250.000000,701785250.000000,0.000000,174906000.000000,1157000.000000,0.000000,0.000000,0.249000
MRQ,2024-06-30,2024-06-30,2024-06-30,2024-Q2,188626000.000000,5475440849.000000,2025-05-01,-2499000.000000,341856000.000000,,328794000.000000,13062000.000000,,0.276000,-63000.000000,28754000.000000,28754000.000000,0.000000,-60385000.000000,2.346000,0.752000,108705000.000000,103688000.000000,5017000.000000,108705000.000000,0.000000,20000.000000,0.000000,0.000000,0.000000,-60385000.000000,-60365000.000000,,-60365000.000000,-60385000.000000,-60385000.000000,-0.001000,-0.001000,-0.001000,195075000.000000,,195075000.000000,5523351849.000000,-39.000000,-38.896000,-33065000.000000,-0.047000,1.000000,0.000000,,1880000.000000,0.000000,279759000.000000,,0.000000,297035000.000000,297035000.000000,0.000000,146781000.000000,140168000.000000,6613000.000000,-32857000.000000,0.000000,200111000.000000,0.000000,0.000000,200212000.000000,-200079000.000000,-200016000.000000,-33002000.000000,12000.000000,-60385000.000000,-60385000.000000,-60385000.000000,0.000000,0.000000,,59617000.000000,-59617000.000000,3340000.000000,0.000000,28.068000,-33.863000,-3900.000000,8939000.000000,0.000000,7.800000,,,0.000000,-1097116000.000000,0.000000,0.000000,30798000.000000,,,,,11088000.000000,13971000.000000,1.000000,701979596.000000,707904643.000000,707904643.000000,0.000000,339976000.000000,1317000.000000,0.000000,0.000000,0.480000
MRQ,2024-09-30,2024-09-30,2024-09-30,2024-Q3,431281000.000000,15867376747.000000,2025-05-01,-2308000.000000,502852000.000000,,490290000.000000,12562000.000000,,0.603000,-58000.000000,94098000.000000,94098000.000000,0.000000,-56254000.000000,8.309000,0.148000,32499000.000000,28292000.000000,4207000.000000,32499000.000000,0.000000,20000.000000,0.000000,0.000000,0.000000,-56254000.000000,-56234000.000000,,-56234000.000000,-56254000.000000,-56254000.000000,-0.001000,-0.001000,-0.001000,437920000.000000,,437920000.000000,15947327747.000000,-90.000000,-90.098000,-30355000.000000,-0.042000,1.000000,0.000000,,1991000.000000,0.000000,380253000.000000,,0.000000,393122000.000000,393122000.000000,0.000000,64932000.000000,59009000.000000,5923000.000000,65344000.000000,-15007000.000000,279642000.000000,-75500000.000000,0.000000,204142000.000000,-108615000.000000,-93550000.000000,-30297000.000000,114000.000000,-56254000.000000,-56254000.000000,-56254000.000000,0.000000,0.000000,,58378000.000000,-58378000.000000,3252000.000000,0.000000,36.234000,-80.677000,-10950.000000,8241000.000000,0.000000,21.900000,,,0.000000,-1153370000.000000,0.000000,0.000000,37724000.000000,,,,,19371000.000000,20390000.000000,1.000000,724537751.000000,726656045.000000,726656045.000000,0.000000,500861000.000000,1127000.000000,0.000000,0.000000,0.689000
MRQ,2024-12-31,2024-12-31,2024-12-31,2024-Q4,382021000.000000,13159762165.000000,2025-05-01,-2285000.000000,435560000.000000,,423750000.000000,11810000.000000,,0.527000,-14000.000000,105187000.000000,105187000.000000,0.000000,-61203000.000000,10.155000,0.120000,7218000.000000,3765000.000000,3453000.000000,7218000.000000,0.000000,22000.000000,0.000000,0.000000,0.000000,-52517000.000000,-52495000.000000,,-52495000.000000,-52517000.000000,-61203000.000000,-0.001000,-0.001000,-0.001000,388748000.000000,,388748000.000000,13098163165.000000,-62.000000,-61.627000,-48687000.000000,-0.066000,1.000000,0.000000,,1864000.000000,8686000.000000,293998000.000000,,0.000000,307487000.000000,307487000.000000,0.000000,46812000.000000,41729000.000000,5083000.000000,11089000.000000,0.000000,989000.000000,-24500000.000000,0.000000,-23612000.000000,83482000.000000,83496000.000000,-48673000.000000,-108000.000000,-61203000.000000,-61203000.000000,-61203000.000000,0.000000,0.000000,,65614000.000000,-65614000.000000,4636000.000000,0.000000,33.852000,-59.462000,-5948.333000,7398000.000000,0.000000,17.845000,,,0.000000,-1214573000.000000,0.000000,0.000000,51382000.000000,,,,,11015000.000000,14437000.000000,1.000000,737448146.000000,737662441.000000,737662441.000000,0.000000,433696000.000000,0.000000,0.000000,0.000000,0.588000
MRQ,2025-03-31,2025-03-31,2025-03-31,2025-Q1,335874000.000000,14229841490.000000,2025-05-01,-2563000.000000,383822000.000000,,370751000.000000,13071000.000000,,0.467000,-422000.000000,211844000.000000,211844000.000000,0.000000,-62913000.000000,10.630000,0.115000,6450000.000000,3543000.000000,2907000.000000,6450000.000000,0.000000,25000.000000,0.000000,0.000000,0.000000,-62913000.000000,-62888000.000000,,-62888000.000000,-62913000.000000,-62913000.000000,-0.001000,-0.001000,-0.001000,344330000.000000,,344330000.000000,14131872490.000000,-61.000000,-60.918000,-61590000.000000,-0.083000,1.000000,0.000000,,1923000.000000,0.000000,141628000.000000,,0.000000,149789000.000000,149789000.000000,0.000000,39492000.000000,34877000.000000,4615000.000000,106657000.000000,0.000000,2019000.000000,0.000000,0.000000,7677000.000000,160110000.000000,160532000.000000,-61168000.000000,38000.000000,-62913000.000000,-62913000.000000,-62913000.000000,0.000000,0.000000,,66851000.000000,-66851000.000000,4994000.000000,0.000000,41.326000,-59.105000,-6430.000000,7003000.000000,0.000000,19.290000,,,0.000000,-1277486000.000000,0.000000,0.000000,51265000.000000,,,,,11096000.000000,15586000.000000,1.000000,737679704.000000,738076003.000000,738076003.000000,0.000000,381899000.000000,0.000000,0.000000,0.000000,0.517000
MRT,2012-12-31,2013-01-31,2013-01-31,2013-Q4,,,2025-05-01,,,,,,,,-41250.000000,,,0.000000,-5281250.000000,,,,,,,,60000.000000,,,0.000000,-5707500.000000,-5647500.000000,,-5647500.000000,-5707500.000000,-5707500.000000,-1.688000,-1.688000,-1.688000,,,,,,,-4025000.000000,,1.000000,0.000000,,,0.000000,,,,,,,,,,1628750.000000,0.000000,6282500.000000,0.000000,0.000000,5693750.000000,-81250.000000,0.000000,-3983750.000000,0.000000,-5281250.000000,-5281250.000000,-5281250.000000,0.000000,0.000000,,5721250.000000,-5721250.000000,,0.000000,,,,,0.000000,,,,,,0.000000,0.000000,5913750.000000,,,,,143750.000000,2176250.000000,1.000000,,,,,,,-426250.000000,,
MRT,2013-12-31,2014-01-31,2014-01-31,2014-Q4,1532500.000000,,2025-05-01,0.000000,9118750.000000,,3868750.000000,5250000.000000,,0.510000,81250.000000,2537500.000000,2537500.000000,0.000000,-7616250.000000,1.656000,0.532000,0.000000,0.000000,0.000000,0.000000,0.000000,21250.000000,0.000000,,0.000000,-8375000.000000,-8353750.000000,,-8353750.000000,-8375000.000000,-8375000.000000,-1.875000,-1.875000,-1.875000,5952500.000000,,5952500.000000,,,,-7255000.000000,-0.621000,1.000000,0.000000,,5196250.000000,0.000000,-951250.000000,,0.000000,0.000000,0.000000,0.000000,3166250.000000,2336250.000000,830000.000000,-1686250.000000,0.000000,5828750.000000,0.000000,0.000000,5570000.000000,80000.000000,0.000000,-7336250.000000,0.000000,-7616250.000000,-7616250.000000,-7616250.000000,0.000000,0.000000,,8386250.000000,-8386250.000000,2315000.000000,0.000000,,,,53750.000000,0.000000,,,,538750.000000,-56478750.000000,0.000000,0.000000,8263750.000000,,,,,282500.000000,2427500.000000,1.000000,11673539.000000,11673539.000000,,0.000000,3922500.000000,792500.000000,-758750.000000,830000.000000,0.336000
MRT,2014-03-31,2014-04-30,2014-04-30,2015-Q1,,,2025-05-01,,,,,,,,,,,,,,,,,,,,,,,0.000000,,,,,,,,,,,,,,,,,,1.000000,,,,,,,,,,,,,,,,,,,,,,,,,,,,,,,,,,,,,,,,,,,,,,,,,,,,,1.000000,11673539.000000,11673539.000000,,,,,,,
MRT,2014-06-30,2014-07-31,2014-07-31,2015-Q2,,,2025-05-01,,,,,,,,,,,,,,,,,,,,,,,0.000000,,,,,,,,,,,,,,,,,,1.000000,,,,,,,,,,,,,,,,,,,,,,,,,,,,,,,,,,,,,,,,,,,,,,,,,,,,,1.000000,11673539.000000,11673539.000000,,,,,,,
MRT,2014-09-30,2014-10-31,2014-10-31,2015-Q3,17658750.000000,,2025-05-01,10000.000000,26650000.000000,,21401250.000000,5248750.000000,,1.891000,80000.000000,18766250.000000,18766250.000000,0.000000,-13286250.000000,5.718000,0.207000,0.000000,0.000000,0.000000,0.000000,0.000000,17500.000000,0.000000,,0.000000,-14418750.000000,-14401250.000000,,-14401250.000000,-14418750.000000,-14418750.000000,,,,22077500.000000,,22077500.000000,,,,-12537500.000000,-1.074000,1.000000,0.000000,,5187500.000000,0.000000,-1046250.000000,,0.000000,0.000000,0.000000,0.000000,4572500.000000,3742500.000000,830000.000000,13183750.000000,,27581250.000000,,,25680000.000000,121250.000000,,-12617500.000000,0.000000,-13286250.000000,-13286250.000000,-13286250.000000,0.000000,0.000000,,14472500.000000,-14472500.000000,3155000.000000,,,,,61250.000000,0.000000,,,,1675000.000000,-9065000.000000,0.000000,0.000000,12358750.000000,,,,,946250.000000,4695000.000000,1.000000,11673539.000000,11673539.000000,,0.000000,21462500.000000,960000.000000,-1132500.000000,830000.000000,1.839000
MRT,2014-12-31,2015-01-31,2015-01-31,2015-Q4,14530000.000000,,2025-05-01,77500.000000,24245000.000000,16681875.000000,18992500.000000,5252500.000000,0.000000,1.388000,-43750.000000,14081250.000000,14081250.000000,0.000000,-14230000.000000,4.256000,0.496000,2693750.000000,0.000000,2693750.000000,2693750.000000,0.000000,41250.000000,0.000000,,0.000000,-15227500.000000,-15186250.000000,,-15186250.000000,-15227500.000000,-15851250.000000,-1.812000,-1.812000,-1.812000,16202500.000000,11077500.000000,16202500.000000,,,,-14627500.000000,-1.253000,1.000000,0.000000,,5183750.000000,623750.000000,3211250.000000,1130000.000000,0.000000,0.000000,0.000000,0.000000,8042500.000000,4462500.000000,3580000.000000,11543750.000000,0.000000,27532500.000000,0.000000,0.000000,25285000.000000,20000.000000,0.000000,-14583750.000000,0.000000,-14230000.000000,-14230000.000000,-14230000.000000,0.000000,0.000000,,15291250.000000,-15291250.000000,4462500.000000,0.000000,,,,68750.000000,0.000000,,,,3287500.000000,-15332500.000000,0.000000,0.000000,13021250.000000,-0.853000,-1.285000,-13.476000,,1201250.000000,4630000.000000,1.000000,11673539.000000,11673539.000000,,0.000000,19061250.000000,1623750.000000,-1621250.000000,830000.000000,1.633000
MRT,2015-03-31,2015-04-30,2015-04-30,2016-Q1,58111250.000000,121871751.000000,2025-05-01,147500.000000,71458750.000000,,63397500.000000,8061250.000000,,5.560000,-52500.000000,56357500.000000,56357500.000000,0.000000,-15157500.000000,11.993000,0.101000,0.000000,0.000000,0.000000,0.000000,0.000000,46250.000000,0.000000,0.000000,0.000000,-16448750.000000,-16402500.000000,,-16402500.000000,-16448750.000000,-17072500.000000,,,,64900000.000000,,64900000.000000,103105501.000000,-6.000000,-6.286000,-17671250.000000,-1.514000,1.000000,0.000000,,7940000.000000,623750.000000,1875000.000000,,0.000000,0.000000,0.000000,0.000000,6558750.000000,5286250.000000,1272500.000000,10131250.000000,,32676250.000000,,,26911250.000000,16250.000000,,-17618750.000000,0.000000,-15157500.000000,-15157500.000000,-15157500.000000,0.000000,0.000000,,16517500.000000,-16517500.000000,5188750.000000,,1.878000,-8.040000,,121250.000000,0.000000,10.440000,,,3675000.000000,-26111250.000000,0.000000,0.000000,13736250.000000,,,,,1208750.000000,4851250.000000,1.000000,11673539.000000,11673539.000000,,0.000000,63518750.000000,3365000.000000,-1915000.000000,1272500.000000,5.441000
MRT,2015-06-30,2015-07-31,2015-07-31,2016-Q2,52133750.000000,151172335.000000,2025-05-01,127500.000000,65667500.000000,47005312.000000,57455000.000000,8212500.000000,0.000000,5.058000,-53750.000000,51660000.000000,51660000.000000,0.000000,-16096250.000000,10.797000,0.112000,0.000000,0.000000,0.000000,0.000000,0.000000,50000.000000,0.000000,0.000000,0.000000,-17991250.000000,-17941250.000000,,-17941250.000000,-17991250.000000,-18615000.000000,,,,59048750.000000,40557188.000000,59048750.000000,94814835.000000,-5.000000,-5.285000,-16711250.000000,-1.432000,1.000000,0.000000,,8095000.000000,623750.000000,591250.000000,1157812.000000,0.000000,0.000000,0.000000,0.000000,6618750.000000,5321250.000000,1297500.000000,11241250.000000,,32936250.000000,,,27077500.000000,-1250.000000,,-16657500.000000,0.000000,-16096250.000000,-16096250.000000,-16096250.000000,0.000000,0.000000,,18043750.000000,-18043750.000000,5206250.000000,,2.560000,-9.392000,,117500.000000,0.000000,12.950000,,,3613750.000000,-34513750.000000,0.000000,0.000000,15910000.000000,-0.342000,-0.397000,-15.539000,,1281250.000000,4107500.000000,1.000000,11673539.000000,11673539.000000,,0.000000,57572500.000000,2181250.000000,-2518750.000000,1297500.000000,4.932000
MRT,2015-09-30,2015-10-31,2015-10-31,2016-Q3,43157500.000000,117902748.000000,2025-05-01,116250.000000,56840000.000000,54552812.000000,48686250.000000,8153750.000000,0.000000,4.286000,-88750.000000,42840000.000000,42840000.000000,0.000000,-19656250.000000,8.806000,0.136000,0.000000,0.000000,0.000000,0.000000,0.000000,55000.000000,0.000000,0.000000,0.000000,-21378750.000000,-21323750.000000,,-21323750.000000,-21378750.000000,-22736250.000000,-3.799000,-3.799000,-3.799000,50028750.000000,47545000.000000,50028750.000000,66242748.000000,-3.000000,-3.107000,-20920000.000000,-1.792000,1.000000,0.000000,,7993750.000000,1357500.000000,477500.000000,1538750.000000,0.000000,0.000000,0.000000,0.000000,6811250.000000,5528750.000000,1282500.000000,8971250.000000,,32903750.000000,,,27275000.000000,-46250.000000,,-20831250.000000,0.000000,-19656250.000000,-19656250.000000,-19656250.000000,0.000000,0.000000,,21421250.000000,-21421250.000000,5401250.000000,0.000000,2.357000,-5.998000,-2.659000,160000.000000,0.000000,10.100000,,,2208750.000000,-43091250.000000,0.000000,0.000000,18292500.000000,-0.360000,-0.413000,-13.894000,,1413750.000000,4935000.000000,1.000000,11673539.000000,11673539.000000,,0.000000,48846250.000000,3637500.000000,-3080000.000000,1282500.000000,4.184000
MRT,2015-12-31,2016-01-31,2016-01-31,2016-Q4,22038750.000000,105061855.000000,2025-05-01,26250.000000,31321250.000000,56321875.000000,26046250.000000,5275000.000000,0.000000,1.722000,-82500.000000,20380000.000000,20380000.000000,0.000000,-25171250.000000,6.499000,0.558000,6292500.000000,0.000000,6292500.000000,6292500.000000,0.000000,60000.000000,0.000000,0.000000,0.000000,-25395000.000000,-25335000.000000,,-25335000.000000,-25395000.000000,-28993750.000000,-2.125000,-2.125000,-2.125000,20100000.000000,48519375.000000,20100000.000000,62221855.000000,-2.000000,-2.456000,-21560000.000000,-1.847000,1.000000,0.000000,,5171250.000000,3598750.000000,8055000.000000,2749688.000000,0.000000,0.000000,0.000000,0.000000,11221250.000000,4007500.000000,7213750.000000,6147500.000000,0.000000,32903750.000000,0.000000,0.000000,27670000.000000,-45000.000000,0.000000,-21477500.000000,151250.000000,-25171250.000000,-25171250.000000,-25171250.000000,0.000000,0.000000,,25432500.000000,-25432500.000000,4007500.000000,0.000000,5.227000,-4.174000,-4.235000,103750.000000,0.000000,9.000000,,,1898750.000000,-40503750.000000,0.000000,0.000000,21070000.000000,-0.447000,-0.519000,-9.236000,,1450000.000000,5963750.000000,1.000000,11673539.000000,11673539.000000,,0.000000,26150000.000000,3767500.000000,-3822500.000000,830000.000000,2.240000
MRT,2016-03-31,2016-04-30,2016-04-30,2017-Q1,23570000.000000,116501923.000000,2025-05-01,30000.000000,37035000.000000,47715938.000000,29305000.000000,7730000.000000,0.000000,2.565000,-70000.000000,18312500.000000,18312500.000000,0.000000,-27757500.000000,5.110000,0.237000,0.000000,0.000000,0.000000,0.000000,0.000000,62500.000000,0.000000,0.000000,0.000000,-28373750.000000,-28311250.000000,,-28311250.000000,-28373750.000000,-32215000.000000,-2.375000,-2.375000,-2.375000,29937500.000000,39778750.000000,29937500.000000,73661923.000000,-3.000000,-2.602000,-24677500.000000,-2.114000,1.000000,0.000000,,7587500.000000,3841250.000000,5400000.000000,3630938.000000,0.000000,0.000000,0.000000,0.000000,7097500.000000,5735000.000000,1362500.000000,-24370000.000000,,393750.000000,,,275000.000000,-37500.000000,,-24607500.000000,88750.000000,-27757500.000000,-27757500.000000,-27757500.000000,0.000000,0.000000,,28406250.000000,-28406250.000000,5735000.000000,0.000000,3.892000,-4.197000,-4.202000,142500.000000,0.000000,9.980000,,,3747500.000000,-59745000.000000,0.000000,0.000000,23161250.000000,-0.582000,-0.698000,-7.814000,,1575000.000000,6410000.000000,1.000000,11673539.000000,11673539.000000,,0.000000,29447500.000000,7245000.000000,-4457500.000000,1216250.000000,2.523000
MRT,2016-06-30,2016-07-31,2016-07-31,2017-Q2,11760000.000000,85807036.000000,2025-05-01,61250.000000,24266250.000000,37365625.000000,17253750.000000,7012500.000000,0.000000,1.430000,-87500.000000,11603750.000000,11603750.000000,0.000000,-30751250.000000,3.141000,0.384000,0.000000,0.000000,0.000000,0.000000,0.000000,67500.000000,0.000000,0.000000,0.000000,-31503750.000000,-31436250.000000,,-31436250.000000,-31503750.000000,-35607500.000000,-2.500000,-1.688000,-2.500000,17530000.000000,29399062.000000,17530000.000000,67494536.000000,-2.000000,-2.147000,-28462500.000000,-2.322000,1.000000,0.000000,,6866250.000000,4103750.000000,302500.000000,3558750.000000,0.000000,0.000000,0.000000,0.000000,6736250.000000,5493750.000000,1242500.000000,-24516250.000000,,137500.000000,,,166250.000000,-63750.000000,,-28375000.000000,217500.000000,-30751250.000000,-30751250.000000,-30751250.000000,0.000000,0.000000,,31527500.000000,-31527500.000000,5493750.000000,0.000000,4.895000,-2.790000,-2.800000,146250.000000,0.000000,7.000000,,,2296250.000000,-64366250.000000,0.000000,0.000000,24630000.000000,-0.823000,-1.046000,-8.852000,,1767500.000000,7545000.000000,1.000000,12258148.000000,12258148.000000,,0.000000,17400000.000000,3353750.000000,-4856250.000000,1101250.000000,1.419000
MRT,2016-09-30,2016-10-31,2016-10-31,2017-Q3,43708750.000000,144278402.000000,2025-05-01,98750.000000,65570000.000000,39548125.000000,59081250.000000,6488750.000000,0.018000,0.136000,-62500.000000,52866250.000000,52866250.000000,0.000000,-29860000.000000,3.843000,38.441000,8706250.000000,0.000000,8706250.000000,8706250.000000,49235000.000000,72500.000000,0.000000,0.000000,0.000000,-31272500.000000,-31200000.000000,-43.333000,-31200000.000000,-31272500.000000,-34946250.000000,-2.312000,-0.938000,-2.312000,1662500.000000,17307500.000000,1662500.000000,132674652.000000,-4.000000,-4.252000,12836250.000000,1.047000,1.000000,720000.000000,1.000000,6315000.000000,3673750.000000,-277500.000000,3370000.000000,0.000000,0.000000,0.000000,0.000000,63907500.000000,15372500.000000,48535000.000000,15355000.000000,,468750.000000,,,497500.000000,-46250.000000,,12898750.000000,197500.000000,-29860000.000000,-29860000.000000,-29860000.000000,0.000000,0.000000,-41.472000,32007500.000000,-31287500.000000,4822500.000000,0.000000,86.784000,-4.832000,-5.091000,173750.000000,0.000000,11.770000,200.387000,200.387000,1685000.000000,-74568750.000000,720000.000000,720000.000000,23946250.000000,-0.755000,-1.725000,-9.280000,-43.434000,1657500.000000,8301250.000000,1.000000,12258148.000000,12258148.000000,,0.059000,59255000.000000,4530000.000000,-5086250.000000,1013750.000000,4.834000
MRT,2016-12-31,2017-01-31,2017-01-31,2017-Q4,28051250.000000,128342810.000000,2025-05-01,62500.000000,46983750.000000,43463750.000000,41671250.000000,5312500.000000,0.066000,-0.356000,-101250.000000,35077500.000000,35077500.000000,0.000000,-26713750.000000,3.060000,-11.761000,7398750.000000,0.000000,7398750.000000,7398750.000000,38158750.000000,72500.000000,0.000000,0.000000,0.000000,-31056250.000000,-30983750.000000,-10.758000,-30983750.000000,-31056250.000000,-32133750.000000,-2.188000,-2.188000,-2.188000,-4366250.000000,11190938.000000,-4366250.000000,84182810.000000,-3.000000,-2.717000,15075000.000000,1.230000,1.000000,2880000.000000,1.000000,5167500.000000,1077500.000000,517500.000000,1485625.000000,0.000000,0.000000,0.000000,0.000000,51350000.000000,13620000.000000,37730000.000000,15592500.000000,0.000000,487500.000000,0.000000,0.000000,516250.000000,-100000.000000,0.000000,15176250.000000,-895000.000000,-26713750.000000,-26713750.000000,-26713750.000000,0.000000,0.000000,-9.276000,33946250.000000,-31066250.000000,4980000.000000,0.000000,-29.394000,-4.804000,-4.785000,145000.000000,0.000000,10.470000,44.563000,44.563000,1283750.000000,-67217500.000000,2880000.000000,2880000.000000,23690000.000000,-0.615000,-2.387000,-20.905000,-10.783000,1723750.000000,10346250.000000,1.000000,12258148.000000,12258148.000000,,0.235000,41816250.000000,5310000.000000,-5420000.000000,706250.000000,3.411000
MRT,2017-03-31,2017-04-30,2017-04-30,2018-Q1,26113750.000000,136051445.000000,2025-05-01,56250.000000,49978750.000000,46699688.000000,42591250.000000,7387500.000000,0.108000,-4.041000,-442500.000000,31312500.000000,31312500.000000,0.000000,-25871250.000000,2.585000,-1.258000,9935000.000000,0.000000,9935000.000000,9935000.000000,46573750.000000,87500.000000,0.000000,0.000000,0.000000,-30511250.000000,-30423750.000000,-6.036000,-30423750.000000,-30511250.000000,-31626250.000000,-2.000000,-2.000000,-2.000000,-49978750.000000,-8788125.000000,-49978750.000000,108372695.000000,-4.000000,-3.562000,12753750.000000,1.031000,1.000000,5040000.000000,1.000000,6623750.000000,1115000.000000,5500000.000000,1510625.000000,0.000000,0.000000,0.000000,0.000000,62883750.000000,16477500.000000,46406250.000000,13151250.000000,,370000.000000,,,398750.000000,-443750.000000,,13196250.000000,-1435000.000000,-25871250.000000,-25871250.000000,-25871250.000000,0.000000,0.000000,-5.133000,35558750.000000,-30518750.000000,5162500.000000,0.000000,-2.722000,-5.259000,-5.500000,763750.000000,0.000000,11.000000,26.994000,26.994000,2440000.000000,-94666250.000000,5040000.000000,5040000.000000,23976250.000000,-0.554000,2.944000,-20.198000,-6.054000,1650000.000000,11598750.000000,1.000000,12368313.000000,12368313.000000,,0.407000,43355000.000000,8838750.000000,-5755000.000000,913750.000000,3.505000
MRT,2017-06-30,2017-07-31,2017-07-31,2018-Q2,43021250.000000,172909019.000000,2025-05-01,68750.000000,67888750.000000,57605312.000000,60212500.000000,7676250.000000,0.191000,0.467000,-512500.000000,46666250.000000,46666250.000000,0.000000,-21937500.000000,3.503000,10.761000,10493750.000000,0.000000,10493750.000000,10493750.000000,44653750.000000,116250.000000,0.000000,0.000000,0.000000,-26825000.000000,-26708750.000000,-2.433000,-26708750.000000,-26825000.000000,-27951250.000000,0.250000,-2.000000,0.250000,5772500.000000,-11727500.000000,5772500.000000,151531519.000000,-6.000000,-5.673000,32321250.000000,2.613000,1.000000,10977500.000000,1.000000,6752500.000000,1126250.000000,7772500.000000,3378125.000000,0.000000,0.000000,0.000000,0.000000,62116250.000000,17191250.000000,44925000.000000,28827500.000000,,392500.000000,,,392500.000000,-515000.000000,,32833750.000000,-2208750.000000,-21937500.000000,-21937500.000000,-21937500.000000,0.000000,0.000000,-1.998000,37808750.000000,-26831250.000000,5790000.000000,0.000000,29.954000,-7.882000,55.920000,923750.000000,0.000000,13.980000,15.751000,15.751000,2272500.000000,-78538750.000000,10977500.000000,10977500.000000,25487500.000000,-0.381000,1.871000,-7.941000,-2.444000,1777500.000000,12321250.000000,1.000000,12368313.000000,12368313.000000,,0.888000,61136250.000000,11273750.000000,-6013750.000000,931250.000000,4.943000
MRT,2017-09-30,2017-10-31,2017-10-31,2018-Q3,55096250.000000,127146260.000000,2025-05-01,75000.000000,80803750.000000,61413750.000000,73071250.000000,7732500.000000,0.221000,2.162000,-546250.000000,52812500.000000,52812500.000000,0.000000,-17291250.000000,4.065000,2.022000,4307500.000000,0.000000,4307500.000000,4307500.000000,42072500.000000,142500.000000,0.000000,0.000000,0.000000,-22861250.000000,-22718750.000000,-1.677000,-22718750.000000,-22861250.000000,-23965000.000000,0.562000,-2.000000,0.562000,26737500.000000,-5458750.000000,26737500.000000,90973760.000000,-4.000000,-4.004000,-14921250.000000,-1.206000,1.000000,13550000.000000,1.000000,6791250.000000,1103750.000000,7532500.000000,5330625.000000,0.000000,0.000000,0.000000,0.000000,54066250.000000,17975000.000000,36091250.000000,-1505000.000000,,19185000.000000,,,17400000.000000,-550000.000000,,-14375000.000000,-2020000.000000,-17291250.000000,-17291250.000000,-17291250.000000,0.000000,0.000000,-1.276000,40272500.000000,-26722500.000000,6500000.000000,0.000000,4.755000,-7.353000,18.292000,941250.000000,0.000000,10.280000,9.383000,9.383000,6338750.000000,-81986250.000000,13550000.000000,13550000.000000,29825000.000000,-0.282000,3.168000,-4.289000,-1.687000,2063750.000000,12415000.000000,1.000000,12368313.000000,12368313.000000,,1.096000,74012500.000000,13920000.000000,-6673750.000000,937500.000000,5.984000
MRT,2017-12-31,2018-01-31,2018-01-31,2018-Q4,16075000.000000,169816940.000000,2025-05-01,46250.000000,68966250.000000,66909375.000000,44803750.000000,24162500.000000,0.231000,-0.319000,-450000.000000,25127500.000000,25127500.000000,0.000000,-25197500.000000,1.560000,-18.504000,5470000.000000,405000.000000,5065000.000000,5470000.000000,51380000.000000,500000.000000,0.000000,0.000000,0.000000,-28416250.000000,-27916250.000000,-1.807000,-27916250.000000,-28416250.000000,-29900000.000000,-1.938000,-1.938000,-1.938000,-3940000.000000,-5352188.000000,-3940000.000000,121311940.000000,-4.000000,-4.346000,-18625000.000000,-1.506000,1.000000,15450000.000000,1.000000,21578750.000000,1483750.000000,-998750.000000,4951562.000000,0.000000,0.000000,0.000000,0.000000,72906250.000000,28728750.000000,44177500.000000,-7532500.000000,-5968750.000000,19166250.000000,-186250.000000,0.000000,17195000.000000,-6552500.000000,0.000000,-18175000.000000,-2417500.000000,-25197500.000000,-25197500.000000,-25197500.000000,0.000000,0.000000,-1.631000,47736250.000000,-32286250.000000,11031250.000000,0.000000,-43.101000,-6.739000,-7.085000,2583750.000000,0.000000,13.730000,10.991000,10.991000,13858750.000000,-92415000.000000,15450000.000000,15450000.000000,36223750.000000,-0.377000,4.708000,-5.739000,-1.839000,2008750.000000,14918750.000000,1.000000,12368313.000000,12368313.000000,,1.249000,47387500.000000,5817500.000000,-4702500.000000,2973750.000000,3.831000
MRT,2018-03-31,2018-04-30,2018-04-30,2019-Q1,35817500.000000,191706804.000000,2025-05-01,76250.000000,109562500.000000,81805312.000000,78936250.000000,30626250.000000,0.222000,0.675000,-131250.000000,47587500.000000,47587500.000000,0.000000,-26548750.000000,1.831000,10.039000,5553750.000000,0.000000,5553750.000000,5553750.000000,66631250.000000,931250.000000,0.000000,0.000000,0.000000,-29476250.000000,-28545000.000000,-1.574000,-28545000.000000,-29476250.000000,-30930000.000000,-1.812000,-1.812000,-1.812000,9925000.000000,9623750.000000,9925000.000000,170441804.000000,-6.000000,-5.971000,-17061250.000000,-1.160000,1.000000,18132500.000000,1.000000,29325000.000000,1453750.000000,-4915000.000000,2347812.000000,0.000000,0.000000,0.000000,0.000000,99637500.000000,43118750.000000,56518750.000000,11705000.000000,,38023750.000000,,,34875000.000000,-6240000.000000,,-16930000.000000,-1301250.000000,-26548750.000000,-26548750.000000,-26548750.000000,0.000000,0.000000,-1.464000,51478750.000000,-33346250.000000,20463750.000000,0.000000,19.316000,-7.221000,-7.191000,1301250.000000,0.000000,13.030000,10.573000,10.573000,21610000.000000,-137165000.000000,18132500.000000,18132500.000000,44417500.000000,-0.325000,-2.759000,-12.555000,-1.626000,2343750.000000,14786250.000000,1.000000,14712725.000000,14712725.000000,,1.232000,80237500.000000,9738750.000000,-4381250.000000,4088750.000000,5.454000
MRT,2018-06-30,2018-07-31,2018-07-31,2019-Q2,39601250.000000,33839267.000000,2025-05-01,92500.000000,76742500.000000,84018750.000000,54513750.000000,22228750.000000,0.710000,3.686000,-66250.000000,28102500.000000,28102500.000000,0.000000,10845000.000000,3.656000,0.415000,0.000000,0.000000,0.000000,0.000000,5882500.000000,1351250.000000,0.000000,0.000000,0.000000,10048750.000000,11400000.000000,0.191000,11400000.000000,10048750.000000,8681250.000000,-1.250000,0.188000,-1.250000,54231250.000000,21738438.000000,54231250.000000,-8194483.000000,-1.000000,-0.719000,-42540000.000000,-2.891000,1.000000,59642500.000000,1.000000,21077500.000000,1367500.000000,12650000.000000,3567188.000000,0.000000,0.000000,0.000000,0.000000,22511250.000000,14912500.000000,7598750.000000,-13831250.000000,,37998750.000000,,,34756250.000000,-6175000.000000,,-42473750.000000,-121250.000000,10845000.000000,10845000.000000,10845000.000000,0.000000,0.000000,0.182000,56943750.000000,2698750.000000,10803750.000000,0.000000,0.624000,3.120000,-1.840000,1151250.000000,0.000000,2.300000,0.567000,0.567000,18863750.000000,-87198750.000000,59642500.000000,59642500.000000,48475000.000000,0.129000,0.499000,2.817000,0.168000,2453750.000000,14585000.000000,1.000000,14712725.000000,14712725.000000,,4.054000,55665000.000000,7547500.000000,-2163750.000000,2976250.000000,3.783000
MRT,2018-09-30,2018-10-31,2018-10-31,2019-Q3,30687500.000000,25011632.000000,2025-05-01,98750.000000,71607500.000000,81719688.000000,50410000.000000,21197500.000000,0.700000,3.044000,-21250.000000,20836250.000000,20836250.000000,0.000000,1757500.000000,2.556000,0.599000,0.000000,0.000000,0.000000,0.000000,11391250.000000,1765000.000000,0.000000,0.000000,0.000000,1002500.000000,2767500.000000,0.048000,2767500.000000,1002500.000000,-158750.000000,-1.500000,-0.312000,-1.500000,44781250.000000,26249375.000000,44781250.000000,-3090868.000000,-3.000000,-1.117000,-35185000.000000,-2.391000,1.000000,57193750.000000,1.000000,20191250.000000,1161250.000000,10857500.000000,4398438.000000,0.000000,0.000000,0.000000,0.000000,26826250.000000,19722500.000000,7103750.000000,-23536250.000000,,18877500.000000,,,17318750.000000,-6130000.000000,,-35163750.000000,76250.000000,1757500.000000,1757500.000000,1757500.000000,0.000000,0.000000,0.031000,59685000.000000,-2491250.000000,8485000.000000,0.000000,0.559000,14.231000,-1.133000,1006250.000000,0.000000,1.700000,0.437000,0.437000,20472500.000000,-97883750.000000,57193750.000000,57193750.000000,49438750.000000,0.022000,0.067000,0.228000,0.018000,5701250.000000,17926250.000000,1.000000,14712725.000000,14712725.000000,,3.887000,51416250.000000,9101250.000000,-1916250.000000,2725000.000000,3.495000
MRT,2018-12-31,2019-01-31,2019-01-31,2019-Q4,41978750.000000,19560568.000000,2025-05-01,70000.000000,75793750.000000,83426562.000000,58346250.000000,17447500.000000,0.684000,3.102000,-157000.000000,33572500.000000,33572500.000000,0.000000,10869000.000000,3.565000,0.425000,1256250.000000,447500.000000,808750.000000,1256250.000000,5256250.000000,1952000.000000,0.000000,0.000000,0.000000,9083000.000000,11035000.000000,0.193000,11035000.000000,9083000.000000,9083000.000000,0.006000,0.006000,0.006000,53171250.000000,40527188.000000,53171250.000000,-1275682.000000,0.000000,-0.116000,-35263000.000000,-2.057000,1.000000,57088000.000000,1.000000,15522500.000000,0.000000,11587500.000000,7545000.000000,0.000000,0.000000,0.000000,0.000000,22622500.000000,16367500.000000,6255000.000000,6750000.000000,-167000.000000,44510000.000000,0.000000,0.000000,44510000.000000,-331000.000000,0.000000,-35106000.000000,-2323000.000000,10869000.000000,10869000.000000,10869000.000000,0.000000,0.000000,0.190000,51699000.000000,5389000.000000,10916250.000000,0.000000,0.368000,1.800000,221.583000,1925000.000000,0.000000,1.329000,0.343000,0.399000,16863750.000000,-70130000.000000,57088000.000000,57088000.000000,52003000.000000,0.130000,0.268000,1.204000,0.159000,6295000.000000,17014000.000000,1.000000,14712725.000000,17140494.000000,17228718.000000,3.331000,60271250.000000,7910000.000000,-1786000.000000,2093750.000000,3.516000
MRT,2019-03-31,2019-03-31,2019-03-31,2020-Q1,,58702696.000000,2025-05-01,,,,,,,,,,,,,,,,,,,,,,0.000000,0.000000,,,,,,,,,,,,,25130196.000000,,,,,1.000000,,,,,,,,,,,,,,,,,,,,,,,,,,,,,,,,,,,,,,,1.830000,,,,,,,,,,,,,,1.000000,32077976.000000,32077976.000000,,,,,,,
MRT,2019-06-30,2019-07-31,2019-07-31,2020-Q2,31091250.000000,42342929.000000,2025-05-01,96250.000000,60528750.000000,68635625.000000,43692500.000000,16836250.000000,0.077000,1.313000,-242000.000000,26082500.000000,26082500.000000,0.000000,-26601000.000000,3.467000,0.437000,1055000.000000,447500.000000,607500.000000,1055000.000000,4661250.000000,1900750.000000,0.000000,0.000000,0.000000,-30482000.000000,-28581250.000000,-5.427000,-28581250.000000,-30482000.000000,-30198250.000000,-1.869000,-1.869000,-1.869000,42131250.000000,48181250.000000,42131250.000000,8105429.000000,0.000000,-0.284000,-27208000.000000,-0.848000,1.000000,5266750.000000,1.000000,15130000.000000,-283750.000000,7770000.000000,10210000.000000,0.000000,0.000000,0.000000,0.000000,18397500.000000,12601250.000000,5796250.000000,2361250.000000,-853250.000000,25636250.000000,-25000.000000,,26683750.000000,-534750.000000,,-26966000.000000,-1708000.000000,-26601000.000000,-26601000.000000,-26601000.000000,0.000000,0.000000,-5.051000,35962750.000000,-30696000.000000,8120000.000000,0.000000,1.005000,-1.592000,-0.706000,1706250.000000,0.000000,1.320000,8.040000,8.040000,13348750.000000,-81126250.000000,5266750.000000,5266750.000000,47059250.000000,-0.388000,-0.552000,-2.986000,-5.788000,5253750.000000,14769000.000000,1.000000,32077976.000000,32077976.000000,,0.164000,45398750.000000,4261250.000000,-3597250.000000,2015000.000000,1.415000
MRT,2019-09-30,2019-09-30,2019-09-30,2020-Q3,,57419577.000000,2025-05-01,,,,,,,,,,,,,,,,,,,,,,0.000000,0.000000,,,,,,,,,,,,,23182077.000000,,,,,1.000000,,,,,,,,,,,,,,,,,,,,,,,,,,,,,,,,,,,,,,,1.790000,,,,,,,,,,,,,,1.000000,32077976.000000,32077976.000000,,,,,,,
MRT,2019-12-31,2019-12-31,2019-12-31,2019-Q4,65861000.000000,51324762.000000,2025-05-01,-4764000.000000,96248000.000000,,79628000.000000,16620000.000000,,2.458000,-265000.000000,63842000.000000,63842000.000000,,,5.784000,0.220000,893000.000000,471000.000000,422000.000000,893000.000000,3108000.000000,2128750.000000,0.000000,0.000000,0.000000,,,,,,,,,,78863000.000000,,78863000.000000,35274762.000000,,,-26248750.000000,-0.818000,1.000000,,,15081000.000000,,4451000.000000,,0.000000,0.000000,0.000000,0.000000,17385000.000000,13767000.000000,3618000.000000,34325000.000000,-910000.000000,62501250.000000,-593750.000000,,60745000.000000,-436250.000000,,-25983750.000000,1433750.000000,,,,,,,,,4471000.000000,,0.651000,,,1539000.000000,,1.600000,,,541000.000000,-158249000.000000,,,,,,,,1097500.000000,,1.000000,32077976.000000,32077976.000000,,,81167000.000000,5084000.000000,,0.000000,2.530000
MRT,2020-03-31,2020-03-31,2020-03-31,2020-Q1,58236000.000000,76024804.000000,2025-05-01,85000.000000,89411000.000000,,73555000.000000,15856000.000000,,1.010000,,55296000.000000,55296000.000000,,,4.802000,0.316000,792000.000000,418000.000000,374000.000000,792000.000000,3195000.000000,,0.000000,0.000000,0.000000,,,,,,,,,,67919000.000000,,67919000.000000,59974804.000000,,,,,1.000000,,,14551000.000000,,5037000.000000,,0.000000,0.000000,0.000000,0.000000,21492000.000000,15319000.000000,6173000.000000,,,,,,,,,,,,,,,,,,,12645000.000000,,1.119000,,,1305000.000000,,2.370000,,,12179000.000000,-102742000.000000,,,,,,,,,,1.000000,32077976.000000,67217701.000000,,,74860000.000000,6080000.000000,,2127000.000000,1.114000
MRT,2020-06-30,2020-06-30,2020-06-30,2020-Q2,,199518827.000000,2025-05-01,,,,,,,,,,,,,,,,,,,,,,0.000000,0.000000,,,,,,,,,,,,,145014827.000000,,,,,1.000000,,,,,,,,,,,,,,,,,,,,,,,,,,,,,,,,,,,,,,,2.970000,,,,,,,,,,,,,,1.000000,67178056.000000,67231900.000000,,,,,,,
MRT,2020-09-30,2020-09-30,2020-09-30,2020-Q3,27335000.000000,231092513.000000,2025-05-01,-7032000.000000,56865000.000000,,42077000.000000,14788000.000000,,0.548000,,21270000.000000,21270000.000000,,,2.854000,0.543000,548000.000000,386000.000000,162000.000000,548000.000000,7826000.000000,,0.000000,0.000000,0.000000,,,,,,,,,,36861000.000000,,36861000.000000,176588513.000000,,,,,1.000000,,,13436000.000000,,7965000.000000,,0.000000,0.000000,0.000000,0.000000,20004000.000000,14742000.000000,5262000.000000,,,,,,,,,,,,,,,,,,,2493000.000000,,6.269000,,,1352000.000000,,3.440000,,,4080000.000000,-199174000.000000,,,,,,,,,,1.000000,67178056.000000,67231900.000000,,,43429000.000000,7919000.000000,,2108000.000000,0.646000
MRT,2020-12-31,2020-12-31,2020-12-31,2020-Q4,67784000.000000,386622019.000000,2025-05-01,-3794000.000000,102498000.000000,99373000.000000,87674000.000000,14824000.000000,0.009000,1.143000,-421000.000000,66417000.000000,66417000.000000,0.000000,-52697000.000000,4.408000,0.290000,465000.000000,390000.000000,75000.000000,465000.000000,8939000.000000,2003000.000000,0.000000,0.000000,0.000000,-52910000.000000,-50907000.000000,-59.194000,-50907000.000000,-52910000.000000,-52910000.000000,-0.008000,-0.008000,-0.008000,79453000.000000,79158000.000000,79453000.000000,365900019.000000,-7.000000,-7.188000,-48532000.000000,-0.698000,1.000000,860000.000000,1.000000,13545000.000000,0.000000,3111000.000000,3781000.000000,0.000000,0.000000,0.000000,0.000000,23045000.000000,19890000.000000,3155000.000000,2575000.000000,0.000000,50551000.000000,0.000000,0.000000,50551000.000000,-421000.000000,0.000000,-48111000.000000,556000.000000,-52697000.000000,-52697000.000000,-52697000.000000,0.000000,0.000000,-61.276000,54053000.000000,-53193000.000000,6140000.000000,0.000000,4.866000,-7.337000,-587.500000,1279000.000000,0.000000,4.700000,449.560000,379.958000,331000.000000,-210946000.000000,860000.000000,860000.000000,53274000.000000,-0.530000,-0.666000,-13.994000,-61.523000,1766000.000000,19232000.000000,1.000000,82260004.000000,69524148.000000,69524148.000000,0.012000,88953000.000000,9856000.000000,-213000.000000,0.000000,1.279000
MRT,2021-03-31,2021-03-31,2021-03-31,2021-Q1,52165000.000000,486718029.000000,2025-05-01,-3119000.000000,140794000.000000,115102500.000000,125217000.000000,15577000.000000,0.006000,0.778000,-430000.000000,102194000.000000,102194000.000000,0.000000,-64051000.000000,1.714000,1.186000,56370000.000000,56019000.000000,351000.000000,56370000.000000,7806000.000000,2040000.000000,0.000000,0.000000,0.000000,-64319000.000000,-62279000.000000,-85.548000,-62279000.000000,-64319000.000000,-64319000.000000,-0.009000,-0.009000,-0.009000,64405000.000000,66162000.000000,64405000.000000,420766029.000000,-7.000000,-6.756000,-64251000.000000,-0.776000,1.000000,728000.000000,1.000000,13406000.000000,0.000000,8512000.000000,6774500.000000,0.000000,0.000000,0.000000,0.000000,76389000.000000,73052000.000000,3337000.000000,47251000.000000,0.000000,51445000.000000,55000000.000000,0.000000,106445000.000000,-266000.000000,0.000000,-63821000.000000,4893000.000000,-64051000.000000,-64051000.000000,-64051000.000000,0.000000,0.000000,-87.982000,61504000.000000,-60776000.000000,4114000.000000,0.000000,7.557000,-7.599000,-652.222000,2171000.000000,0.000000,5.870000,668.569000,667.775000,447000.000000,-228434000.000000,728000.000000,728000.000000,58741000.000000,-0.556000,-0.968000,-9.494000,-88.350000,2337000.000000,19845000.000000,1.000000,82916189.000000,82817836.000000,82817836.000000,0.009000,127388000.000000,13596000.000000,-268000.000000,0.000000,1.538000
MRT,2021-06-30,2021-06-30,2021-06-30,2021-Q2,99594000.000000,725444470.000000,2025-05-01,-2579000.000000,145517000.000000,111418500.000000,121482000.000000,24035000.000000,0.006000,1.297000,-452000.000000,103386000.000000,103386000.000000,0.000000,-73188000.000000,5.550000,0.218000,2154000.000000,1006000.000000,1148000.000000,2154000.000000,7505000.000000,2271000.000000,0.000000,0.000000,0.000000,-73265000.000000,-70994000.000000,-115.437000,-70994000.000000,-73265000.000000,-73265000.000000,-0.009000,-0.009000,-0.009000,119427000.000000,75036500.000000,119427000.000000,679620470.000000,-9.000000,-9.573000,-64915000.000000,-0.705000,1.000000,615000.000000,1.000000,13218000.000000,0.000000,9179000.000000,7191750.000000,0.000000,0.000000,0.000000,0.000000,26090000.000000,21888000.000000,4202000.000000,66976000.000000,0.000000,126581000.000000,-54000.000000,0.000000,126527000.000000,-284000.000000,0.000000,-64463000.000000,5196000.000000,-73188000.000000,-73188000.000000,-73188000.000000,0.000000,0.000000,-119.005000,69765000.000000,-69150000.000000,6949000.000000,0.000000,6.074000,-9.912000,-828.889000,2969000.000000,0.000000,7.460000,1179.585000,1116.768000,1053000.000000,-252850000.000000,615000.000000,615000.000000,69092000.000000,-0.657000,-0.975000,-10.187000,-119.130000,5479000.000000,20055000.000000,1.000000,97244567.000000,92065957.000000,92065957.000000,0.007000,132299000.000000,18201000.000000,-77000.000000,0.000000,1.437000
MRT,2021-09-30,2021-09-30,2021-09-30,2021-Q3,79421000.000000,487882688.000000,2025-05-01,-3442000.000000,128673000.000000,129370500.000000,102210000.000000,26463000.000000,0.013000,1.034000,-236000.000000,80248000.000000,80248000.000000,0.000000,-75044000.000000,4.485000,0.258000,1837000.000000,941000.000000,896000.000000,1837000.000000,7511000.000000,2441000.000000,0.000000,0.000000,0.000000,-75065000.000000,-72624000.000000,-41.666000,-72624000.000000,-75065000.000000,-75065000.000000,-0.009000,-0.009000,-0.009000,102298000.000000,91395750.000000,102298000.000000,386650688.000000,-5.000000,-5.324000,-71615000.000000,-0.724000,1.000000,1743000.000000,1.000000,12609000.000000,0.000000,14864000.000000,8916500.000000,0.000000,0.000000,0.000000,0.000000,26375000.000000,22789000.000000,3586000.000000,58978000.000000,0.000000,127257000.000000,-54000.000000,0.000000,127203000.000000,-236000.000000,0.000000,-71379000.000000,3390000.000000,-75044000.000000,-75044000.000000,-75044000.000000,0.000000,0.000000,-43.055000,73438000.000000,-71695000.000000,5875000.000000,0.000000,4.769000,-6.501000,-556.667000,2540000.000000,0.000000,5.010000,279.910000,284.486000,2290000.000000,-272449000.000000,1743000.000000,1743000.000000,75309000.000000,-0.580000,-0.821000,-8.419000,-43.067000,7762000.000000,18871000.000000,1.000000,97381774.000000,98973910.000000,98973910.000000,0.018000,116064000.000000,21386000.000000,-21000.000000,0.000000,1.173000
MRT,2021-12-31,2021-12-31,2021-12-31,2021-Q4,71689000.000000,262851862.000000,2025-05-01,-2197000.000000,113374000.000000,132089500.000000,97312000.000000,16062000.000000,0.014000,0.632000,-306000.000000,71791000.000000,71791000.000000,0.000000,-88602000.000000,3.798000,0.361000,2782000.000000,1091000.000000,1691000.000000,2782000.000000,7939000.000000,2455000.000000,0.000000,0.000000,0.000000,-88602000.000000,-86147000.000000,-47.621000,-86147000.000000,-88602000.000000,-88602000.000000,-0.007000,-0.007000,-0.007000,83284000.000000,92353500.000000,83284000.000000,184440862.000000,-2.000000,-2.141000,-72893000.000000,-0.553000,1.000000,1809000.000000,1.000000,12408000.000000,0.000000,6334000.000000,9722250.000000,0.000000,0.000000,0.000000,0.000000,30090000.000000,25623000.000000,4467000.000000,5374000.000000,0.000000,77970000.000000,-54000.000000,0.000000,77916000.000000,-306000.000000,0.000000,-72587000.000000,351000.000000,-88602000.000000,-88602000.000000,-88602000.000000,0.000000,0.000000,-48.978000,87995000.000000,-86186000.000000,4374000.000000,0.000000,3.156000,-2.967000,-384.286000,3484000.000000,0.000000,2.690000,145.302000,195.860000,1464000.000000,-299548000.000000,1809000.000000,1809000.000000,85352000.000000,-0.671000,-0.959000,-9.113000,-48.978000,12804000.000000,23611000.000000,1.000000,97714447.000000,131714225.000000,131714225.000000,0.014000,100966000.000000,15695000.000000,0.000000,0.000000,0.767000
MRT,2022-03-31,2022-03-31,2022-03-31,2022-Q1,76711000.000000,240399772.000000,2025-05-01,-3957000.000000,116472000.000000,126009000.000000,99435000.000000,17037000.000000,0.015000,0.460000,-628000.000000,77450000.000000,77450000.000000,0.000000,-92511000.000000,4.376000,0.808000,27497000.000000,907000.000000,26590000.000000,27497000.000000,5097000.000000,2583000.000000,0.000000,0.000000,0.000000,-92511000.000000,-89928000.000000,-48.167000,-89928000.000000,-92511000.000000,-92511000.000000,-0.006000,-0.006000,-0.006000,64407000.000000,92354000.000000,64407000.000000,171390772.000000,-2.000000,-1.906000,-71547000.000000,-0.511000,1.000000,1867000.000000,1.000000,11819000.000000,0.000000,31976000.000000,15588250.000000,0.000000,0.000000,0.000000,0.000000,52065000.000000,22724000.000000,29341000.000000,-24744000.000000,0.000000,77260000.000000,-30054000.000000,0.000000,47206000.000000,-628000.000000,0.000000,-70919000.000000,-403000.000000,-92511000.000000,-92511000.000000,-92511000.000000,0.000000,0.000000,-49.551000,93288000.000000,-91421000.000000,6959000.000000,0.000000,3.733000,-2.599000,-408.333000,3397000.000000,0.000000,2.450000,128.763000,183.770000,870000.000000,-320945000.000000,1867000.000000,1867000.000000,87529000.000000,-0.734000,-1.002000,-5.935000,-49.551000,15932000.000000,26085000.000000,1.000000,98122356.000000,140040370.000000,140040370.000000,0.013000,104653000.000000,16945000.000000,0.000000,0.000000,0.747000
MRT,2022-06-30,2022-06-30,2022-06-30,2022-Q2,64225000.000000,98122356.000000,2025-05-01,-3168000.000000,95718000.000000,113559250.000000,79398000.000000,16320000.000000,0.018000,0.366000,-770000.000000,57335000.000000,57335000.000000,0.000000,-84866000.000000,5.233000,0.865000,27318000.000000,684000.000000,26634000.000000,27318000.000000,3231000.000000,2509000.000000,0.000000,0.000000,0.000000,-84866000.000000,-82357000.000000,-40.272000,-82357000.000000,-84866000.000000,-84866000.000000,-0.005000,-0.005000,-0.005000,51317000.000000,75326500.000000,51317000.000000,48169356.000000,-1.000000,-0.585000,-71732000.000000,-0.512000,1.000000,2045000.000000,1.000000,10706000.000000,0.000000,39822000.000000,23249000.000000,0.000000,0.000000,0.000000,0.000000,44401000.000000,15173000.000000,29228000.000000,-46051000.000000,0.000000,2124000.000000,25000000.000000,0.000000,27124000.000000,-770000.000000,0.000000,-70962000.000000,-1443000.000000,-84866000.000000,-84866000.000000,-84866000.000000,0.000000,0.000000,-41.499000,82428000.000000,-80383000.000000,3574000.000000,0.000000,1.912000,-1.156000,-200.000000,3112000.000000,0.000000,1.000000,47.982000,68.516000,238000.000000,-337716000.000000,2045000.000000,2045000.000000,72614000.000000,-0.747000,-1.127000,-3.650000,-41.499000,14756000.000000,27034000.000000,1.000000,98122356.000000,140114997.000000,140114997.000000,0.015000,85012000.000000,16455000.000000,0.000000,0.000000,0.607000
MRT,2022-09-30,2022-09-30,2022-09-30,2022-Q3,120437000.000000,116765604.000000,2025-05-01,-3217000.000000,155327000.000000,120222750.000000,137119000.000000,18208000.000000,0.008000,0.638000,-754000.000000,121971000.000000,121971000.000000,0.000000,-86652000.000000,8.220000,0.166000,4365000.000000,1392000.000000,2973000.000000,4365000.000000,0.000000,2589000.000000,0.000000,0.000000,0.000000,-86652000.000000,-84063000.000000,-87.932000,-84063000.000000,-86652000.000000,-86652000.000000,-0.004000,-0.004000,-0.004000,133248000.000000,83064000.000000,133248000.000000,86748604.000000,-1.000000,-1.032000,-56706000.000000,-0.271000,1.000000,956000.000000,1.000000,9607000.000000,0.000000,11432000.000000,22391000.000000,0.000000,0.000000,0.000000,0.000000,22079000.000000,16682000.000000,5397000.000000,41723000.000000,0.000000,101445000.000000,0.000000,0.000000,101445000.000000,-754000.000000,0.000000,-55952000.000000,-3016000.000000,-86652000.000000,-86652000.000000,-86652000.000000,0.000000,0.000000,-90.640000,78793000.000000,-77837000.000000,1431000.000000,0.000000,0.876000,-1.348000,-297.500000,5160000.000000,0.000000,1.190000,122.140000,260.044000,140000.000000,-359101000.000000,956000.000000,956000.000000,69720000.000000,-0.721000,-1.043000,-3.870000,-90.640000,14910000.000000,26945000.000000,1.000000,98122356.000000,208909351.000000,208909351.000000,0.005000,145720000.000000,16259000.000000,0.000000,0.000000,0.698000
MRT,2022-12-31,2022-12-31,2022-12-31,2022-Q4,617930000.000000,855614994.000000,2025-05-01,-1893000.000000,664168000.000000,257921250.000000,656712000.000000,7456000.000000,0.003000,0.655000,-624000.000000,648607000.000000,648607000.000000,0.000000,-78782000.000000,16.933000,4.244000,518763000.000000,21460000.000000,497303000.000000,518763000.000000,0.000000,1263000.000000,0.000000,0.000000,0.000000,-74381000.000000,-73118000.000000,-103.713000,-73118000.000000,-74381000.000000,-78782000.000000,-0.004000,-0.004000,-0.004000,126654000.000000,93906500.000000,126654000.000000,738008994.000000,-10.000000,-10.093000,-42206000.000000,-0.218000,1.000000,705000.000000,1.000000,1798000.000000,4401000.000000,493744000.000000,144243500.000000,0.000000,0.000000,0.000000,0.000000,537514000.000000,38782000.000000,498732000.000000,576816000.000000,0.000000,100288000.000000,519956000.000000,0.000000,620244000.000000,-624000.000000,0.000000,-41582000.000000,-1222000.000000,-78782000.000000,-78782000.000000,-78782000.000000,0.000000,0.000000,-111.748000,72794000.000000,-72089000.000000,355000.000000,0.000000,6.756000,-10.861000,-1062.500000,5081000.000000,0.000000,4.250000,1213.638000,1165.501000,349000.000000,-378330000.000000,705000.000000,705000.000000,51999000.000000,-0.305000,-0.839000,-0.516000,-105.505000,11948000.000000,26743000.000000,1.000000,201321175.000000,193336063.000000,193336063.000000,0.004000,662370000.000000,5766000.000000,0.000000,0.000000,3.426000
MRT,2023-03-31,2023-03-31,2023-03-31,2023-Q1,230584000.000000,1220949389.000000,2025-05-01,-1396000.000000,254897000.000000,292527500.000000,248027000.000000,6870000.000000,0.002000,0.353000,-316000.000000,70969000.000000,70969000.000000,0.000000,-599761000.000000,14.219000,0.910000,104184000.000000,1693000.000000,102491000.000000,104184000.000000,0.000000,738000.000000,0.000000,0.000000,0.000000,-595360000.000000,-594622000.000000,-1306.862000,-594622000.000000,-595360000.000000,-599761000.000000,-0.017000,-0.017000,-0.017000,133482000.000000,111175250.000000,133482000.000000,1091105389.000000,-2.000000,-1.835000,-36028000.000000,-0.095000,1.000000,455000.000000,1.000000,1839000.000000,4401000.000000,268830000.000000,203457000.000000,0.000000,170963000.000000,170963000.000000,0.000000,121415000.000000,17443000.000000,103972000.000000,-6481000.000000,-475015000.000000,204899000.000000,470270000.000000,0.000000,675169000.000000,-645326000.000000,-169995000.000000,-35712000.000000,-612000.000000,-599761000.000000,-599761000.000000,-599761000.000000,0.000000,0.000000,-1318.156000,587540000.000000,-587085000.000000,710000.000000,0.000000,9.147000,-2.036000,-102.941000,4340000.000000,0.000000,1.750000,2683.405000,1454.479000,0.000000,-920706000.000000,455000.000000,455000.000000,41326000.000000,-2.050000,-5.395000,-2.926000,-1308.484000,10727000.000000,27024000.000000,1.000000,697685365.000000,378163980.000000,378163980.000000,0.001000,253058000.000000,5035000.000000,0.000000,0.000000,0.669000
MRT,2023-06-30,2023-06-30,2023-06-30,2023-Q2,215570000.000000,1751190266.000000,2025-05-01,-2437000.000000,237372000.000000,327941000.000000,227501000.000000,9871000.000000,0.001000,0.171000,183000.000000,42116000.000000,42116000.000000,0.000000,-597707000.000000,19.068000,0.985000,107259000.000000,2928000.000000,104331000.000000,107259000.000000,0.000000,193000.000000,0.000000,0.000000,0.000000,-593306000.000000,-593113000.000000,-2695.968000,-593113000.000000,-593306000.000000,-597707000.000000,-0.016000,-0.016000,-0.016000,119599000.000000,128245750.000000,119599000.000000,1784405266.000000,-3.000000,-3.009000,-45585000.000000,-0.065000,1.000000,220000.000000,1.000000,1883000.000000,4401000.000000,288701000.000000,265676750.000000,0.000000,172898000.000000,172898000.000000,0.000000,117773000.000000,11931000.000000,105842000.000000,-15219000.000000,-475015000.000000,204819000.000000,470270000.000000,0.000000,675089000.000000,-644826000.000000,-169994000.000000,-45768000.000000,286000.000000,-597707000.000000,-597707000.000000,-597707000.000000,0.000000,0.000000,-2716.850000,590407000.000000,-590187000.000000,987000.000000,0.000000,14.642000,-2.930000,-156.875000,7221000.000000,0.000000,2.510000,7959.956000,7959.915000,0.000000,-935423000.000000,220000.000000,220000.000000,41769000.000000,-1.823000,-4.661000,-2.233000,-2696.845000,10106000.000000,26407000.000000,1.000000,697685365.000000,697685365.000000,697685365.000000,0.000000,235489000.000000,5120000.000000,0.000000,0.000000,0.338000
MRT,2023-09-30,2023-09-30,2023-09-30,2023-Q3,91209000.000000,1304671633.000000,2025-05-01,-2323000.000000,218476000.000000,343728250.000000,204951000.000000,13525000.000000,0.000000,0.142000,110000.000000,23792000.000000,23792000.000000,0.000000,-597590000.000000,1.802000,1.198000,106659000.000000,102780000.000000,3879000.000000,106659000.000000,0.000000,-487000.000000,0.000000,0.000000,0.000000,-593189000.000000,-593676000.000000,,-593676000.000000,-593189000.000000,-597590000.000000,-0.015000,-0.015000,-0.015000,99379000.000000,119778500.000000,99379000.000000,1369814633.000000,-2.000000,-2.307000,-52000000.000000,-0.075000,1.000000,0.000000,,1814000.000000,4401000.000000,185787000.000000,309265500.000000,0.000000,175153000.000000,175153000.000000,0.000000,119097000.000000,113742000.000000,5355000.000000,-98179000.000000,-475015000.000000,105051000.000000,495270000.000000,0.000000,600321000.000000,-648332000.000000,-173427000.000000,-52110000.000000,1942000.000000,-597590000.000000,-597590000.000000,-597590000.000000,0.000000,0.000000,,593739000.000000,-593739000.000000,3314000.000000,0.000000,13.128000,-2.183000,-124.667000,6632000.000000,0.000000,1.870000,,,0.000000,-956691000.000000,0.000000,0.000000,40043000.000000,-1.739000,-4.989000,-1.918000,,8013000.000000,26268000.000000,1.000000,697685365.000000,697739477.000000,697739477.000000,0.000000,216662000.000000,1559000.000000,0.000000,0.000000,0.311000
MRT,2023-12-31,2023-12-31,2023-12-31,2023-Q4,169307000.000000,1829199964.000000,2025-05-01,-2448000.000000,202949000.000000,228423500.000000,189712000.000000,13237000.000000,0.000000,0.125000,98000.000000,71425000.000000,71425000.000000,0.000000,-614928000.000000,9.297000,1.612000,106099000.000000,2809000.000000,103290000.000000,106099000.000000,0.000000,198000.000000,0.000000,0.000000,0.000000,-598467000.000000,-598269000.000000,,-598269000.000000,-598467000.000000,-614928000.000000,-0.010000,-0.010000,-0.010000,77692000.000000,107538000.000000,77692000.000000,1912066964.000000,-3.000000,-3.196000,-76662000.000000,-0.124000,1.000000,0.000000,,1893000.000000,16461000.000000,215325000.000000,239660750.000000,0.000000,114817000.000000,114817000.000000,0.000000,125257000.000000,20405000.000000,104852000.000000,-577182000.000000,-475015000.000000,111199000.000000,-24686000.000000,0.000000,86513000.000000,-587774000.000000,-112857000.000000,-76760000.000000,839000.000000,-614928000.000000,-614928000.000000,-614928000.000000,0.000000,0.000000,,609650000.000000,-609650000.000000,2667000.000000,0.000000,23.544000,-2.975000,-261.000000,6063000.000000,0.000000,2.610000,,,0.000000,-993258000.000000,0.000000,0.000000,59471000.000000,-2.692000,-5.718000,-2.497000,,14108000.000000,30265000.000000,1.000000,700842898.000000,619646180.000000,619646180.000000,0.000000,201056000.000000,1807000.000000,0.000000,0.000000,0.324000
MRT,2024-03-31,2024-03-31,2024-03-31,2024-Q1,139827000.000000,2905026321.000000,2025-05-01,-2449000.000000,176781000.000000,208894500.000000,163265000.000000,13516000.000000,0.000000,0.063000,147000.000000,61611000.000000,61611000.000000,0.000000,-116025000.000000,6.966000,2.999000,109522000.000000,3699000.000000,105823000.000000,109522000.000000,0.000000,135000.000000,0.000000,0.000000,0.000000,-96443000.000000,-96308000.000000,,-96308000.000000,-96443000.000000,-116025000.000000,-0.001000,-0.001000,-0.001000,44210000.000000,85220000.000000,44210000.000000,2939700321.000000,-30.000000,-30.524000,-93616000.000000,-0.133000,1.000000,0.000000,,1875000.000000,19582000.000000,199379000.000000,222298000.000000,0.000000,95386000.000000,95386000.000000,0.000000,132571000.000000,23438000.000000,109133000.000000,-9358000.000000,0.000000,6886000.000000,0.000000,0.000000,6886000.000000,77160000.000000,77013000.000000,-93763000.000000,359000.000000,-116025000.000000,-116025000.000000,-116025000.000000,0.000000,0.000000,,114885000.000000,-114885000.000000,6371000.000000,0.000000,65.710000,-25.038000,-4140.000000,9554000.000000,0.000000,4.140000,,,0.000000,-1036731000.000000,0.000000,0.000000,80461000.000000,-0.555000,-1.361000,-0.434000,,20840000.000000,34841000.000000,1.000000,701697179.000000,701785250.000000,701785250.000000,0.000000,174906000.000000,1157000.000000,0.000000,0.000000,0.249000
MRT,2024-06-30,2024-06-30,2024-06-30,2024-Q2,188626000.000000,5475440849.000000,2025-05-01,-2499000.000000,341856000.000000,235015500.000000,328794000.000000,13062000.000000,0.000000,0.276000,-122000.000000,28754000.000000,28754000.000000,0.000000,-161693000.000000,2.346000,0.752000,108705000.000000,103688000.000000,5017000.000000,108705000.000000,0.000000,109000.000000,0.000000,0.000000,0.000000,-142111000.000000,-142002000.000000,,-142002000.000000,-142111000.000000,-161693000.000000,-0.002000,-0.002000,-0.002000,195075000.000000,104089000.000000,195075000.000000,5523351849.000000,-39.000000,-38.896000,-97614000.000000,-0.138000,1.000000,0.000000,,1880000.000000,19582000.000000,279759000.000000,220062500.000000,0.000000,297035000.000000,297035000.000000,0.000000,146781000.000000,140168000.000000,6613000.000000,-13362000.000000,0.000000,207077000.000000,0.000000,0.000000,207178000.000000,-123126000.000000,-123004000.000000,-97492000.000000,78000.000000,-161693000.000000,-161693000.000000,-161693000.000000,0.000000,0.000000,,158708000.000000,-158708000.000000,3340000.000000,0.000000,28.068000,-33.863000,-3900.000000,8939000.000000,0.000000,7.800000,,,0.000000,-1097116000.000000,0.000000,0.000000,101808000.000000,-0.688000,-1.553000,-0.646000,,30053000.000000,42496000.000000,1.000000,701979596.000000,707904643.000000,707904643.000000,0.000000,339976000.000000,1317000.000000,0.000000,0.000000,0.480000
MRT,2024-09-30,2024-09-30,2024-09-30,2024-Q3,431281000.000000,15867376747.000000,2025-05-01,-2308000.000000,502852000.000000,306109500.000000,490290000.000000,12562000.000000,0.000000,0.603000,-127000.000000,94098000.000000,94098000.000000,0.000000,-196679000.000000,8.309000,0.148000,32499000.000000,28292000.000000,4207000.000000,32499000.000000,0.000000,97000.000000,0.000000,0.000000,0.000000,-177097000.000000,-177000000.000000,,-177000000.000000,-177097000.000000,-196679000.000000,-0.002000,-0.002000,-0.002000,437920000.000000,188724250.000000,437920000.000000,15947327747.000000,-90.000000,-90.098000,-113019000.000000,-0.156000,1.000000,0.000000,,1991000.000000,19582000.000000,380253000.000000,268679000.000000,0.000000,393122000.000000,393122000.000000,0.000000,64932000.000000,59009000.000000,5923000.000000,70306000.000000,-15007000.000000,486490000.000000,-75500000.000000,0.000000,411091000.000000,-228255000.000000,-213121000.000000,-112892000.000000,362000.000000,-196679000.000000,-196679000.000000,-196679000.000000,0.000000,0.000000,,196594000.000000,-196594000.000000,3252000.000000,0.000000,36.234000,-80.677000,-10950.000000,8241000.000000,0.000000,21.900000,,,0.000000,-1153370000.000000,0.000000,0.000000,124209000.000000,-0.643000,-1.042000,-0.659000,,48719000.000000,57452000.000000,1.000000,724537751.000000,726656045.000000,726656045.000000,0.000000,500861000.000000,1127000.000000,0.000000,0.000000,0.689000
MRT,2024-12-31,2024-12-31,2024-12-31,2024-Q4,382021000.000000,13159762165.000000,2025-05-01,-2285000.000000,435560000.000000,364262250.000000,423750000.000000,11810000.000000,0.000000,0.541000,-139000.000000,105187000.000000,105187000.000000,0.000000,-221315000.000000,10.155000,0.120000,7218000.000000,3765000.000000,3453000.000000,7218000.000000,0.000000,89000.000000,0.000000,0.000000,0.000000,-212629000.000000,-212540000.000000,,-212540000.000000,-212629000.000000,-221315000.000000,-0.003000,-0.003000,-0.003000,388748000.000000,266488250.000000,388748000.000000,13098163165.000000,-62.000000,-61.627000,-142245000.000000,-0.198000,1.000000,0.000000,,1864000.000000,8686000.000000,293998000.000000,288347250.000000,0.000000,307487000.000000,307487000.000000,0.000000,46812000.000000,41729000.000000,5083000.000000,33762000.000000,-15007000.000000,481227000.000000,-100000000.000000,0.000000,381227000.000000,-205341000.000000,-190195000.000000,-142106000.000000,-18000.000000,-221315000.000000,-221315000.000000,-221315000.000000,0.000000,0.000000,,225998000.000000,-225998000.000000,4636000.000000,0.000000,33.852000,-59.462000,-5948.333000,7398000.000000,0.000000,17.845000,,,0.000000,-1214573000.000000,0.000000,0.000000,150777000.000000,-0.608000,-0.830000,-0.737000,,50981000.000000,60527000.000000,1.000000,737448146.000000,718541896.000000,718541896.000000,0.000000,433696000.000000,0.000000,0.000000,0.000000,0.604000
MRT,2025-03-31,2025-03-31,2025-03-31,2025-Q1,335874000.000000,14229841490.000000,2025-05-01,-2563000.000000,383822000.000000,416022500.000000,370751000.000000,13071000.000000,0.000000,0.467000,-557000.000000,211844000.000000,211844000.000000,0.000000,-240755000.000000,10.630000,0.115000,6450000.000000,3543000.000000,2907000.000000,6450000.000000,0.000000,87000.000000,0.000000,0.000000,0.000000,-232069000.000000,-231982000.000000,,-231982000.000000,-232069000.000000,-240755000.000000,-0.003000,-0.003000,-0.003000,344330000.000000,341518250.000000,344330000.000000,14131872490.000000,-61.000000,-60.918000,-173697000.000000,-0.235000,1.000000,0.000000,,1923000.000000,8686000.000000,141628000.000000,273909500.000000,0.000000,149789000.000000,149789000.000000,0.000000,39492000.000000,34877000.000000,4615000.000000,150233000.000000,-15007000.000000,482761000.000000,-100000000.000000,0.000000,388419000.000000,-65102000.000000,-49538000.000000,-173140000.000000,56000.000000,-240755000.000000,-240755000.000000,-240755000.000000,0.000000,0.000000,,250460000.000000,-250460000.000000,4994000.000000,0.000000,41.326000,-59.105000,-6430.000000,7003000.000000,0.000000,19.290000,,,0.000000,-1277486000.000000,0.000000,0.000000,171169000.000000,-0.579000,-0.705000,-0.847000,,52570000.000000,64384000.000000,1.000000,737679704.000000,738076003.000000,738076003.000000,0.000000,381899000.000000,0.000000,0.000000,0.000000,0.517000
MRY,2012-12-31,2013-01-31,2013-01-31,2013-FY,,,2025-05-01,,,,,,,,-41250.000000,,,0.000000,-5281250.000000,,,,,,,,60000.000000,,,0.000000,-5707500.000000,-5647500.000000,,-5647500.000000,-5707500.000000,-5707500.000000,-1.688000,-1.688000,-1.688000,,,,,,,-4025000.000000,,1.000000,0.000000,,,0.000000,,,,,,,,,,1628750.000000,0.000000,6282500.000000,0.000000,0.000000,5693750.000000,-81250.000000,0.000000,-3983750.000000,0.000000,-5281250.000000,-5281250.000000,-5281250.000000,0.000000,0.000000,,5721250.000000,-5721250.000000,,0.000000,,,,,0.000000,,,,,,0.000000,0.000000,5913750.000000,,,,,143750.000000,2176250.000000,1.000000,,,,,,,-426250.000000,,
MRY,2013-12-31,2014-01-31,2014-01-31,2014-FY,1532500.000000,,2025-05-01,0.000000,9118750.000000,,3868750.000000,5250000.000000,,0.510000,81250.000000,2537500.000000,2537500.000000,0.000000,-7616250.000000,1.656000,0.532000,0.000000,0.000000,0.000000,0.000000,0.000000,21250.000000,0.000000,,0.000000,-8375000.000000,-8353750.000000,,-8353750.000000,-8375000.000000,-8375000.000000,-1.875000,-1.875000,-1.875000,5952500.000000,,5952500.000000,,,,-7255000.000000,-0.621000,1.000000,0.000000,,5196250.000000,0.000000,-951250.000000,,0.000000,0.000000,0.000000,0.000000,3166250.000000,2336250.000000,830000.000000,-1686250.000000,0.000000,5828750.000000,0.000000,0.000000,5570000.000000,80000.000000,0.000000,-7336250.000000,0.000000,-7616250.000000,-7616250.000000,-7616250.000000,0.000000,0.000000,,8386250.000000,-8386250.000000,2315000.000000,0.000000,,,,53750.000000,0.000000,,,,538750.000000,-56478750.000000,0.000000,0.000000,8263750.000000,,,,,282500.000000,2427500.000000,1.000000,11673539.000000,11673539.000000,,0.000000,3922500.000000,792500.000000,-758750.000000,830000.000000,0.336000
MRY,2014-12-31,2015-01-31,2015-01-31,2015-FY,14530000.000000,,2025-05-01,77500.000000,24245000.000000,16681875.000000,18992500.000000,5252500.000000,0.000000,1.388000,-43750.000000,14081250.000000,14081250.000000,0.000000,-14230000.000000,4.256000,0.496000,2693750.000000,0.000000,2693750.000000,2693750.000000,0.000000,41250.000000,0.000000,,0.000000,-15227500.000000,-15186250.000000,,-15186250.000000,-15227500.000000,-15851250.000000,-1.812000,-1.812000,-1.812000,16202500.000000,11077500.000000,16202500.000000,,,,-14627500.000000,-1.253000,1.000000,0.000000,,5183750.000000,623750.000000,3211250.000000,1130000.000000,0.000000,0.000000,0.000000,0.000000,8042500.000000,4462500.000000,3580000.000000,11543750.000000,0.000000,27532500.000000,0.000000,0.000000,25285000.000000,20000.000000,0.000000,-14583750.000000,0.000000,-14230000.000000,-14230000.000000,-14230000.000000,0.000000,0.000000,,15291250.000000,-15291250.000000,4462500.000000,0.000000,,,,68750.000000,0.000000,,,,3287500.000000,-15332500.000000,0.000000,0.000000,13021250.000000,-0.853000,-1.285000,-13.476000,,1201250.000000,4630000.000000,1.000000,11673539.000000,11673539.000000,,0.000000,19061250.000000,1623750.000000,-1621250.000000,830000.000000,1.633000
MRY,2015-12-31,2016-01-31,2016-01-31,2016-FY,22038750.000000,105061855.000000,2025-05-01,26250.000000,31321250.000000,56321875.000000,26046250.000000,5275000.000000,0.000000,1.722000,-82500.000000,20380000.000000,20380000.000000,0.000000,-25171250.000000,6.499000,0.558000,6292500.000000,0.000000,6292500.000000,6292500.000000,0.000000,60000.000000,0.000000,0.000000,0.000000,-25395000.000000,-25335000.000000,,-25335000.000000,-25395000.000000,-28993750.000000,-2.125000,-2.125000,-2.125000,20100000.000000,48519375.000000,20100000.000000,62221855.000000,-2.000000,-2.456000,-21560000.000000,-1.847000,1.000000,0.000000,,5171250.000000,3598750.000000,8055000.000000,2749688.000000,0.000000,0.000000,0.000000,0.000000,11221250.000000,4007500.000000,7213750.000000,6147500.000000,0.000000,32903750.000000,0.000000,0.000000,27670000.000000,-45000.000000,0.000000,-21477500.000000,151250.000000,-25171250.000000,-25171250.000000,-25171250.000000,0.000000,0.000000,,25432500.000000,-25432500.000000,4007500.000000,0.000000,5.227000,-4.174000,-4.235000,103750.000000,0.000000,9.000000,,,1898750.000000,-40503750.000000,0.000000,0.000000,21070000.000000,-0.447000,-0.519000,-9.236000,,1450000.000000,5963750.000000,1.000000,11673539.000000,11673539.000000,,0.000000,26150000.000000,3767500.000000,-3822500.000000,830000.000000,2.240000
MRY,2016-12-31,2017-01-31,2017-01-31,2017-FY,28051250.000000,128342810.000000,2025-05-01,62500.000000,46983750.000000,43463750.000000,41671250.000000,5312500.000000,0.066000,-0.356000,-101250.000000,35077500.000000,35077500.000000,0.000000,-26713750.000000,3.060000,-11.761000,7398750.000000,0.000000,7398750.000000,7398750.000000,38158750.000000,72500.000000,0.000000,0.000000,0.000000,-31056250.000000,-30983750.000000,-10.758000,-30983750.000000,-31056250.000000,-32133750.000000,-2.188000,-2.188000,-2.188000,-4366250.000000,11190938.000000,-4366250.000000,84182810.000000,-3.000000,-2.717000,15075000.000000,1.230000,1.000000,2880000.000000,1.000000,5167500.000000,1077500.000000,517500.000000,1485625.000000,0.000000,0.000000,0.000000,0.000000,51350000.000000,13620000.000000,37730000.000000,15592500.000000,0.000000,487500.000000,0.000000,0.000000,516250.000000,-100000.000000,0.000000,15176250.000000,-895000.000000,-26713750.000000,-26713750.000000,-26713750.000000,0.000000,0.000000,-9.276000,33946250.000000,-31066250.000000,4980000.000000,0.000000,-29.394000,-4.804000,-4.785000,145000.000000,0.000000,10.470000,44.563000,44.563000,1283750.000000,-67217500.000000,2880000.000000,2880000.000000,23690000.000000,-0.615000,-2.387000,-20.905000,-10.783000,1723750.000000,10346250.000000,1.000000,12258148.000000,12258148.000000,,0.235000,41816250.000000,5310000.000000,-5420000.000000,706250.000000,3.411000
MRY,2017-12-31,2018-01-31,2018-01-31,2018-FY,16075000.000000,169816940.000000,2025-05-01,46250.000000,68966250.000000,66909375.000000,44803750.000000,24162500.000000,0.231000,-0.319000,-450000.000000,25127500.000000,25127500.000000,0.000000,-25197500.000000,1.560000,-18.504000,5470000.000000,405000.000000,5065000.000000,5470000.000000,51380000.000000,500000.000000,0.000000,0.000000,0.000000,-28416250.000000,-27916250.000000,-1.807000,-27916250.000000,-28416250.000000,-29900000.000000,-1.938000,-1.938000,-1.938000,-3940000.000000,-5352188.000000,-3940000.000000,121311940.000000,-4.000000,-4.346000,-18625000.000000,-1.506000,1.000000,15450000.000000,1.000000,21578750.000000,1483750.000000,-998750.000000,4951562.000000,0.000000,0.000000,0.000000,0.000000,72906250.000000,28728750.000000,44177500.000000,-7532500.000000,-5968750.000000,19166250.000000,-186250.000000,0.000000,17195000.000000,-6552500.000000,0.000000,-18175000.000000,-2417500.000000,-25197500.000000,-25197500.000000,-25197500.000000,0.000000,0.000000,-1.631000,47736250.000000,-32286250.000000,11031250.000000,0.000000,-43.101000,-6.739000,-7.085000,2583750.000000,0.000000,13.730000,10.991000,10.991000,13858750.000000,-92415000.000000,15450000.000000,15450000.000000,36223750.000000,-0.377000,4.708000,-5.739000,-1.839000,2008750.000000,14918750.000000,1.000000,12368313.000000,12368313.000000,,1.249000,47387500.000000,5817500.000000,-4702500.000000,2973750.000000,3.831000
MRY,2018-12-31,2019-01-31,2019-01-31,2019-FY,41978750.000000,19560568.000000,2025-05-01,70000.000000,75793750.000000,83426562.000000,58346250.000000,17447500.000000,0.684000,3.102000,-157000.000000,33572500.000000,33572500.000000,0.000000,10869000.000000,3.565000,0.425000,1256250.000000,447500.000000,808750.000000,1256250.000000,5256250.000000,1952000.000000,0.000000,0.000000,0.000000,9083000.000000,11035000.000000,0.193000,11035000.000000,9083000.000000,9083000.000000,0.006000,0.006000,0.006000,53171250.000000,40527188.000000,53171250.000000,-1275682.000000,0.000000,-0.116000,-35263000.000000,-2.057000,1.000000,57088000.000000,1.000000,15522500.000000,0.000000,11587500.000000,7545000.000000,0.000000,0.000000,0.000000,0.000000,22622500.000000,16367500.000000,6255000.000000,6750000.000000,-167000.000000,44510000.000000,0.000000,0.000000,44510000.000000,-331000.000000,0.000000,-35106000.000000,-2323000.000000,10869000.000000,10869000.000000,10869000.000000,0.000000,0.000000,0.190000,51699000.000000,5389000.000000,10916250.000000,0.000000,0.368000,1.800000,221.583000,1925000.000000,0.000000,1.329000,0.343000,0.399000,16863750.000000,-70130000.000000,57088000.000000,57088000.000000,52003000.000000,0.130000,0.268000,1.204000,0.159000,6295000.000000,17014000.000000,1.000000,14712725.000000,17140494.000000,17228718.000000,3.331000,60271250.000000,7910000.000000,-1786000.000000,2093750.000000,3.516000
MRY,2019-12-31,2019-12-31,2019-12-31,2019-FY,65861000.000000,51324762.000000,2025-05-01,-4764000.000000,96248000.000000,,79628000.000000,16620000.000000,,2.458000,-265000.000000,63842000.000000,63842000.000000,,,5.784000,0.220000,893000.000000,471000.000000,422000.000000,893000.000000,3108000.000000,2128750.000000,0.000000,0.000000,0.000000,,,,,,,,,,78863000.000000,,78863000.000000,35274762.000000,,,-26248750.000000,-0.818000,1.000000,,,15081000.000000,,4451000.000000,,0.000000,0.000000,0.000000,0.000000,17385000.000000,13767000.000000,3618000.000000,34325000.000000,-910000.000000,62501250.000000,-593750.000000,,60745000.000000,-436250.000000,,-25983750.000000,1433750.000000,,,,,,,,,4471000.000000,,0.651000,,,1539000.000000,,1.600000,,,541000.000000,-158249000.000000,,,,,,,,1097500.000000,,1.000000,32077976.000000,32077976.000000,,,81167000.000000,5084000.000000,,0.000000,2.530000
MRY,2020-12-31,2020-12-31,2020-12-31,2020-FY,67784000.000000,386622019.000000,2025-05-01,-3794000.000000,102498000.000000,99373000.000000,87674000.000000,14824000.000000,0.009000,1.143000,-421000.000000,66417000.000000,66417000.000000,0.000000,-52697000.000000,4.408000,0.290000,465000.000000,390000.000000,75000.000000,465000.000000,8939000.000000,2003000.000000,0.000000,0.000000,0.000000,-52910000.000000,-50907000.000000,-59.194000,-50907000.000000,-52910000.000000,-52910000.000000,-0.008000,-0.008000,-0.008000,79453000.000000,79158000.000000,79453000.000000,365900019.000000,-7.000000,-7.188000,-48532000.000000,-0.698000,1.000000,860000.000000,1.000000,13545000.000000,0.000000,3111000.000000,3781000.000000,0.000000,0.000000,0.000000,0.000000,23045000.000000,19890000.000000,3155000.000000,2575000.000000,0.000000,50551000.000000,0.000000,0.000000,50551000.000000,-421000.000000,0.000000,-48111000.000000,556000.000000,-52697000.000000,-52697000.000000,-52697000.000000,0.000000,0.000000,-61.276000,54053000.000000,-53193000.000000,6140000.000000,0.000000,4.866000,-7.337000,-587.500000,1279000.000000,0.000000,4.700000,449.560000,379.958000,331000.000000,-210946000.000000,860000.000000,860000.000000,53274000.000000,-0.530000,-0.666000,-13.994000,-61.523000,1766000.000000,19232000.000000,1.000000,82260004.000000,69524148.000000,69524148.000000,0.012000,88953000.000000,9856000.000000,-213000.000000,0.000000,1.279000
MRY,2021-12-31,2021-12-31,2021-12-31,2021-FY,71689000.000000,262851862.000000,2025-05-01,-2197000.000000,113374000.000000,132089500.000000,97312000.000000,16062000.000000,0.014000,0.632000,-306000.000000,71791000.000000,71791000.000000,0.000000,-88602000.000000,3.798000,0.361000,2782000.000000,1091000.000000,1691000.000000,2782000.000000,7939000.000000,2455000.000000,0.000000,0.000000,0.000000,-88602000.000000,-86147000.000000,-47.621000,-86147000.000000,-88602000.000000,-88602000.000000,-0.007000,-0.007000,-0.007000,83284000.000000,92353500.000000,83284000.000000,184440862.000000,-2.000000,-2.141000,-72893000.000000,-0.553000,1.000000,1809000.000000,1.000000,12408000.000000,0.000000,6334000.000000,9722250.000000,0.000000,0.000000,0.000000,0.000000,30090000.000000,25623000.000000,4467000.000000,5374000.000000,0.000000,77970000.000000,-54000.000000,0.000000,77916000.000000,-306000.000000,0.000000,-72587000.000000,351000.000000,-88602000.000000,-88602000.000000,-88602000.000000,0.000000,0.000000,-48.978000,87995000.000000,-86186000.000000,4374000.000000,0.000000,3.156000,-2.967000,-384.286000,3484000.000000,0.000000,2.690000,145.302000,195.860000,1464000.000000,-299548000.000000,1809000.000000,1809000.000000,85352000.000000,-0.671000,-0.959000,-9.113000,-48.978000,12804000.000000,23611000.000000,1.000000,97714447.000000,131714225.000000,131714225.000000,0.014000,100966000.000000,15695000.000000,0.000000,0.000000,0.767000
MRY,2022-12-31,2022-12-31,2022-12-31,2022-FY,617930000.000000,855614994.000000,2025-05-01,-1893000.000000,664168000.000000,257921250.000000,656712000.000000,7456000.000000,0.003000,0.655000,-624000.000000,648607000.000000,648607000.000000,0.000000,-78782000.000000,16.933000,4.244000,518763000.000000,21460000.000000,497303000.000000,518763000.000000,0.000000,1263000.000000,0.000000,0.000000,0.000000,-74381000.000000,-73118000.000000,-103.713000,-73118000.000000,-74381000.000000,-78782000.000000,-0.004000,-0.004000,-0.004000,126654000.000000,93906500.000000,126654000.000000,738008994.000000,-10.000000,-10.093000,-42206000.000000,-0.218000,1.000000,705000.000000,1.000000,1798000.000000,4401000.000000,493744000.000000,144243500.000000,0.000000,0.000000,0.000000,0.000000,537514000.000000,38782000.000000,498732000.000000,576816000.000000,0.000000,100288000.000000,519956000.000000,0.000000,620244000.000000,-624000.000000,0.000000,-41582000.000000,-1222000.000000,-78782000.000000,-78782000.000000,-78782000.000000,0.000000,0.000000,-111.748000,72794000.000000,-72089000.000000,355000.000000,0.000000,6.756000,-10.861000,-1062.500000,5081000.000000,0.000000,4.250000,1213.638000,1165.501000,349000.000000,-378330000.000000,705000.000000,705000.000000,51999000.000000,-0.305000,-0.839000,-0.516000,-105.505000,11948000.000000,26743000.000000,1.000000,201321175.000000,193336063.000000,193336063.000000,0.004000,662370000.000000,5766000.000000,0.000000,0.000000,3.426000
MRY,2023-12-31,2023-12-31,2023-12-31,2023-FY,169307000.000000,1829199964.000000,2025-05-01,-2448000.000000,202949000.000000,228423500.000000,189712000.000000,13237000.000000,0.000000,0.125000,98000.000000,71425000.000000,71425000.000000,0.000000,-614928000.000000,9.297000,1.612000,106099000.000000,2809000.000000,103290000.000000,106099000.000000,0.000000,198000.000000,0.000000,0.000000,0.000000,-598467000.000000,-598269000.000000,,-598269000.000000,-598467000.000000,-614928000.000000,-0.010000,-0.010000,-0.010000,77692000.000000,107538000.000000,77692000.000000,1912066964.000000,-3.000000,-3.196000,-76662000.000000,-0.124000,1.000000,0.000000,,1893000.000000,16461000.000000,215325000.000000,239660750.000000,0.000000,114817000.000000,114817000.000000,0.000000,125257000.000000,20405000.000000,104852000.000000,-577182000.000000,-475015000.000000,111199000.000000,-24686000.000000,0.000000,86513000.000000,-587774000.000000,-112857000.000000,-76760000.000000,839000.000000,-614928000.000000,-614928000.000000,-614928000.000000,0.000000,0.000000,,609650000.000000,-609650000.000000,2667000.000000,0.000000,23.544000,-2.975000,-261.000000,6063000.000000,0.000000,2.610000,,,0.000000,-993258000.000000,0.000000,0.000000,59471000.000000,-2.692000,-5.718000,-2.497000,,14108000.000000,30265000.000000,1.000000,700842898.000000,619646180.000000,619646180.000000,0.000000,201056000.000000,1807000.000000,0.000000,0.000000,0.324000
MRY,2024-12-31,2024-12-31,2024-12-31,2024-FY,382021000.000000,13159762165.000000,2025-05-01,-2285000.000000,435560000.000000,364262250.000000,423750000.000000,11810000.000000,0.000000,0.541000,-139000.000000,105187000.000000,105187000.000000,0.000000,-221315000.000000,10.155000,0.120000,7218000.000000,3765000.000000,3453000.000000,7218000.000000,0.000000,89000.000000,0.000000,0.000000,0.000000,-212629000.000000,-212540000.000000,,-212540000.000000,-212629000.000000,-221315000.000000,-0.003000,-0.003000,-0.003000,388748000.000000,266488250.000000,388748000.000000,13098163165.000000,-62.000000,-61.627000,-142245000.000000,-0.198000,1.000000,0.000000,,1864000.000000,8686000.000000,293998000.000000,288347250.000000,0.000000,307487000.000000,307487000.000000,0.000000,46812000.000000,41729000.000000,5083000.000000,33762000.000000,-15007000.000000,481227000.000000,-100000000.000000,0.000000,381227000.000000,-205341000.000000,-190195000.000000,-142106000.000000,-18000.000000,-221315000.000000,-221315000.000000,-221315000.000000,0.000000,0.000000,,225998000.000000,-225998000.000000,4636000.000000,0.000000,33.852000,-59.462000,-5948.333000,7398000.000000,0.000000,17.845000,,,0.000000,-1214573000.000000,0.000000,0.000000,150777000.000000,-0.608000,-0.830000,-0.737000,,50981000.000000,60527000.000000,1.000000,737448146.000000,718541896.000000,718541896.000000,0.000000,433696000.000000,0.000000,0.000000,0.000000,0.604000
