dimension,calendardate,datekey,reportperiod,fiscalperiod,workingcapital,marketcap,lastupdated,accoci,assets,assetsavg,assetsc,assetsnc,assetturnover,bvps,capex,cashneq,cashnequsd,cor,consolinc,currentratio,de,debt,debtc,debtnc,debtusd,deferredrev,depamor,deposits,divyield,dps,ebit,ebitda,ebitdamargin,ebitdausd,ebitusd,ebt,eps,epsdil,epsusd,equity,equityavg,equityusd,ev,evebit,evebitda,fcf,fcfps,fxusd,gp,grossmargin,intangibles,intexp,invcap,invcapavg,inventory,investments,investmentsc,investmentsnc,liabilities,liabilitiesc,liabilitiesnc,ncf,ncfbus,ncfcommon,ncfdebt,ncfdiv,ncff,ncfi,ncfinv,ncfo,ncfx,netinc,netinccmn,netinccmnusd,netincdis,netincnci,netmargin,opex,opinc,payables,payoutratio,pb,pe,pe1,ppnenet,prefdivis,price,ps,ps1,receivables,retearn,revenue,revenueusd,rnd,roa,roe,roic,ros,sbcomp,sgna,sharefactor,sharesbas,shareswa,shareswadil,sps,tangibles,taxassets,taxexp,taxliabilities,tbvps
ARQ,2014-12-31,2015-06-24,2014-12-31,2014-Q4,41638000.000000,,2025-05-01,0.000000,92007000.000000,,54662000.000000,37345000.000000,,-34.407000,,46436000.000000,46436000.000000,,,4.197000,-2.362000,26029000.000000,833000.000000,25196000.000000,26029000.000000,0.000000,,0.000000,,0.000000,,,,,,,,,,-67535000.000000,,-67535000.000000,,,,,,1.000000,,,35984000.000000,,22592000.000000,,0.000000,0.000000,0.000000,0.000000,159542000.000000,13024000.000000,146518000.000000,,,,,,,,,,,,,,,,,,,2210000.000000,,,,,1065000.000000,,,,,6839000.000000,-72490000.000000,,,,,,,,,,1.000000,35796346.000000,1962845.000000,,,56023000.000000,12000.000000,,494000.000000,28.542000
ARQ,2015-06-30,2015-08-12,2015-06-30,2015-Q2,3968000.000000,1094474125.000000,2025-05-01,0.000000,106941000.000000,,30059000.000000,76882000.000000,,-33.284000,,15423000.000000,15423000.000000,4793000.000000,-17064000.000000,1.152000,-2.356000,32658000.000000,1250000.000000,31408000.000000,32658000.000000,0.000000,,0.000000,0.000000,0.000000,-16251000.000000,,,,-16251000.000000,-16893000.000000,-7.200000,-7.200000,-7.200000,-78888000.000000,,-78888000.000000,1111709125.000000,,,,,1.000000,13490000.000000,0.738000,72463000.000000,642000.000000,25622000.000000,,0.000000,0.000000,0.000000,0.000000,185829000.000000,26091000.000000,159738000.000000,,,,,,,,,,,-17064000.000000,-17064000.000000,-17064000.000000,0.000000,0.000000,-0.933000,29741000.000000,-16251000.000000,6962000.000000,0.000000,-13.874000,,,4154000.000000,0.000000,28.510000,,,8954000.000000,-102257000.000000,18283000.000000,18283000.000000,3203000.000000,,,,,,25615000.000000,1.000000,38389131.000000,2370113.000000,2370113.000000,7.714000,34478000.000000,78000.000000,171000.000000,939000.000000,14.547000
ARQ,2015-09-30,2015-11-02,2015-09-30,2015-Q3,146641000.000000,753307728.000000,2025-05-01,4000.000000,243280000.000000,,163948000.000000,79332000.000000,,5.334000,-2340000.000000,54064000.000000,54064000.000000,4488000.000000,-13246000.000000,9.473000,0.264000,27113000.000000,1250000.000000,25863000.000000,27113000.000000,0.000000,1491000.000000,0.000000,0.000000,0.000000,-12595000.000000,-11104000.000000,-0.556000,-11104000.000000,-12595000.000000,-13084000.000000,-0.370000,-0.370000,-0.370000,192537000.000000,,192537000.000000,726356728.000000,,,-19122000.000000,-0.530000,1.000000,15485000.000000,0.775000,73196000.000000,489000.000000,125826000.000000,,0.000000,97934000.000000,97934000.000000,0.000000,50743000.000000,17307000.000000,33436000.000000,38641000.000000,-4222000.000000,163183000.000000,-5562000.000000,0.000000,160032000.000000,-104609000.000000,-98047000.000000,-16782000.000000,0.000000,-13246000.000000,-13246000.000000,-13246000.000000,0.000000,0.000000,-0.663000,28080000.000000,-12595000.000000,2056000.000000,0.000000,3.913000,,,5852000.000000,0.000000,19.590000,,,9370000.000000,-115503000.000000,19973000.000000,19973000.000000,3941000.000000,,,,,718000.000000,22648000.000000,1.000000,38453687.000000,36099556.000000,36099556.000000,0.553000,170084000.000000,33000.000000,162000.000000,1056000.000000,4.712000
ARQ,2015-12-31,2016-03-03,2015-12-31,2015-Q4,133592000.000000,491701289.000000,2025-05-01,-42000.000000,229737000.000000,,151578000.000000,78159000.000000,,8.965000,-1162000.000000,55066000.000000,55066000.000000,6478000.000000,-15007000.000000,8.428000,0.287000,26477000.000000,1250000.000000,25227000.000000,26477000.000000,0.000000,1546000.000000,0.000000,0.000000,0.000000,-14346000.000000,-12800000.000000,-0.565000,-12800000.000000,-14346000.000000,-14846000.000000,0.240000,0.240000,0.240000,178564000.000000,,178564000.000000,463112289.000000,-8.000000,-9.095000,-13966000.000000,-0.701000,1.000000,16161000.000000,0.714000,71607000.000000,500000.000000,111555000.000000,,0.000000,82282000.000000,82282000.000000,0.000000,51173000.000000,17986000.000000,33187000.000000,1002000.000000,0.000000,102000.000000,-562000.000000,0.000000,-460000.000000,14266000.000000,15428000.000000,-12804000.000000,0.000000,-15007000.000000,-15007000.000000,-15007000.000000,0.000000,0.000000,-0.663000,30507000.000000,-14346000.000000,2213000.000000,0.000000,2.754000,-8.475000,-4.381000,6259000.000000,0.000000,12.750000,6.354000,3.282000,12134000.000000,-130510000.000000,22639000.000000,22639000.000000,4160000.000000,,,,,979000.000000,24801000.000000,1.000000,38564807.000000,19917348.000000,19917348.000000,1.137000,158130000.000000,0.000000,161000.000000,1185000.000000,7.939000
ARQ,2016-03-31,2016-05-10,2016-03-31,2016-Q1,121225000.000000,456790886.000000,2025-05-01,17000.000000,213483000.000000,,136173000.000000,77310000.000000,,4.279000,-660000.000000,50193000.000000,50193000.000000,7943000.000000,-15304000.000000,9.110000,0.293000,26207000.000000,1250000.000000,24957000.000000,26207000.000000,0.000000,1508000.000000,0.000000,0.000000,0.000000,-14715000.000000,-13207000.000000,-0.491000,-13207000.000000,-14715000.000000,-15142000.000000,-0.400000,-0.400000,-0.400000,165103000.000000,,165103000.000000,432804886.000000,-7.000000,,-17790000.000000,-0.461000,1.000000,18945000.000000,0.705000,70930000.000000,427000.000000,103619000.000000,,0.000000,69522000.000000,69522000.000000,0.000000,48380000.000000,14948000.000000,33432000.000000,-4873000.000000,0.000000,496000.000000,-313000.000000,0.000000,183000.000000,12074000.000000,12734000.000000,-17130000.000000,0.000000,-15304000.000000,-15304000.000000,-15304000.000000,0.000000,0.000000,-0.569000,33660000.000000,-14715000.000000,1078000.000000,0.000000,2.767000,-7.535000,-1.527000,6087000.000000,0.000000,11.800000,5.204000,5.187000,13819000.000000,-145814000.000000,26888000.000000,26888000.000000,5225000.000000,,,,,1288000.000000,26927000.000000,1.000000,38711092.000000,38584345.000000,38584345.000000,0.697000,142553000.000000,0.000000,162000.000000,1347000.000000,3.695000
ARQ,2016-06-30,2016-08-03,2016-06-30,2016-Q2,111354000.000000,812184816.000000,2025-05-01,25000.000000,203890000.000000,,127349000.000000,76541000.000000,,3.925000,-776000.000000,55781000.000000,55781000.000000,6891000.000000,-14879000.000000,7.962000,0.342000,31387000.000000,4250000.000000,27137000.000000,31387000.000000,0.000000,1558000.000000,0.000000,0.000000,0.000000,-14462000.000000,-12904000.000000,-0.487000,-12904000.000000,-14462000.000000,-14869000.000000,-0.380000,-0.380000,-0.380000,151960000.000000,,151960000.000000,787790816.000000,-14.000000,-15.751000,-12521000.000000,-0.323000,1.000000,19597000.000000,0.740000,70136000.000000,407000.000000,93365000.000000,,0.000000,56698000.000000,56698000.000000,0.000000,51930000.000000,15995000.000000,35935000.000000,5588000.000000,0.000000,94000.000000,5188000.000000,0.000000,5282000.000000,12051000.000000,12827000.000000,-11745000.000000,0.000000,-14879000.000000,-14879000.000000,-14879000.000000,0.000000,0.000000,-0.562000,34059000.000000,-14462000.000000,506000.000000,0.000000,5.345000,-13.899000,-19.527000,6100000.000000,0.000000,17.770000,8.461000,7.168000,13209000.000000,-160693000.000000,26488000.000000,26488000.000000,4829000.000000,,,,,1634000.000000,27672000.000000,1.000000,45705392.000000,38717186.000000,38717186.000000,0.684000,133754000.000000,0.000000,10000.000000,1357000.000000,3.455000
ARQ,2016-09-30,2016-10-27,2016-09-30,2016-Q3,70933000.000000,685883892.000000,2025-05-01,8000.000000,313268000.000000,,91232000.000000,222036000.000000,,5.283000,-534000.000000,44032000.000000,44032000.000000,7112000.000000,-29772000.000000,4.494000,0.293000,44469000.000000,2000000.000000,42469000.000000,44469000.000000,0.000000,2607000.000000,0.000000,0.000000,0.000000,-28711000.000000,-26104000.000000,-0.806000,-26104000.000000,-28711000.000000,-29584000.000000,-0.650000,-0.650000,-0.650000,242300000.000000,,242300000.000000,686320892.000000,-10.000000,-10.556000,-15409000.000000,-0.336000,1.000000,25269000.000000,0.780000,214522000.000000,873000.000000,78884000.000000,,0.000000,30916000.000000,30916000.000000,0.000000,70968000.000000,20299000.000000,50669000.000000,-11749000.000000,-37013000.000000,1869000.000000,12948000.000000,0.000000,14817000.000000,-11691000.000000,25856000.000000,-14875000.000000,0.000000,-29772000.000000,-29772000.000000,-29772000.000000,0.000000,0.000000,-0.919000,45526000.000000,-20257000.000000,785000.000000,0.000000,2.831000,-9.150000,-12.521000,7124000.000000,0.000000,14.900000,6.328000,6.304000,12904000.000000,-190465000.000000,32381000.000000,32381000.000000,5867000.000000,,,,,2276000.000000,30856000.000000,1.000000,46032476.000000,45860269.000000,45860269.000000,0.706000,98746000.000000,0.000000,188000.000000,1545000.000000,2.153000
ARQ,2016-12-31,2017-03-01,2016-12-31,2016-Q4,61644000.000000,1217692333.000000,2025-05-01,-1000.000000,303670000.000000,,82717000.000000,220953000.000000,,5.007000,-1442000.000000,50015000.000000,50015000.000000,10025000.000000,-14261000.000000,3.925000,0.315000,44424000.000000,2000000.000000,42424000.000000,44424000.000000,0.000000,2597000.000000,0.000000,0.000000,0.000000,-13230000.000000,-10633000.000000,-0.284000,-10633000.000000,-13230000.000000,-14111000.000000,-0.290000,-0.290000,-0.290000,230870000.000000,,230870000.000000,1212101333.000000,-17.000000,-19.286000,-9487000.000000,-0.206000,1.000000,27375000.000000,0.732000,213059000.000000,881000.000000,63947000.000000,,0.000000,15793000.000000,15793000.000000,0.000000,72800000.000000,21073000.000000,51727000.000000,5983000.000000,0.000000,315000.000000,1000.000000,0.000000,316000.000000,13712000.000000,15154000.000000,-8045000.000000,0.000000,-14261000.000000,-14261000.000000,-14261000.000000,0.000000,0.000000,-0.381000,40605000.000000,-13230000.000000,2236000.000000,0.000000,5.274000,-16.407000,-12.829000,7479000.000000,0.000000,22.450000,9.887000,7.716000,13806000.000000,-204726000.000000,37400000.000000,37400000.000000,5894000.000000,,,,,2525000.000000,32114000.000000,1.000000,54240193.000000,46109210.000000,46109210.000000,0.811000,90611000.000000,0.000000,150000.000000,1694000.000000,1.965000
ARQ,2017-03-31,2017-05-08,2017-03-31,2017-Q1,176688000.000000,1244393931.000000,2025-05-01,-4000.000000,413953000.000000,,194826000.000000,219127000.000000,,6.580000,-620000.000000,139948000.000000,139948000.000000,12139000.000000,-15654000.000000,10.741000,0.205000,42434000.000000,0.000000,42434000.000000,42434000.000000,0.000000,2607000.000000,0.000000,0.000000,0.000000,-14802000.000000,-12195000.000000,-0.284000,-12195000.000000,-14802000.000000,-15504000.000000,-0.300000,-0.300000,-0.300000,343433000.000000,,343433000.000000,1146879931.000000,-16.000000,-18.547000,-13127000.000000,-0.252000,1.000000,30759000.000000,0.717000,211262000.000000,702000.000000,87039000.000000,,0.000000,36005000.000000,36005000.000000,0.000000,70520000.000000,18138000.000000,52382000.000000,89933000.000000,0.000000,125123000.000000,-2000000.000000,0.000000,123429000.000000,-20989000.000000,-20217000.000000,-12507000.000000,0.000000,-15654000.000000,-15654000.000000,-15654000.000000,0.000000,0.000000,-0.365000,45561000.000000,-14802000.000000,1949000.000000,0.000000,3.623000,-16.688000,-14.105000,7441000.000000,0.000000,22.850000,8.942000,8.570000,15309000.000000,-220449000.000000,42898000.000000,42898000.000000,6512000.000000,,,,,3097000.000000,36442000.000000,1.000000,54459253.000000,52192859.000000,52192859.000000,0.822000,202691000.000000,0.000000,150000.000000,1844000.000000,3.884000
ARQ,2017-06-30,2017-08-02,2017-06-30,2017-Q2,437304000.000000,1742117911.000000,2025-05-01,-1000.000000,674146000.000000,,456991000.000000,217155000.000000,,7.318000,-679000.000000,409224000.000000,409224000.000000,10026000.000000,-15415000.000000,23.213000,0.688000,243835000.000000,0.000000,243835000.000000,243835000.000000,0.000000,2668000.000000,0.000000,0.000000,0.000000,-14492000.000000,-11824000.000000,-0.265000,-11824000.000000,-14492000.000000,-15266000.000000,-0.280000,-0.280000,-0.280000,399376000.000000,,399376000.000000,1576728911.000000,-22.000000,-25.952000,-3593000.000000,-0.066000,1.000000,34565000.000000,0.775000,209423000.000000,774000.000000,279647000.000000,,0.000000,31070000.000000,31070000.000000,0.000000,274770000.000000,19687000.000000,255083000.000000,269276000.000000,0.000000,4386000.000000,263722000.000000,0.000000,268062000.000000,4128000.000000,4940000.000000,-2914000.000000,0.000000,-15415000.000000,-15415000.000000,-15415000.000000,0.000000,0.000000,-0.346000,49057000.000000,-14492000.000000,1150000.000000,0.000000,4.362000,-23.197000,-20.230000,7424000.000000,0.000000,30.750000,11.077000,10.670000,14229000.000000,-235864000.000000,44591000.000000,44591000.000000,7537000.000000,,,,,4565000.000000,36739000.000000,1.000000,56654241.000000,54572862.000000,54572862.000000,0.817000,464723000.000000,0.000000,149000.000000,1994000.000000,8.516000
ARQ,2017-09-30,2017-11-01,2017-09-30,2017-Q3,166513000.000000,1754407270.000000,2025-05-01,3906000.000000,880924000.000000,,207356000.000000,673568000.000000,,7.909000,-744000.000000,83119000.000000,83119000.000000,16742000.000000,-31330000.000000,5.077000,0.972000,371331000.000000,0.000000,371331000.000000,371331000.000000,0.000000,6418000.000000,0.000000,0.000000,0.000000,-22998000.000000,-16580000.000000,-0.242000,-16580000.000000,-22998000.000000,-31200000.000000,-0.550000,-0.550000,-0.550000,446779000.000000,,446779000.000000,2042619270.000000,-31.000000,-39.870000,-12489000.000000,-0.221000,1.000000,51908000.000000,0.756000,663119000.000000,8202000.000000,465174000.000000,,0.000000,89758000.000000,89758000.000000,0.000000,434145000.000000,40843000.000000,393302000.000000,-326202000.000000,-379355000.000000,2680000.000000,122488000.000000,0.000000,125403000.000000,-439860000.000000,-58573000.000000,-11745000.000000,97000.000000,-31330000.000000,-31330000.000000,-31330000.000000,0.000000,0.000000,-0.456000,73449000.000000,-21541000.000000,1852000.000000,0.000000,3.927000,-22.886000,-21.690000,9627000.000000,0.000000,30.800000,9.065000,8.990000,26995000.000000,-267194000.000000,68650000.000000,68650000.000000,9964000.000000,,,,,5966000.000000,48541000.000000,1.000000,56961275.000000,56493054.000000,56493054.000000,1.215000,217805000.000000,0.000000,130000.000000,14416000.000000,3.855000
ARQ,2017-12-31,2018-02-27,2017-12-31,2017-Q4,115909000.000000,2302396137.000000,2025-05-01,4089000.000000,824391000.000000,,156239000.000000,668152000.000000,,9.570000,-590000.000000,42817000.000000,42817000.000000,22716000.000000,-44383000.000000,3.874000,0.475000,207370000.000000,0.000000,207370000.000000,207370000.000000,0.000000,7402000.000000,0.000000,0.000000,0.000000,-37224000.000000,-29822000.000000,-0.387000,-29822000.000000,-37224000.000000,-45037000.000000,-0.780000,-0.780000,-0.780000,558903000.000000,,558903000.000000,2466949137.000000,-28.000000,-35.031000,-7865000.000000,-0.135000,1.000000,54424000.000000,0.706000,658331000.000000,7813000.000000,290283000.000000,,0.000000,79489000.000000,79489000.000000,0.000000,265488000.000000,40330000.000000,225158000.000000,-40396000.000000,-1000.000000,139355000.000000,-180249000.000000,0.000000,-41463000.000000,8342000.000000,10342000.000000,-7275000.000000,94000.000000,-44383000.000000,-44383000.000000,-44383000.000000,0.000000,0.000000,-0.575000,78983000.000000,-24559000.000000,3884000.000000,0.000000,4.119000,-21.562000,-19.326000,8963000.000000,0.000000,37.300000,9.870000,8.863000,27094000.000000,-311577000.000000,77140000.000000,77140000.000000,10446000.000000,,,,,16969000.000000,58578000.000000,1.000000,61726438.000000,58403811.000000,58403811.000000,1.321000,166060000.000000,0.000000,-654000.000000,12906000.000000,2.843000
ARQ,2018-03-31,2018-05-01,2018-03-31,2018-Q1,119120000.000000,2661684943.000000,2025-05-01,3441000.000000,817524000.000000,,156932000.000000,660592000.000000,,8.914000,-557000.000000,65179000.000000,65179000.000000,26856000.000000,-23862000.000000,4.150000,0.484000,210432000.000000,0.000000,210432000.000000,210432000.000000,0.000000,8253000.000000,0.000000,0.000000,0.000000,-19092000.000000,-10839000.000000,-0.121000,-10839000.000000,-19092000.000000,-23965000.000000,-0.390000,-0.390000,-0.390000,550868000.000000,,550868000.000000,2806937943.000000,-30.000000,-40.642000,-14428000.000000,-0.233000,1.000000,62788000.000000,0.700000,651770000.000000,4873000.000000,273195000.000000,,0.000000,54555000.000000,54555000.000000,0.000000,266656000.000000,37812000.000000,228844000.000000,22299000.000000,0.000000,8643000.000000,0.000000,0.000000,12198000.000000,23972000.000000,25000000.000000,-13871000.000000,63000.000000,-23862000.000000,-23862000.000000,-23862000.000000,0.000000,0.000000,-0.266000,81880000.000000,-19092000.000000,3290000.000000,0.000000,4.832000,-23.147000,-21.350000,7995000.000000,0.000000,42.700000,9.505000,9.423000,30701000.000000,-335439000.000000,89644000.000000,89644000.000000,12904000.000000,,,,,7832000.000000,59154000.000000,1.000000,62334542.000000,61797762.000000,61797762.000000,1.451000,165754000.000000,0.000000,-103000.000000,12258000.000000,2.682000
ARQ,2018-06-30,2018-08-01,2018-06-30,2018-Q2,121840000.000000,4301208820.000000,2025-05-01,-2528000.000000,1199909000.000000,,178859000.000000,1021050000.000000,,11.106000,-1458000.000000,105804000.000000,105804000.000000,27684000.000000,-25079000.000000,3.137000,0.716000,402755000.000000,0.000000,402755000.000000,402755000.000000,0.000000,8046000.000000,0.000000,0.000000,0.000000,-18147000.000000,-10101000.000000,-0.107000,-10101000.000000,-18147000.000000,-25057000.000000,-0.400000,-0.400000,-0.400000,699381000.000000,,699381000.000000,4598159820.000000,-47.000000,-68.281000,-5104000.000000,-0.081000,1.000000,66876000.000000,0.707000,1009957000.000000,6910000.000000,429884000.000000,,0.000000,26559000.000000,26559000.000000,0.000000,500528000.000000,57019000.000000,443509000.000000,41389000.000000,-268035000.000000,8545000.000000,279126000.000000,0.000000,284616000.000000,-239581000.000000,30829000.000000,-3646000.000000,-764000.000000,-25079000.000000,-25079000.000000,-25079000.000000,0.000000,0.000000,-0.265000,89093000.000000,-22217000.000000,5545000.000000,0.000000,6.150000,-34.505000,-29.175000,10034000.000000,0.000000,61.850000,13.034000,11.803000,38100000.000000,-360517000.000000,94560000.000000,94560000.000000,14348000.000000,,,,,11059000.000000,60899000.000000,1.000000,69542584.000000,62975535.000000,62975535.000000,1.502000,189952000.000000,0.000000,22000.000000,35175000.000000,3.016000
ARQ,2018-09-30,2018-11-01,2018-09-30,2018-Q3,465060000.000000,4873807912.000000,2025-05-01,-4357000.000000,1535182000.000000,,523253000.000000,1011929000.000000,,15.059000,-717000.000000,457554000.000000,457554000.000000,34167000.000000,-23264000.000000,8.992000,0.494000,408653000.000000,0.000000,408653000.000000,408653000.000000,0.000000,9746000.000000,0.000000,0.000000,0.000000,-15778000.000000,-6032000.000000,-0.054000,-6032000.000000,-15778000.000000,-23444000.000000,-0.340000,-0.340000,-0.340000,1027771000.000000,,1027771000.000000,4824906912.000000,-53.000000,-84.955000,9464000.000000,0.139000,1.000000,76795000.000000,0.692000,1000896000.000000,7666000.000000,427192000.000000,,0.000000,14974000.000000,14974000.000000,0.000000,507411000.000000,58193000.000000,449218000.000000,351991000.000000,-8952000.000000,341289000.000000,21000.000000,0.000000,341349000.000000,461000.000000,11500000.000000,10181000.000000,-241000.000000,-23264000.000000,-23264000.000000,-23264000.000000,0.000000,0.000000,-0.210000,94003000.000000,-17208000.000000,4821000.000000,0.000000,4.742000,-41.804000,-36.398000,9717000.000000,0.000000,69.520000,13.091000,12.744000,39965000.000000,-383782000.000000,110962000.000000,110962000.000000,13577000.000000,,,,,12195000.000000,69092000.000000,1.000000,70106558.000000,68247655.000000,68247655.000000,1.626000,534286000.000000,0.000000,-180000.000000,34964000.000000,7.829000
ARQ,2018-12-31,2019-02-27,2018-12-31,2018-Q4,470297000.000000,4882200014.000000,2025-05-01,-13070000.000000,1528876000.000000,,532736000.000000,996140000.000000,,14.414000,-1279000.000000,423989000.000000,423989000.000000,40028000.000000,-24879000.000000,8.532000,0.509000,414683000.000000,0.000000,414683000.000000,414683000.000000,0.000000,9557000.000000,0.000000,0.000000,0.000000,-17837000.000000,-8280000.000000,-0.067000,-8280000.000000,-17837000.000000,-24500000.000000,-0.350000,-0.350000,-0.350000,1013119000.000000,,1013119000.000000,4872894014.000000,-69.000000,-138.230000,1197000.000000,0.017000,1.000000,82713000.000000,0.674000,984591000.000000,6663000.000000,472540000.000000,,0.000000,54545000.000000,54545000.000000,0.000000,515757000.000000,62439000.000000,453318000.000000,-32423000.000000,75000.000000,6252000.000000,15000.000000,0.000000,7449000.000000,-42348000.000000,-39506000.000000,2476000.000000,-1142000.000000,-24879000.000000,-24879000.000000,-24879000.000000,0.000000,0.000000,-0.203000,100550000.000000,-17837000.000000,7769000.000000,0.000000,4.819000,-50.288000,-46.932000,10148000.000000,0.000000,68.990000,11.683000,10.870000,43571000.000000,-408661000.000000,122741000.000000,122741000.000000,13544000.000000,,,,,12683000.000000,76015000.000000,1.000000,70766778.000000,70287803.000000,70287803.000000,1.746000,544285000.000000,0.000000,379000.000000,32444000.000000,7.744000
ARQ,2019-03-31,2019-04-30,2019-03-31,2019-Q1,469087000.000000,4072319220.000000,2025-05-01,-16858000.000000,1551625000.000000,,540789000.000000,1010836000.000000,,14.122000,-571000.000000,433958000.000000,433958000.000000,44677000.000000,-30150000.000000,7.542000,0.549000,443829000.000000,0.000000,443829000.000000,443829000.000000,0.000000,11563000.000000,0.000000,0.000000,0.000000,-22887000.000000,-11324000.000000,-0.088000,-11324000.000000,-22887000.000000,-29408000.000000,-0.430000,-0.430000,-0.430000,1001558000.000000,,1001558000.000000,4082190220.000000,-55.000000,-114.229000,-8463000.000000,-0.119000,1.000000,83896000.000000,0.653000,972773000.000000,6521000.000000,517021000.000000,,0.000000,45745000.000000,45745000.000000,0.000000,550067000.000000,71702000.000000,478365000.000000,10146000.000000,6000.000000,8854000.000000,0.000000,0.000000,10702000.000000,7336000.000000,9000000.000000,-7892000.000000,-177000.000000,-30150000.000000,-30150000.000000,-30150000.000000,0.000000,0.000000,-0.234000,106783000.000000,-22887000.000000,7738000.000000,0.000000,4.066000,-39.395000,-37.421000,36691000.000000,0.000000,56.880000,8.914000,8.830000,50583000.000000,-438811000.000000,128573000.000000,128573000.000000,15987000.000000,,,,,13523000.000000,80184000.000000,1.000000,71594923.000000,70919496.000000,70919496.000000,1.813000,578852000.000000,0.000000,742000.000000,29748000.000000,8.162000
ARQ,2019-06-30,2019-07-31,2019-06-30,2019-Q2,462188000.000000,4916046381.000000,2025-05-01,-12542000.000000,1565344000.000000,,532609000.000000,1032735000.000000,,13.980000,-677000.000000,440443000.000000,440443000.000000,41634000.000000,-29324000.000000,7.563000,0.561000,453583000.000000,0.000000,453583000.000000,453583000.000000,0.000000,10880000.000000,0.000000,0.000000,0.000000,-22023000.000000,-11143000.000000,-0.086000,-11143000.000000,-22023000.000000,-29234000.000000,-0.410000,-0.410000,-0.410000,1002640000.000000,,1002640000.000000,4929186381.000000,-63.000000,-134.022000,5472000.000000,0.076000,1.000000,88642000.000000,0.680000,987417000.000000,7211000.000000,520646000.000000,,0.000000,32161000.000000,32161000.000000,0.000000,562704000.000000,70421000.000000,492283000.000000,6283000.000000,-11206000.000000,8722000.000000,0.000000,0.000000,5198000.000000,-5064000.000000,8695000.000000,6149000.000000,202000.000000,-29324000.000000,-29324000.000000,-29324000.000000,0.000000,0.000000,-0.225000,110665000.000000,-22023000.000000,6079000.000000,0.000000,4.903000,-45.681000,-44.601000,38942000.000000,0.000000,68.240000,9.981000,9.937000,49778000.000000,-468135000.000000,130276000.000000,130276000.000000,16665000.000000,,,,,17368000.000000,83016000.000000,1.000000,72040539.000000,71721246.000000,71721246.000000,1.816000,577927000.000000,0.000000,90000.000000,31710000.000000,8.058000
ARQ,2019-09-30,2019-10-30,2019-09-30,2019-Q3,472758000.000000,5008858136.000000,2025-05-01,-28058000.000000,1568429000.000000,,557960000.000000,1010469000.000000,,13.773000,-1599000.000000,475242000.000000,475242000.000000,42799000.000000,-20346000.000000,6.549000,0.578000,459613000.000000,0.000000,459613000.000000,459613000.000000,0.000000,11417000.000000,0.000000,0.000000,0.000000,-19944000.000000,-8527000.000000,-0.062000,-8527000.000000,-19944000.000000,-27644000.000000,-0.280000,-0.280000,-0.280000,993738000.000000,,993738000.000000,4993229136.000000,-60.000000,-127.138000,11891000.000000,0.165000,1.000000,95170000.000000,0.690000,966485000.000000,7700000.000000,501113000.000000,,0.000000,15633000.000000,15633000.000000,0.000000,574691000.000000,85202000.000000,489489000.000000,35837000.000000,6000.000000,9119000.000000,0.000000,0.000000,9153000.000000,13194000.000000,16470000.000000,13490000.000000,-1038000.000000,-20346000.000000,-20346000.000000,-20346000.000000,0.000000,0.000000,-0.147000,115114000.000000,-19944000.000000,6068000.000000,0.000000,5.040000,-47.841000,-47.075000,37617000.000000,0.000000,69.200000,9.641000,9.610000,53669000.000000,-488481000.000000,137969000.000000,137969000.000000,15746000.000000,,,,,17354000.000000,87756000.000000,1.000000,72382343.000000,72151094.000000,72151094.000000,1.912000,601944000.000000,0.000000,-7298000.000000,22720000.000000,8.343000
ARQ,2019-12-31,2020-02-26,2019-12-31,2019-Q4,497821000.000000,8531751340.000000,2025-05-01,-17239000.000000,1602827000.000000,,588002000.000000,1014825000.000000,,13.973000,-663000.000000,514353000.000000,514353000.000000,55355000.000000,-19044000.000000,6.520000,0.581000,465404000.000000,0.000000,465404000.000000,465404000.000000,0.000000,11092000.000000,0.000000,0.000000,0.000000,-15588000.000000,-4496000.000000,-0.029000,-4496000.000000,-15588000.000000,-23169000.000000,-0.270000,-0.270000,-0.270000,1014025000.000000,,1014025000.000000,8482802340.000000,-105.000000,-239.020000,17459000.000000,0.241000,1.000000,101134000.000000,0.646000,971532000.000000,7581000.000000,492165000.000000,,0.000000,2711000.000000,2711000.000000,0.000000,588802000.000000,90181000.000000,498621000.000000,37710000.000000,7000.000000,9968000.000000,0.000000,0.000000,10041000.000000,9547000.000000,12935000.000000,18122000.000000,1401000.000000,-19044000.000000,-19044000.000000,-19044000.000000,0.000000,0.000000,-0.122000,116722000.000000,-15588000.000000,9075000.000000,0.000000,8.414000,-86.298000,-84.681000,36748000.000000,0.000000,116.860000,15.420000,15.174000,56948000.000000,-507525000.000000,156489000.000000,156489000.000000,16246000.000000,,,,,18457000.000000,88112000.000000,1.000000,73008312.000000,72572770.000000,72572770.000000,2.156000,631295000.000000,0.000000,-4125000.000000,21678000.000000,8.699000
ARQ,2020-03-31,2020-04-29,2020-03-31,2020-Q1,499264000.000000,13036766877.000000,2025-05-01,-34793000.000000,1603077000.000000,,596428000.000000,1006649000.000000,,13.649000,-962000.000000,507956000.000000,507956000.000000,72382000.000000,-29603000.000000,6.138000,0.603000,476651000.000000,0.000000,476651000.000000,476651000.000000,0.000000,11228000.000000,0.000000,0.000000,0.000000,-21011000.000000,-9783000.000000,-0.054000,-9783000.000000,-21011000.000000,-30314000.000000,-0.400000,-0.400000,-0.400000,1000177000.000000,,1000177000.000000,13005461877.000000,-166.000000,-383.088000,-7282000.000000,-0.099000,1.000000,108417000.000000,0.600000,949052000.000000,9303000.000000,525556000.000000,,0.000000,2819000.000000,2819000.000000,0.000000,602900000.000000,97164000.000000,505736000.000000,-3195000.000000,-9000000.000000,14889000.000000,0.000000,0.000000,15053000.000000,-11928000.000000,0.000000,-6320000.000000,-3202000.000000,-29603000.000000,-29603000.000000,-29603000.000000,0.000000,0.000000,-0.164000,129428000.000000,-21011000.000000,8142000.000000,0.000000,13.034000,-132.599000,-128.750000,42267000.000000,0.000000,175.100000,21.529000,21.190000,70721000.000000,-537128000.000000,180799000.000000,180799000.000000,19257000.000000,,,,,18315000.000000,96797000.000000,1.000000,74453266.000000,73278857.000000,73278857.000000,2.467000,654025000.000000,0.000000,-711000.000000,18848000.000000,8.925000
ARQ,2020-06-30,2020-07-29,2020-06-30,2020-Q2,1279562000.000000,17728110958.000000,2025-05-01,-21913000.000000,2418828000.000000,,1403110000.000000,1015718000.000000,,16.924000,-679000.000000,1308843000.000000,1308843000.000000,90780000.000000,-25682000.000000,11.357000,0.868000,976118000.000000,0.000000,976118000.000000,976118000.000000,0.000000,11427000.000000,0.000000,0.000000,0.000000,-14930000.000000,-3503000.000000,-0.015000,-3503000.000000,-14930000.000000,-28081000.000000,-0.340000,-0.340000,-0.340000,1294929000.000000,,1294929000.000000,17395385958.000000,-243.000000,-661.195000,34871000.000000,0.456000,1.000000,150250000.000000,0.623000,955788000.000000,13151000.000000,1006767000.000000,,0.000000,2932000.000000,2932000.000000,0.000000,1123899000.000000,123548000.000000,1000351000.000000,799113000.000000,-4500000.000000,21097000.000000,747800000.000000,0.000000,773225000.000000,-9662000.000000,0.000000,35550000.000000,1774000.000000,-25682000.000000,-25682000.000000,-25682000.000000,0.000000,0.000000,-0.107000,157429000.000000,-7179000.000000,10816000.000000,0.000000,13.690000,-187.252000,-169.186000,40046000.000000,0.000000,218.250000,24.750000,23.313000,76902000.000000,-562810000.000000,241030000.000000,241030000.000000,23029000.000000,,,,,21928000.000000,122880000.000000,1.000000,81228458.000000,76512870.000000,76512870.000000,3.150000,1463040000.000000,0.000000,-2399000.000000,18976000.000000,19.121000
ARQ,2020-09-30,2020-11-06,2020-09-30,2020-Q3,1109218000.000000,29882208593.000000,2025-05-01,-5628000.000000,3449385000.000000,,1310043000.000000,2139342000.000000,,26.685000,-15746000.000000,1187299000.000000,1187299000.000000,104725000.000000,-35884000.000000,6.523000,0.546000,1007320000.000000,13609000.000000,993711000.000000,1007320000.000000,51605000.000000,15374000.000000,0.000000,0.000000,0.000000,-20952000.000000,-5578000.000000,-0.019000,-5578000.000000,-20952000.000000,-38174000.000000,-0.430000,-0.430000,-0.430000,2231036000.000000,,2231036000.000000,29702229593.000000,-410.000000,-1271.500000,16449000.000000,0.197000,1.000000,184087000.000000,0.637000,2077928000.000000,17222000.000000,990653000.000000,,11578000.000000,3070000.000000,3070000.000000,0.000000,1218349000.000000,200825000.000000,1017524000.000000,-122843000.000000,-146163000.000000,7114000.000000,-23000.000000,0.000000,422000.000000,-155460000.000000,0.000000,32195000.000000,1299000.000000,-35884000.000000,-35884000.000000,-35884000.000000,0.000000,0.000000,-0.124000,203812000.000000,-19725000.000000,21408000.000000,0.000000,13.394000,-271.131000,-143.153000,54297000.000000,0.000000,206.140000,34.461000,19.876000,85803000.000000,-598694000.000000,288812000.000000,288812000.000000,29958000.000000,,,,,20908000.000000,135527000.000000,1.000000,144960748.000000,83607902.000000,83607902.000000,3.454000,1371457000.000000,0.000000,-2290000.000000,17896000.000000,16.403000
ARQ,2020-12-31,2021-03-01,2020-12-31,2020-Q4,726958000.000000,34111652777.000000,2025-05-01,18518000.000000,17755281000.000000,,1059607000.000000,16695674000.000000,,175.494000,-8655000.000000,733324000.000000,733324000.000000,122942000.000000,-393967000.000000,3.185000,0.118000,1488673000.000000,56013000.000000,1432660000.000000,1488673000.000000,54805000.000000,40058000.000000,0.000000,0.000000,0.000000,-458605000.000000,-418547000.000000,-1.092000,-418547000.000000,-458605000.000000,-479424000.000000,-4.190000,-4.190000,-4.190000,15883804000.000000,,15883804000.000000,34867001777.000000,-68.000000,-79.712000,-123591000.000000,-1.366000,1.000000,260379000.000000,0.679000,16602119000.000000,20819000.000000,1575862000.000000,,56498000.000000,53245000.000000,53245000.000000,0.000000,1871477000.000000,332649000.000000,1538828000.000000,-458425000.000000,-407766000.000000,15936000.000000,-10000000.000000,0.000000,70436000.000000,-413925000.000000,2496000.000000,-114936000.000000,4450000.000000,-393967000.000000,-393967000.000000,-393967000.000000,0.000000,0.000000,-1.028000,718885000.000000,-458506000.000000,46030000.000000,0.000000,2.148000,-70.314000,-41.677000,75198000.000000,0.000000,223.390000,31.182000,18.482000,169281000.000000,-992661000.000000,383321000.000000,383321000.000000,92697000.000000,,,,,414380000.000000,531678000.000000,1.000000,152699999.000000,90509229.000000,90509229.000000,4.235000,1153162000.000000,0.000000,-85457000.000000,102103000.000000,12.741000
ARQ,2021-03-31,2021-05-03,2021-03-31,2021-Q1,771966000.000000,25220152064.000000,2025-05-01,5026000.000000,17582358000.000000,,1032330000.000000,16550028000.000000,,104.027000,-13259000.000000,720104000.000000,720104000.000000,145959000.000000,-199649000.000000,3.965000,0.111000,1417214000.000000,13693000.000000,1403521000.000000,1417214000.000000,73174000.000000,52431000.000000,0.000000,0.000000,0.000000,-90485000.000000,-38054000.000000,-0.084000,-38054000.000000,-90485000.000000,-112610000.000000,-1.310000,-1.310000,-1.310000,15829498000.000000,,15829498000.000000,25917262064.000000,-44.000000,-55.654000,-31285000.000000,-0.206000,1.000000,307716000.000000,0.678000,16449189000.000000,22125000.000000,1569915000.000000,,58290000.000000,2530000.000000,2530000.000000,0.000000,1752860000.000000,260364000.000000,1492496000.000000,-11881000.000000,-55921000.000000,20556000.000000,-130000.000000,0.000000,22175000.000000,-16030000.000000,50000000.000000,-18026000.000000,-1339000.000000,-199649000.000000,-199649000.000000,-199649000.000000,0.000000,0.000000,-0.440000,392394000.000000,-84678000.000000,34377000.000000,0.000000,1.593000,-38.493000,-26.030000,72837000.000000,0.000000,163.210000,18.451000,18.170000,178341000.000000,-1192310000.000000,453675000.000000,453675000.000000,78008000.000000,,,,,86300000.000000,259404000.000000,1.000000,154525777.000000,152167606.000000,152167606.000000,2.981000,1133169000.000000,0.000000,87039000.000000,84876000.000000,7.447000
ARQ,2021-06-30,2021-08-02,2021-06-30,2021-Q2,828610000.000000,23896789094.000000,2025-05-01,12291000.000000,17611119000.000000,,1104837000.000000,16506282000.000000,,102.535000,-12654000.000000,783724000.000000,783724000.000000,160273000.000000,-133819000.000000,4.000000,0.101000,1260712000.000000,13619000.000000,1247093000.000000,1260712000.000000,72794000.000000,55090000.000000,0.000000,0.000000,0.000000,-110150000.000000,-55060000.000000,-0.109000,-55060000.000000,-110150000.000000,-130623000.000000,-0.860000,-0.860000,-0.860000,16001070000.000000,,16001070000.000000,24373777094.000000,-36.000000,-47.123000,39563000.000000,0.254000,1.000000,342866000.000000,0.681000,16417884000.000000,20473000.000000,1393996000.000000,,56990000.000000,2538000.000000,2538000.000000,0.000000,1610049000.000000,276227000.000000,1333822000.000000,61412000.000000,-415000.000000,8256000.000000,-7000.000000,0.000000,11363000.000000,-2168000.000000,10901000.000000,52217000.000000,2208000.000000,-133819000.000000,-133819000.000000,-133819000.000000,0.000000,0.000000,-0.266000,421814000.000000,-78948000.000000,42077000.000000,0.000000,1.493000,-31.306000,-22.100000,70064000.000000,0.000000,150.060000,14.670000,14.376000,179436000.000000,-1326129000.000000,503139000.000000,503139000.000000,80759000.000000,,,,,82970000.000000,278293000.000000,1.000000,159248228.000000,156055090.000000,156055090.000000,3.224000,1193235000.000000,0.000000,3196000.000000,81882000.000000,7.646000
ARQ,2021-09-30,2021-11-01,2021-09-30,2021-Q3,855211000.000000,24257931741.000000,2025-05-01,-1132000.000000,17652579000.000000,,1157316000.000000,16495263000.000000,,100.276000,-15100000.000000,823828000.000000,823828000.000000,169041000.000000,-84340000.000000,3.831000,0.104000,1276107000.000000,12442000.000000,1263665000.000000,1276107000.000000,76940000.000000,55071000.000000,0.000000,0.000000,0.000000,-61802000.000000,-6731000.000000,-0.013000,-6731000.000000,-61802000.000000,-80697000.000000,-0.530000,-0.530000,-0.530000,15987582000.000000,,15987582000.000000,24710210741.000000,-34.000000,-47.667000,61491000.000000,0.386000,1.000000,352617000.000000,0.676000,16402411000.000000,18895000.000000,1400342000.000000,,56937000.000000,2538000.000000,2538000.000000,0.000000,1664997000.000000,302105000.000000,1362892000.000000,42667000.000000,-19608000.000000,8140000.000000,-12055000.000000,0.000000,784000.000000,-34708000.000000,0.000000,76591000.000000,-2563000.000000,-84340000.000000,-84340000.000000,-84340000.000000,0.000000,0.000000,-0.162000,413193000.000000,-60576000.000000,34655000.000000,0.000000,1.517000,-29.883000,-21.993000,74962000.000000,0.000000,151.530000,13.029000,12.976000,178072000.000000,-1410469000.000000,521658000.000000,521658000.000000,80250000.000000,,,,,71701000.000000,276696000.000000,1.000000,160086661.000000,159435165.000000,159435165.000000,3.272000,1250168000.000000,0.000000,3643000.000000,93824000.000000,7.841000
ARQ,2021-12-31,2022-02-28,2021-12-31,2021-Q4,894426000.000000,12170425682.000000,2025-05-01,-6285000.000000,17734608000.000000,,1225439000.000000,16509169000.000000,,100.300000,-22921000.000000,893480000.000000,893480000.000000,174985000.000000,-10985000.000000,3.702000,0.105000,1290048000.000000,13313000.000000,1276735000.000000,1290048000.000000,79403000.000000,57029000.000000,0.000000,0.000000,0.000000,-41854000.000000,15175000.000000,0.027000,15175000.000000,-41854000.000000,-60726000.000000,-0.050000,-0.050000,-0.050000,16045757000.000000,,16045757000.000000,12566993682.000000,-41.000000,-148.423000,60287000.000000,0.377000,1.000000,379250000.000000,0.684000,16414452000.000000,18872000.000000,1385711000.000000,,73079000.000000,2537000.000000,2537000.000000,0.000000,1688851000.000000,331013000.000000,1357838000.000000,69758000.000000,-2719000.000000,5639000.000000,-3997000.000000,0.000000,6625000.000000,-20075000.000000,0.000000,83208000.000000,-106000.000000,-10985000.000000,-10985000.000000,-10985000.000000,0.000000,0.000000,-0.020000,420679000.000000,-41429000.000000,47257000.000000,0.000000,0.758000,-28.383000,-27.806000,74014000.000000,0.000000,75.910000,5.987000,5.861000,168956000.000000,-1421454000.000000,554235000.000000,554235000.000000,72867000.000000,,,,,61615000.000000,290921000.000000,1.000000,160327041.000000,159977356.000000,159977356.000000,3.464000,1320156000.000000,0.000000,-49741000.000000,75777000.000000,8.252000
ARQ,2022-03-31,2022-05-02,2022-03-31,2022-Q1,901358000.000000,5986322990.000000,2025-05-01,-11424000.000000,11092337000.000000,,1208045000.000000,9884292000.000000,,56.952000,-30831000.000000,836444000.000000,836444000.000000,187025000.000000,-6674523000.000000,3.939000,0.213000,1593859000.000000,12664000.000000,1581195000.000000,1593859000.000000,86731000.000000,62876000.000000,0.000000,0.000000,0.000000,-6668655000.000000,-6605779000.000000,-11.684000,-6605779000.000000,-6668655000.000000,-6674135000.000000,-41.580000,-41.580000,-41.580000,9142610000.000000,,9142610000.000000,6743737990.000000,-1.000000,-1.014000,-62578000.000000,-0.390000,1.000000,378325000.000000,0.669000,9783692000.000000,5480000.000000,1759373000.000000,,70654000.000000,2544000.000000,2544000.000000,0.000000,1949727000.000000,306687000.000000,1643040000.000000,-56498000.000000,0.000000,7265000.000000,-3921000.000000,0.000000,2816000.000000,-27567000.000000,0.000000,-31747000.000000,-538000.000000,-6674523000.000000,-6674523000.000000,-6674523000.000000,0.000000,0.000000,-11.806000,7047704000.000000,-6669379000.000000,47412000.000000,0.000000,0.655000,-0.867000,-0.863000,73971000.000000,0.000000,37.140000,2.792000,2.780000,191528000.000000,-8023279000.000000,565350000.000000,565350000.000000,87412000.000000,,,,,60436000.000000,296852000.000000,1.000000,161182633.000000,160532301.000000,160532301.000000,3.522000,1308645000.000000,0.000000,388000.000000,57516000.000000,8.152000
ARQ,2022-06-30,2022-08-03,2022-06-30,2022-Q2,885790000.000000,6223825492.000000,2025-05-01,-29864000.000000,8102775000.000000,,1257269000.000000,6845506000.000000,,37.704000,-44837000.000000,881161000.000000,881161000.000000,182470000.000000,-3101461000.000000,3.384000,0.332000,1597811000.000000,12073000.000000,1585738000.000000,1597811000.000000,89627000.000000,63454000.000000,0.000000,0.000000,0.000000,-3098312000.000000,-3034858000.000000,-5.123000,-3034858000.000000,-3098312000.000000,-3102649000.000000,-19.220000,-19.220000,-19.220000,6084650000.000000,,6084650000.000000,6940475492.000000,-1.000000,-0.721000,47632000.000000,0.295000,1.000000,409909000.000000,0.692000,6730368000.000000,4337000.000000,1717578000.000000,,60260000.000000,2539000.000000,2539000.000000,0.000000,2018125000.000000,371479000.000000,1646646000.000000,46298000.000000,0.000000,-313000.000000,-3868000.000000,0.000000,-1334000.000000,-44837000.000000,0.000000,92469000.000000,-1581000.000000,-3101461000.000000,-3101461000.000000,-3101461000.000000,0.000000,0.000000,-5.236000,3506461000.000000,-3096552000.000000,94371000.000000,0.000000,1.023000,-0.630000,-0.627000,77198000.000000,0.000000,38.500000,2.786000,2.782000,205434000.000000,-11124740000.000000,592379000.000000,592379000.000000,80826000.000000,,,,,51000000.000000,333372000.000000,1.000000,161657805.000000,161377695.000000,161377695.000000,3.671000,1372407000.000000,0.000000,-1188000.000000,55926000.000000,8.504000
ARQ,2022-09-30,2022-11-02,2022-09-30,2022-Q3,876187000.000000,4540435519.000000,2025-05-01,-49266000.000000,8103965000.000000,,1287588000.000000,6816377000.000000,,37.425000,-43205000.000000,899631000.000000,899631000.000000,185619000.000000,-73476000.000000,3.130000,0.339000,1593469000.000000,10086000.000000,1583383000.000000,1593469000.000000,93356000.000000,65433000.000000,0.000000,0.000000,0.000000,-73301000.000000,-7868000.000000,-0.013000,-7868000.000000,-73301000.000000,-74647000.000000,-0.450000,-0.450000,-0.450000,6052661000.000000,,6052661000.000000,5234273519.000000,-1.000000,-0.543000,19816000.000000,0.123000,1.000000,425783000.000000,0.696000,6700264000.000000,1346000.000000,1686138000.000000,,59344000.000000,0.000000,0.000000,0.000000,2051304000.000000,411401000.000000,1639903000.000000,22207000.000000,0.000000,2080000.000000,-3681000.000000,0.000000,634000.000000,-41448000.000000,2507000.000000,63021000.000000,-3737000.000000,-73476000.000000,-73476000.000000,-73476000.000000,0.000000,0.000000,-0.120000,497513000.000000,-71730000.000000,70783000.000000,0.000000,0.750000,-0.460000,-0.457000,72457000.000000,0.000000,28.040000,1.954000,1.952000,201701000.000000,-11198216000.000000,611402000.000000,611402000.000000,87815000.000000,,,,,55662000.000000,346096000.000000,1.000000,161927087.000000,161727962.000000,161727962.000000,3.780000,1403701000.000000,0.000000,-1171000.000000,51742000.000000,8.679000
ARQ,2022-12-31,2023-03-01,2022-12-31,2022-Q4,915619000.000000,4208532929.000000,2025-05-01,-42776000.000000,4345355000.000000,,1315388000.000000,3029967000.000000,,14.230000,-53891000.000000,918182000.000000,918182000.000000,188873000.000000,-3810071000.000000,3.290000,0.883000,1592787000.000000,11375000.000000,1581412000.000000,1592787000.000000,94329000.000000,78880000.000000,0.000000,0.000000,0.000000,-3813805000.000000,-3734925000.000000,-5.857000,-3734925000.000000,-3813805000.000000,-3811912000.000000,-23.510000,-23.510000,-23.510000,2307745000.000000,,2307745000.000000,4883137929.000000,0.000000,-0.365000,11658000.000000,0.072000,1.000000,448836000.000000,0.704000,2909955000.000000,-1893000.000000,1710236000.000000,,56342000.000000,0.000000,0.000000,0.000000,2037610000.000000,399769000.000000,1637841000.000000,16039000.000000,0.000000,3353000.000000,-3550000.000000,0.000000,4381000.000000,-53891000.000000,0.000000,65549000.000000,2512000.000000,-3810071000.000000,-3810071000.000000,-3810071000.000000,0.000000,0.000000,-5.975000,4264389000.000000,-3815553000.000000,47690000.000000,0.000000,1.824000,-0.308000,-0.306000,71472000.000000,0.000000,25.880000,1.749000,1.736000,210554000.000000,-15008287000.000000,637709000.000000,637709000.000000,77576000.000000,,,,,50754000.000000,324243000.000000,1.000000,162617192.000000,162177393.000000,162177393.000000,3.932000,1435400000.000000,0.000000,-1841000.000000,50939000.000000,8.851000
ARQ,2023-03-31,2023-05-02,2023-03-31,2023-Q1,905363000.000000,4260345744.000000,2025-05-01,-40997000.000000,4309147000.000000,,1286707000.000000,3022440000.000000,,14.063000,-45624000.000000,888579000.000000,888579000.000000,190107000.000000,-69228000.000000,3.374000,0.881000,1591345000.000000,11247000.000000,1580098000.000000,1591345000.000000,100047000.000000,73520000.000000,0.000000,0.000000,0.000000,-72195000.000000,1325000.000000,0.002000,1325000.000000,-72195000.000000,-68547000.000000,-0.420000,-0.420000,-0.420000,2291226000.000000,,2291226000.000000,4963111744.000000,-1.000000,-0.732000,-32468000.000000,-0.199000,1.000000,439137000.000000,0.698000,2889138000.000000,-3648000.000000,1741431000.000000,,45801000.000000,0.000000,0.000000,0.000000,2017921000.000000,381344000.000000,1636577000.000000,-29115000.000000,0.000000,3027000.000000,-3548000.000000,0.000000,3353000.000000,-45624000.000000,0.000000,13156000.000000,-488000.000000,-69228000.000000,-69228000.000000,-69228000.000000,0.000000,0.000000,-0.110000,516239000.000000,-77102000.000000,38625000.000000,0.000000,1.859000,-0.604000,-0.597000,69309000.000000,0.000000,26.030000,1.724000,1.716000,215981000.000000,-15077515000.000000,629244000.000000,629244000.000000,86985000.000000,,,,,46038000.000000,345425000.000000,1.000000,163670601.000000,162922691.000000,162922691.000000,3.862000,1420009000.000000,0.000000,681000.000000,50613000.000000,8.716000
ARQ,2023-06-30,2023-07-28,2023-06-30,2023-Q2,937570000.000000,4661546742.000000,2025-05-01,-38780000.000000,4316405000.000000,,1320964000.000000,2995441000.000000,,13.980000,-36570000.000000,958695000.000000,958695000.000000,190540000.000000,-65177000.000000,3.445000,0.881000,1573790000.000000,0.000000,1573790000.000000,1573790000.000000,121625000.000000,78830000.000000,0.000000,0.000000,0.000000,-60294000.000000,18536000.000000,0.028000,18536000.000000,-60294000.000000,-66129000.000000,-0.400000,-0.400000,-0.400000,2295144000.000000,,2295144000.000000,5276641742.000000,-1.000000,-1.417000,64612000.000000,0.394000,1.000000,461866000.000000,0.708000,2857295000.000000,5835000.000000,1690811000.000000,,34054000.000000,0.000000,0.000000,0.000000,2021261000.000000,383394000.000000,1637867000.000000,68820000.000000,0.000000,3085000.000000,3548000.000000,0.000000,4208000.000000,-36570000.000000,0.000000,101182000.000000,1296000.000000,-65177000.000000,-65177000.000000,-65177000.000000,0.000000,0.000000,-0.100000,533511000.000000,-71645000.000000,16071000.000000,0.000000,2.031000,-1.160000,-1.140000,65216000.000000,0.000000,28.260000,1.842000,1.833000,215181000.000000,-15142692000.000000,652406000.000000,652406000.000000,87309000.000000,,,,,55725000.000000,358127000.000000,1.000000,164952114.000000,164171372.000000,164171372.000000,3.974000,1459110000.000000,0.000000,-952000.000000,48097000.000000,8.888000
ARQ,2023-09-30,2023-10-27,2023-09-30,2023-Q3,984451000.000000,2577727239.000000,2025-05-01,-41520000.000000,4327973000.000000,,1387091000.000000,2940882000.000000,,13.893000,-37647000.000000,1030527000.000000,1030527000.000000,185960000.000000,-57073000.000000,3.445000,0.887000,1572186000.000000,0.000000,1572186000.000000,1572186000.000000,112344000.000000,97490000.000000,0.000000,0.000000,0.000000,-53911000.000000,43579000.000000,0.066000,43579000.000000,-53911000.000000,-59557000.000000,-0.350000,-0.350000,-0.350000,2294050000.000000,,2294050000.000000,3119386239.000000,-1.000000,-0.850000,67954000.000000,0.412000,1.000000,474278000.000000,0.718000,2801492000.000000,5646000.000000,1665500000.000000,,35916000.000000,0.000000,0.000000,0.000000,2033923000.000000,402640000.000000,1631283000.000000,73022000.000000,0.000000,3908000.000000,0.000000,0.000000,5068000.000000,-37647000.000000,0.000000,105601000.000000,-1190000.000000,-57073000.000000,-57073000.000000,-57073000.000000,0.000000,0.000000,-0.086000,539003000.000000,-64725000.000000,25998000.000000,0.000000,1.124000,-0.644000,-0.631000,64938000.000000,0.000000,15.570000,0.999000,0.997000,205866000.000000,-15199765000.000000,660238000.000000,660238000.000000,84289000.000000,,,,,52964000.000000,354177000.000000,1.000000,165557305.000000,165119379.000000,165119379.000000,3.999000,1526481000.000000,0.000000,-2484000.000000,44252000.000000,9.245000
ARQ,2023-12-31,2024-02-23,2023-12-31,2023-Q4,1068432000.000000,2422065007.000000,2025-05-01,-36990000.000000,4392369000.000000,,1489048000.000000,2903321000.000000,,14.006000,-36507000.000000,1123675000.000000,1123675000.000000,193424000.000000,-28890000.000000,3.540000,0.888000,1581525000.000000,0.000000,1581525000.000000,1581525000.000000,109282000.000000,101483000.000000,0.000000,0.000000,0.000000,-19837000.000000,81646000.000000,0.124000,81646000.000000,-19837000.000000,-25375000.000000,-0.170000,-0.170000,-0.170000,2326073000.000000,,2326073000.000000,2879915007.000000,-15.000000,18.701000,93575000.000000,0.563000,1.000000,467103000.000000,0.707000,2750971000.000000,5538000.000000,1678632000.000000,,29513000.000000,0.000000,0.000000,0.000000,2066296000.000000,420616000.000000,1645680000.000000,91801000.000000,0.000000,1112000.000000,0.000000,0.000000,-1775000.000000,-36506000.000000,0.000000,130082000.000000,1347000.000000,-28890000.000000,-28890000.000000,-28890000.000000,0.000000,0.000000,-0.044000,502184000.000000,-35081000.000000,43637000.000000,0.000000,1.041000,-10.991000,-10.821000,72092000.000000,0.000000,14.500000,0.931000,0.917000,217423000.000000,-15228655000.000000,660527000.000000,660527000.000000,89938000.000000,,,,,46823000.000000,309564000.000000,1.000000,167038966.000000,166075294.000000,166075294.000000,3.977000,1641398000.000000,0.000000,3515000.000000,49452000.000000,9.883000
ARQ,2024-03-31,2024-04-26,2024-03-31,2024-Q1,1097421000.000000,2206342105.000000,2025-05-01,-38629000.000000,4320756000.000000,,1486265000.000000,2834491000.000000,,13.646000,-35512000.000000,1097935000.000000,1097935000.000000,194538000.000000,-81889000.000000,3.822000,0.888000,1579517000.000000,0.000000,1579517000.000000,1579517000.000000,116231000.000000,100505000.000000,0.000000,0.000000,0.000000,-73550000.000000,26955000.000000,0.042000,26955000.000000,-73550000.000000,-79199000.000000,-0.490000,-0.490000,-0.490000,2288898000.000000,,2288898000.000000,2687924105.000000,-13.000000,15.745000,-26592000.000000,-0.159000,1.000000,451593000.000000,0.699000,2687428000.000000,5649000.000000,1726066000.000000,,32268000.000000,0.000000,0.000000,0.000000,2031858000.000000,388844000.000000,1643014000.000000,-24841000.000000,0.000000,1647000.000000,0.000000,0.000000,1751000.000000,-35512000.000000,0.000000,8920000.000000,-899000.000000,-81889000.000000,-81889000.000000,-81889000.000000,0.000000,0.000000,-0.127000,538715000.000000,-87122000.000000,37674000.000000,0.000000,0.964000,-9.468000,-9.227000,67056000.000000,0.000000,13.010000,0.842000,0.833000,214293000.000000,-15310544000.000000,646131000.000000,646131000.000000,81388000.000000,,,,,42325000.000000,349390000.000000,1.000000,169588171.000000,167730746.000000,167730746.000000,3.852000,1633328000.000000,0.000000,2690000.000000,47472000.000000,9.738000
ARQ,2024-06-30,2024-08-01,2024-06-30,2024-Q2,615928000.000000,1470762818.000000,2025-05-01,-38966000.000000,3523638000.000000,,1546655000.000000,1976983000.000000,,8.824000,-27748000.000000,1162383000.000000,1162383000.000000,188059000.000000,-837671000.000000,1.662000,1.346000,1578124000.000000,550722000.000000,1027402000.000000,1578124000.000000,107177000.000000,98853000.000000,0.000000,0.000000,0.000000,-828139000.000000,-729286000.000000,-1.135000,-729286000.000000,-828139000.000000,-833787000.000000,-4.920000,-4.920000,-4.920000,1502086000.000000,,1502086000.000000,1886503818.000000,-2.000000,-3.269000,60935000.000000,0.358000,1.000000,454385000.000000,0.707000,1830688000.000000,5648000.000000,1177964000.000000,,34896000.000000,0.000000,0.000000,0.000000,2021552000.000000,930727000.000000,1090825000.000000,64740000.000000,0.000000,3828000.000000,0.000000,0.000000,3805000.000000,-27748000.000000,0.000000,88683000.000000,-292000.000000,-837671000.000000,-837671000.000000,-837671000.000000,0.000000,0.000000,-1.304000,1295533000.000000,-841148000.000000,56111000.000000,0.000000,0.979000,-1.463000,-1.449000,64868000.000000,0.000000,8.590000,0.564000,0.560000,218420000.000000,-16148215000.000000,642444000.000000,642444000.000000,76751000.000000,,,,,42107000.000000,330260000.000000,1.000000,171218023.000000,170229583.000000,170229583.000000,3.774000,1692950000.000000,0.000000,3884000.000000,50673000.000000,9.945000
ARQ,2024-09-30,2024-10-31,2024-09-30,2024-Q3,677255000.000000,1549500507.000000,2025-05-01,-37106000.000000,3528581000.000000,,1608636000.000000,1919945000.000000,,8.791000,-31148000.000000,1243866000.000000,1243866000.000000,179745000.000000,-33276000.000000,1.727000,1.340000,1578170000.000000,550723000.000000,1027447000.000000,1578170000.000000,98794000.000000,91814000.000000,0.000000,0.000000,0.000000,-26836000.000000,64978000.000000,0.101000,64978000.000000,-26836000.000000,-32496000.000000,-0.190000,-0.190000,-0.190000,1507702000.000000,,1507702000.000000,1883804507.000000,-2.000000,-3.390000,79027000.000000,0.461000,1.000000,460763000.000000,0.719000,1779888000.000000,5660000.000000,1151616000.000000,,36993000.000000,0.000000,0.000000,0.000000,2020879000.000000,931381000.000000,1089498000.000000,79725000.000000,0.000000,957000.000000,0.000000,0.000000,698000.000000,-31148000.000000,0.000000,110175000.000000,1758000.000000,-33276000.000000,-33276000.000000,-33276000.000000,0.000000,0.000000,-0.052000,505164000.000000,-44401000.000000,37801000.000000,0.000000,1.028000,-1.578000,-1.560000,62145000.000000,0.000000,9.000000,0.598000,0.596000,212039000.000000,-16181491000.000000,640508000.000000,640508000.000000,72383000.000000,,,,,34047000.000000,339172000.000000,1.000000,172166723.000000,171496282.000000,171496282.000000,3.735000,1748693000.000000,0.000000,780000.000000,50846000.000000,10.197000
ARQ,2024-12-31,2025-02-27,2024-12-31,2024-Q4,722372000.000000,1649884304.000000,2025-05-01,-38388000.000000,3516524000.000000,,1663907000.000000,1852617000.000000,,8.630000,-29644000.000000,1298327000.000000,1298327000.000000,188928000.000000,-48409000.000000,1.767000,1.358000,1574276000.000000,550723000.000000,1023553000.000000,1574276000.000000,89082000.000000,91671000.000000,0.000000,0.000000,0.000000,-41325000.000000,50346000.000000,0.079000,50346000.000000,-41325000.000000,-48171000.000000,-0.260000,-0.260000,-0.260000,1491079000.000000,,1491079000.000000,1925833304.000000,-2.000000,-3.281000,56258000.000000,0.326000,1.000000,451563000.000000,0.705000,1714550000.000000,6846000.000000,1136388000.000000,,38138000.000000,0.000000,0.000000,0.000000,2025445000.000000,941535000.000000,1083910000.000000,58316000.000000,0.000000,1882000.000000,0.000000,0.000000,2058000.000000,-29644000.000000,0.000000,85902000.000000,-3855000.000000,-48409000.000000,-48409000.000000,-48409000.000000,0.000000,0.000000,-0.076000,499778000.000000,-48215000.000000,33130000.000000,0.000000,1.107000,-1.648000,-1.618000,56579000.000000,0.000000,9.500000,0.642000,0.631000,214146000.000000,-16229900000.000000,640491000.000000,640491000.000000,76752000.000000,,,,,27472000.000000,327448000.000000,1.000000,173672032.000000,172781373.000000,172781373.000000,3.707000,1801974000.000000,0.000000,238000.000000,49851000.000000,10.429000
ARQ,2025-03-31,2025-05-01,2025-03-31,2025-Q1,649406000.000000,1226289063.000000,2025-05-01,-37245000.000000,3444445000.000000,,1601829000.000000,1842616000.000000,,8.194000,-31585000.000000,1193332000.000000,1193332000.000000,196829000.000000,-93012000.000000,1.682000,1.414000,1576812000.000000,550724000.000000,1026088000.000000,1576812000.000000,84179000.000000,90173000.000000,0.000000,0.000000,0.000000,-105502000.000000,-15329000.000000,-0.024000,-15329000.000000,-105502000.000000,-111267000.000000,-0.530000,-0.530000,-0.530000,1427030000.000000,,1427030000.000000,1609769063.000000,-2.000000,-2.558000,-15666000.000000,-0.090000,1.000000,432540000.000000,0.687000,1676571000.000000,5765000.000000,1198931000.000000,,38012000.000000,0.000000,0.000000,0.000000,2017415000.000000,952423000.000000,1064992000.000000,-106580000.000000,-64608000.000000,769000.000000,0.000000,0.000000,769000.000000,-123268000.000000,-27075000.000000,15919000.000000,1585000.000000,-93012000.000000,-93012000.000000,-93012000.000000,0.000000,0.000000,-0.148000,553151000.000000,-120611000.000000,52054000.000000,0.000000,0.859000,-1.211000,-1.185000,57229000.000000,0.000000,6.990000,0.480000,0.477000,232971000.000000,-16322912000.000000,629369000.000000,629369000.000000,69958000.000000,,,,,25163000.000000,329652000.000000,1.000000,175434773.000000,174154128.000000,174154128.000000,3.614000,1767874000.000000,0.000000,-18255000.000000,24336000.000000,10.151000
ART,2014-12-31,2015-06-24,2014-12-31,2014-Q4,41638000.000000,,2025-05-01,0.000000,92007000.000000,,54662000.000000,37345000.000000,,-34.407000,-1734000.000000,46436000.000000,46436000.000000,9929000.000000,-17037000.000000,4.197000,-2.362000,26029000.000000,833000.000000,25196000.000000,26029000.000000,0.000000,2320000.000000,0.000000,,0.000000,-15150000.000000,-12830000.000000,-0.295000,-12830000.000000,-15150000.000000,-16649000.000000,-10.250000,-10.250000,-10.250000,-67535000.000000,,-67535000.000000,,,,-13093000.000000,-6.670000,1.000000,33599000.000000,0.772000,35984000.000000,1499000.000000,22592000.000000,,0.000000,0.000000,0.000000,0.000000,159542000.000000,13024000.000000,146518000.000000,43224000.000000,-13844000.000000,379000.000000,19700000.000000,0.000000,70161000.000000,-15578000.000000,0.000000,-11359000.000000,0.000000,-17037000.000000,-17037000.000000,-17037000.000000,0.000000,0.000000,-0.391000,48749000.000000,-15150000.000000,2210000.000000,0.000000,,,,1065000.000000,0.000000,,,,6839000.000000,-72490000.000000,43528000.000000,43528000.000000,7573000.000000,,,,-0.348000,533000.000000,38856000.000000,1.000000,35796346.000000,1962845.000000,1962845.000000,22.176000,56023000.000000,12000.000000,388000.000000,494000.000000,28.542000
ART,2015-06-30,2015-08-12,2015-06-30,2015-Q2,3968000.000000,1094474125.000000,2025-05-01,0.000000,106941000.000000,,30059000.000000,76882000.000000,,-33.284000,,15423000.000000,15423000.000000,,,1.152000,-2.356000,32658000.000000,1250000.000000,31408000.000000,32658000.000000,0.000000,,0.000000,0.000000,0.000000,,,,,,,,,,-78888000.000000,,-78888000.000000,1111709125.000000,,,,,1.000000,,,72463000.000000,,25622000.000000,,0.000000,0.000000,0.000000,0.000000,185829000.000000,26091000.000000,159738000.000000,,,,,,,,,,,,,,,,,,,6962000.000000,,-13.874000,,,4154000.000000,,28.510000,,,8954000.000000,-102257000.000000,,,,,,,,,,1.000000,38389131.000000,2370113.000000,,,34478000.000000,78000.000000,,939000.000000,14.547000
ART,2015-09-30,2015-11-02,2015-09-30,2015-Q3,146641000.000000,753307728.000000,2025-05-01,4000.000000,243280000.000000,,163948000.000000,79332000.000000,,5.334000,,54064000.000000,54064000.000000,,,9.473000,0.264000,27113000.000000,1250000.000000,25863000.000000,27113000.000000,0.000000,,0.000000,0.000000,0.000000,,,,,,,,,,192537000.000000,,192537000.000000,726356728.000000,,,,,1.000000,,,73196000.000000,,125826000.000000,,0.000000,97934000.000000,97934000.000000,0.000000,50743000.000000,17307000.000000,33436000.000000,,,,,,,,,,,,,,,,,,,2056000.000000,,3.913000,,,5852000.000000,,19.590000,,,9370000.000000,-115503000.000000,,,,,,,,,,1.000000,38453687.000000,36099556.000000,,,170084000.000000,33000.000000,,1056000.000000,4.712000
ART,2015-12-31,2016-03-03,2015-12-31,2015-Q4,133592000.000000,491701289.000000,2025-05-01,-42000.000000,229737000.000000,160872000.000000,151578000.000000,78159000.000000,0.481000,8.965000,-7817000.000000,55066000.000000,55066000.000000,21041000.000000,-58020000.000000,8.428000,0.287000,26477000.000000,1250000.000000,25227000.000000,26477000.000000,0.000000,4863000.000000,0.000000,0.000000,0.000000,-55785000.000000,-50922000.000000,-0.658000,-50922000.000000,-55785000.000000,-57984000.000000,-2.910000,-2.910000,-2.910000,178564000.000000,55514500.000000,178564000.000000,463112289.000000,-8.000000,-9.095000,-54998000.000000,-2.761000,1.000000,56343000.000000,0.728000,71607000.000000,2199000.000000,111555000.000000,67073500.000000,0.000000,82282000.000000,82282000.000000,0.000000,51173000.000000,17986000.000000,33187000.000000,8630000.000000,-17767000.000000,163546000.000000,468000.000000,0.000000,164014000.000000,-108203000.000000,-82619000.000000,-47181000.000000,0.000000,-58020000.000000,-58020000.000000,-58020000.000000,0.000000,0.000000,-0.750000,112128000.000000,-55785000.000000,2213000.000000,0.000000,2.754000,-8.475000,-4.381000,6259000.000000,0.000000,12.750000,6.354000,3.282000,12134000.000000,-130510000.000000,77384000.000000,77384000.000000,14210000.000000,-0.361000,-1.045000,-0.832000,-0.721000,3075000.000000,93055000.000000,1.000000,38564807.000000,19917348.000000,19917348.000000,3.885000,158130000.000000,0.000000,36000.000000,1185000.000000,7.939000
ART,2016-03-31,2016-05-10,2016-03-31,2016-Q1,121225000.000000,456790886.000000,2025-05-01,17000.000000,213483000.000000,198360250.000000,136173000.000000,77310000.000000,0.443000,4.279000,,50193000.000000,50193000.000000,23702000.000000,-60621000.000000,9.110000,0.293000,26207000.000000,1250000.000000,24957000.000000,26207000.000000,0.000000,,0.000000,0.000000,0.000000,-57907000.000000,,,,-57907000.000000,-59965000.000000,-7.730000,-7.730000,-7.730000,165103000.000000,114329000.000000,165103000.000000,432804886.000000,-7.000000,,,,1.000000,64081000.000000,0.730000,70930000.000000,2058000.000000,103619000.000000,91655500.000000,0.000000,69522000.000000,69522000.000000,0.000000,48380000.000000,14948000.000000,33432000.000000,,,,,,,,,,,-60621000.000000,-60621000.000000,-60621000.000000,0.000000,0.000000,-0.691000,121988000.000000,-57907000.000000,1078000.000000,0.000000,2.767000,-7.535000,-1.527000,6087000.000000,0.000000,11.800000,5.204000,5.187000,13819000.000000,-145814000.000000,87783000.000000,87783000.000000,16529000.000000,-0.306000,-0.530000,-0.632000,-0.660000,,99991000.000000,1.000000,38711092.000000,38584345.000000,38584345.000000,2.275000,142553000.000000,0.000000,656000.000000,1347000.000000,3.695000
ART,2016-06-30,2016-08-03,2016-06-30,2016-Q2,111354000.000000,812184816.000000,2025-05-01,25000.000000,203890000.000000,222597500.000000,127349000.000000,76541000.000000,0.431000,3.925000,-4938000.000000,55781000.000000,55781000.000000,25800000.000000,-58436000.000000,7.962000,0.342000,31387000.000000,4250000.000000,27137000.000000,31387000.000000,0.000000,6103000.000000,0.000000,0.000000,0.000000,-56118000.000000,-50015000.000000,-0.521000,-50015000.000000,-56118000.000000,-57941000.000000,-0.910000,-0.910000,-0.910000,151960000.000000,172041000.000000,151960000.000000,787790816.000000,-14.000000,-15.751000,-63399000.000000,-1.637000,1.000000,70188000.000000,0.731000,70136000.000000,1823000.000000,93365000.000000,108591250.000000,0.000000,56698000.000000,56698000.000000,0.000000,51930000.000000,15995000.000000,35935000.000000,40358000.000000,-4222000.000000,163875000.000000,-1249000.000000,0.000000,165037000.000000,-66218000.000000,-57058000.000000,-58461000.000000,0.000000,-58436000.000000,-58436000.000000,-58436000.000000,0.000000,0.000000,-0.609000,126306000.000000,-56118000.000000,506000.000000,0.000000,5.345000,-13.899000,-19.527000,6100000.000000,0.000000,17.770000,8.461000,7.168000,13209000.000000,-160693000.000000,95988000.000000,95988000.000000,18155000.000000,-0.263000,-0.340000,-0.517000,-0.585000,4619000.000000,102048000.000000,1.000000,45705392.000000,38717186.000000,38717186.000000,2.479000,133754000.000000,0.000000,495000.000000,1357000.000000,3.455000
ART,2016-09-30,2016-10-27,2016-09-30,2016-Q3,70933000.000000,685883892.000000,2025-05-01,8000.000000,313268000.000000,240094500.000000,91232000.000000,222036000.000000,0.451000,5.283000,-3132000.000000,44032000.000000,44032000.000000,28424000.000000,-74962000.000000,4.494000,0.293000,44469000.000000,2000000.000000,42469000.000000,44469000.000000,0.000000,7219000.000000,0.000000,0.000000,0.000000,-72234000.000000,-65015000.000000,-0.600000,-65015000.000000,-72234000.000000,-74441000.000000,-1.190000,-1.190000,-1.190000,242300000.000000,184481750.000000,242300000.000000,686320892.000000,-10.000000,-10.556000,-59686000.000000,-1.301000,1.000000,79972000.000000,0.738000,214522000.000000,2207000.000000,78884000.000000,96855750.000000,0.000000,30916000.000000,30916000.000000,0.000000,70968000.000000,20299000.000000,50669000.000000,-10032000.000000,-37013000.000000,2561000.000000,17261000.000000,0.000000,19822000.000000,26700000.000000,66845000.000000,-56554000.000000,0.000000,-74962000.000000,-74962000.000000,-74962000.000000,0.000000,0.000000,-0.692000,143752000.000000,-63780000.000000,785000.000000,0.000000,2.831000,-9.150000,-12.521000,7124000.000000,0.000000,14.900000,6.328000,6.304000,12904000.000000,-190465000.000000,108396000.000000,108396000.000000,20081000.000000,-0.312000,-0.406000,-0.746000,-0.666000,6177000.000000,110256000.000000,1.000000,46032476.000000,45860269.000000,45860269.000000,2.364000,98746000.000000,0.000000,521000.000000,1545000.000000,2.153000
ART,2016-12-31,2017-03-01,2016-12-31,2016-Q4,61644000.000000,1217692333.000000,2025-05-01,-1000.000000,303670000.000000,258577750.000000,82717000.000000,220953000.000000,0.476000,5.454000,-3412000.000000,50015000.000000,50015000.000000,31971000.000000,-74216000.000000,3.925000,0.315000,44424000.000000,2000000.000000,42424000.000000,44424000.000000,0.000000,8270000.000000,0.000000,0.000000,0.000000,-71118000.000000,-62848000.000000,-0.510000,-62848000.000000,-71118000.000000,-73706000.000000,-1.750000,-1.750000,-1.750000,230870000.000000,197558250.000000,230870000.000000,1212101333.000000,-17.000000,-19.286000,-55207000.000000,-1.304000,1.000000,91186000.000000,0.740000,213059000.000000,2588000.000000,63947000.000000,84953750.000000,0.000000,15793000.000000,15793000.000000,0.000000,72800000.000000,21073000.000000,51727000.000000,-5051000.000000,-37013000.000000,2774000.000000,17824000.000000,0.000000,20598000.000000,26146000.000000,66571000.000000,-51795000.000000,0.000000,-74216000.000000,-74216000.000000,-74216000.000000,0.000000,0.000000,-0.603000,153850000.000000,-62664000.000000,2236000.000000,0.000000,5.274000,-16.407000,-12.829000,7479000.000000,0.000000,22.450000,9.887000,7.716000,13806000.000000,-204726000.000000,123157000.000000,123157000.000000,21815000.000000,-0.287000,-0.376000,-0.837000,-0.577000,7723000.000000,116806000.000000,1.000000,54240193.000000,42330908.000000,42330908.000000,2.909000,90611000.000000,0.000000,510000.000000,1694000.000000,2.141000
ART,2017-03-31,2017-05-08,2017-03-31,2017-Q1,176688000.000000,1244393931.000000,2025-05-01,-4000.000000,413953000.000000,308695250.000000,194826000.000000,219127000.000000,0.451000,6.580000,-3372000.000000,139948000.000000,139948000.000000,36167000.000000,-74566000.000000,10.741000,0.205000,42434000.000000,0.000000,42434000.000000,42434000.000000,0.000000,9369000.000000,0.000000,0.000000,0.000000,-71205000.000000,-61836000.000000,-0.444000,-61836000.000000,-71205000.000000,-74068000.000000,-1.620000,-1.620000,-1.620000,343433000.000000,242140750.000000,343433000.000000,1146879931.000000,-16.000000,-18.547000,-50544000.000000,-0.968000,1.000000,103000000.000000,0.740000,211262000.000000,2863000.000000,87039000.000000,80808750.000000,0.000000,36005000.000000,36005000.000000,0.000000,70520000.000000,18138000.000000,52382000.000000,89755000.000000,-37013000.000000,127401000.000000,16137000.000000,0.000000,143844000.000000,-6917000.000000,33620000.000000,-47172000.000000,0.000000,-74566000.000000,-74566000.000000,-74566000.000000,0.000000,0.000000,-0.536000,165751000.000000,-62751000.000000,1949000.000000,0.000000,3.623000,-16.688000,-14.105000,7441000.000000,0.000000,22.850000,8.942000,8.570000,15309000.000000,-220449000.000000,139167000.000000,139167000.000000,23102000.000000,-0.242000,-0.308000,-0.881000,-0.512000,9532000.000000,127084000.000000,1.000000,54459253.000000,52192859.000000,52192859.000000,2.666000,202691000.000000,0.000000,498000.000000,1844000.000000,3.884000
ART,2017-06-30,2017-08-02,2017-06-30,2017-Q2,437304000.000000,1742117911.000000,2025-05-01,-1000.000000,674146000.000000,426259250.000000,456991000.000000,217155000.000000,0.369000,7.318000,-3275000.000000,409224000.000000,409224000.000000,39302000.000000,-75102000.000000,23.213000,0.688000,243835000.000000,0.000000,243835000.000000,243835000.000000,0.000000,10479000.000000,0.000000,0.000000,0.000000,-71235000.000000,-60756000.000000,-0.386000,-60756000.000000,-71235000.000000,-74465000.000000,-1.520000,-1.520000,-1.520000,399376000.000000,303994750.000000,399376000.000000,1576728911.000000,-22.000000,-25.952000,-41616000.000000,-0.763000,1.000000,117968000.000000,0.750000,209423000.000000,3230000.000000,279647000.000000,127379250.000000,0.000000,31070000.000000,31070000.000000,0.000000,274770000.000000,19687000.000000,255083000.000000,353443000.000000,-37013000.000000,131693000.000000,274671000.000000,0.000000,406624000.000000,-14840000.000000,25733000.000000,-38341000.000000,0.000000,-75102000.000000,-75102000.000000,-75102000.000000,0.000000,0.000000,-0.478000,180749000.000000,-62781000.000000,1150000.000000,0.000000,4.362000,-23.197000,-20.230000,7424000.000000,0.000000,30.750000,11.077000,10.670000,14229000.000000,-235864000.000000,157270000.000000,157270000.000000,25810000.000000,-0.176000,-0.247000,-0.559000,-0.453000,12463000.000000,136151000.000000,1.000000,56654241.000000,54572862.000000,54572862.000000,2.882000,464723000.000000,0.000000,637000.000000,1994000.000000,8.516000
ART,2017-09-30,2017-11-01,2017-09-30,2017-Q3,166513000.000000,1754407270.000000,2025-05-01,3906000.000000,880924000.000000,568173250.000000,207356000.000000,673568000.000000,0.341000,7.909000,-3485000.000000,83119000.000000,83119000.000000,48932000.000000,-76660000.000000,5.077000,0.972000,371331000.000000,0.000000,371331000.000000,371331000.000000,0.000000,14290000.000000,0.000000,0.000000,0.000000,-65522000.000000,-51232000.000000,-0.265000,-51232000.000000,-65522000.000000,-76081000.000000,-1.420000,-1.420000,-1.420000,446779000.000000,355114500.000000,446779000.000000,2042619270.000000,-31.000000,-39.870000,-38696000.000000,-0.685000,1.000000,144607000.000000,0.747000,663119000.000000,10559000.000000,465174000.000000,223951750.000000,0.000000,89758000.000000,89758000.000000,0.000000,434145000.000000,40843000.000000,393302000.000000,38990000.000000,-379355000.000000,132504000.000000,384211000.000000,0.000000,517210000.000000,-443009000.000000,-58696000.000000,-35211000.000000,97000.000000,-76660000.000000,-76660000.000000,-76660000.000000,0.000000,0.000000,-0.396000,208672000.000000,-64065000.000000,1852000.000000,0.000000,3.927000,-22.886000,-21.690000,9627000.000000,0.000000,30.800000,9.065000,8.990000,26995000.000000,-267194000.000000,193539000.000000,193539000.000000,29907000.000000,-0.135000,-0.216000,-0.293000,-0.339000,16153000.000000,153836000.000000,1.000000,56961275.000000,56493054.000000,56493054.000000,3.426000,217805000.000000,0.000000,579000.000000,14416000.000000,3.855000
ART,2017-12-31,2018-02-27,2017-12-31,2017-Q4,115909000.000000,2302396137.000000,2025-05-01,4089000.000000,824391000.000000,698353500.000000,156239000.000000,668152000.000000,0.334000,10.084000,-2633000.000000,42817000.000000,42817000.000000,61623000.000000,-106782000.000000,3.874000,0.475000,207370000.000000,0.000000,207370000.000000,207370000.000000,0.000000,19095000.000000,0.000000,0.000000,0.000000,-89516000.000000,-70421000.000000,-0.302000,-70421000.000000,-89516000.000000,-107007000.000000,-1.930000,-1.930000,-1.930000,558903000.000000,437122750.000000,558903000.000000,2466949137.000000,-28.000000,-35.031000,-37074000.000000,-0.669000,1.000000,171656000.000000,0.736000,658331000.000000,17491000.000000,290283000.000000,280535750.000000,0.000000,79489000.000000,79489000.000000,0.000000,265488000.000000,40330000.000000,225158000.000000,-7389000.000000,-379356000.000000,271544000.000000,203961000.000000,0.000000,475431000.000000,-448379000.000000,-63508000.000000,-34441000.000000,191000.000000,-106782000.000000,-106782000.000000,-106782000.000000,0.000000,0.000000,-0.458000,247050000.000000,-75394000.000000,3884000.000000,0.000000,4.119000,-21.562000,-19.326000,8963000.000000,0.000000,37.300000,9.870000,8.863000,27094000.000000,-311577000.000000,233279000.000000,233279000.000000,34459000.000000,-0.153000,-0.244000,-0.319000,-0.384000,30597000.000000,180300000.000000,1.000000,61726438.000000,55427460.000000,55427460.000000,4.209000,166060000.000000,0.000000,-225000.000000,12906000.000000,2.996000
ART,2018-03-31,2018-05-01,2018-03-31,2018-Q1,119120000.000000,2661684943.000000,2025-05-01,3441000.000000,817524000.000000,799246250.000000,156932000.000000,660592000.000000,0.350000,8.914000,-2570000.000000,65179000.000000,65179000.000000,76340000.000000,-114990000.000000,4.150000,0.484000,210432000.000000,0.000000,210432000.000000,210432000.000000,0.000000,24741000.000000,0.000000,0.000000,0.000000,-93806000.000000,-69065000.000000,-0.247000,-69065000.000000,-93806000.000000,-115468000.000000,-2.000000,-2.000000,-2.000000,550868000.000000,488981500.000000,550868000.000000,2806937943.000000,-30.000000,-40.642000,-38375000.000000,-0.621000,1.000000,203685000.000000,0.727000,651770000.000000,21662000.000000,273195000.000000,327074750.000000,0.000000,54555000.000000,54555000.000000,0.000000,266656000.000000,37812000.000000,228844000.000000,-75023000.000000,-379356000.000000,155064000.000000,205961000.000000,0.000000,364200000.000000,-403418000.000000,-18291000.000000,-35805000.000000,254000.000000,-114990000.000000,-114990000.000000,-114990000.000000,0.000000,0.000000,-0.411000,283369000.000000,-79684000.000000,3290000.000000,0.000000,4.832000,-23.147000,-21.350000,7995000.000000,0.000000,42.700000,9.505000,9.423000,30701000.000000,-335439000.000000,280025000.000000,280025000.000000,40851000.000000,-0.144000,-0.235000,-0.287000,-0.335000,35332000.000000,203012000.000000,1.000000,62334542.000000,61797762.000000,61797762.000000,4.531000,165754000.000000,0.000000,-478000.000000,12258000.000000,2.682000
ART,2018-06-30,2018-08-01,2018-06-30,2018-Q2,121840000.000000,4301208820.000000,2025-05-01,-2528000.000000,1199909000.000000,930687000.000000,178859000.000000,1021050000.000000,0.355000,11.106000,-3349000.000000,105804000.000000,105804000.000000,93998000.000000,-124654000.000000,3.137000,0.716000,402755000.000000,0.000000,402755000.000000,402755000.000000,0.000000,30119000.000000,0.000000,0.000000,0.000000,-97461000.000000,-67342000.000000,-0.204000,-67342000.000000,-97461000.000000,-125259000.000000,-2.120000,-2.120000,-2.120000,699381000.000000,563982750.000000,699381000.000000,4598159820.000000,-47.000000,-68.281000,-39886000.000000,-0.633000,1.000000,235996000.000000,0.715000,1009957000.000000,27798000.000000,429884000.000000,364634000.000000,0.000000,26559000.000000,26559000.000000,0.000000,500528000.000000,57019000.000000,443509000.000000,-302910000.000000,-647391000.000000,159223000.000000,221365000.000000,0.000000,380754000.000000,-647127000.000000,7598000.000000,-36537000.000000,-510000.000000,-124654000.000000,-124654000.000000,-124654000.000000,0.000000,0.000000,-0.378000,323405000.000000,-87409000.000000,5545000.000000,0.000000,6.150000,-34.505000,-29.175000,10034000.000000,0.000000,61.850000,13.034000,11.803000,38100000.000000,-360517000.000000,329994000.000000,329994000.000000,47662000.000000,-0.134000,-0.221000,-0.267000,-0.295000,41826000.000000,227172000.000000,1.000000,69542584.000000,62975535.000000,62975535.000000,5.240000,189952000.000000,0.000000,-605000.000000,35175000.000000,3.016000
ART,2018-09-30,2018-11-01,2018-09-30,2018-Q3,465060000.000000,4873807912.000000,2025-05-01,-4357000.000000,1535182000.000000,1094251500.000000,523253000.000000,1011929000.000000,0.340000,15.059000,-3322000.000000,457554000.000000,457554000.000000,111423000.000000,-116588000.000000,8.992000,0.494000,408653000.000000,0.000000,408653000.000000,408653000.000000,0.000000,33447000.000000,0.000000,0.000000,0.000000,-90241000.000000,-56794000.000000,-0.153000,-56794000.000000,-90241000.000000,-117503000.000000,-1.910000,-1.910000,-1.910000,1027771000.000000,709230750.000000,1027771000.000000,4824906912.000000,-53.000000,-84.955000,-17933000.000000,-0.263000,1.000000,260883000.000000,0.701000,1000896000.000000,27262000.000000,427192000.000000,355138500.000000,0.000000,14974000.000000,14974000.000000,0.000000,507411000.000000,58193000.000000,449218000.000000,375283000.000000,-276988000.000000,497832000.000000,98898000.000000,0.000000,596700000.000000,-206806000.000000,77671000.000000,-14611000.000000,-848000.000000,-116588000.000000,-116588000.000000,-116588000.000000,0.000000,0.000000,-0.313000,343959000.000000,-83076000.000000,4821000.000000,0.000000,4.742000,-41.804000,-36.398000,9717000.000000,0.000000,69.520000,13.091000,12.744000,39965000.000000,-383782000.000000,372306000.000000,372306000.000000,51275000.000000,-0.107000,-0.164000,-0.254000,-0.242000,48055000.000000,247723000.000000,1.000000,70106558.000000,68247655.000000,68247655.000000,5.455000,534286000.000000,0.000000,-915000.000000,34964000.000000,7.829000
ART,2018-12-31,2019-02-27,2018-12-31,2018-Q4,470297000.000000,4882200014.000000,2025-05-01,-13070000.000000,1528876000.000000,1270372750.000000,532736000.000000,996140000.000000,0.329000,15.386000,-4011000.000000,423989000.000000,423989000.000000,128735000.000000,-97084000.000000,8.532000,0.509000,414683000.000000,0.000000,414683000.000000,414683000.000000,0.000000,35602000.000000,0.000000,0.000000,0.000000,-70854000.000000,-35252000.000000,-0.084000,-35252000.000000,-70854000.000000,-96966000.000000,-1.470000,-1.470000,-1.470000,1013119000.000000,822784750.000000,1013119000.000000,4872894014.000000,-69.000000,-138.230000,-8871000.000000,-0.135000,1.000000,289172000.000000,0.692000,984591000.000000,26112000.000000,472540000.000000,400702750.000000,0.000000,54545000.000000,54545000.000000,0.000000,515757000.000000,62439000.000000,453318000.000000,383256000.000000,-276912000.000000,364729000.000000,279162000.000000,0.000000,645612000.000000,-257496000.000000,27823000.000000,-4860000.000000,-2084000.000000,-97084000.000000,-97084000.000000,-97084000.000000,0.000000,0.000000,-0.232000,365526000.000000,-76354000.000000,7769000.000000,0.000000,4.819000,-50.288000,-46.932000,10148000.000000,0.000000,68.990000,11.683000,10.870000,43571000.000000,-408661000.000000,417907000.000000,417907000.000000,54373000.000000,-0.076000,-0.118000,-0.177000,-0.170000,43769000.000000,265160000.000000,1.000000,70766778.000000,65844908.000000,65844908.000000,6.347000,544285000.000000,0.000000,118000.000000,32444000.000000,8.266000
ART,2019-03-31,2019-04-30,2019-03-31,2019-Q1,469087000.000000,4072319220.000000,2025-05-01,-16858000.000000,1551625000.000000,1453898000.000000,540789000.000000,1010836000.000000,0.314000,14.122000,-4025000.000000,433958000.000000,433958000.000000,146556000.000000,-103372000.000000,7.542000,0.549000,443829000.000000,0.000000,443829000.000000,443829000.000000,0.000000,38912000.000000,0.000000,0.000000,0.000000,-74649000.000000,-35737000.000000,-0.078000,-35737000.000000,-74649000.000000,-102409000.000000,-1.520000,-1.520000,-1.520000,1001558000.000000,935457250.000000,1001558000.000000,4082190220.000000,-55.000000,-114.229000,-2906000.000000,-0.041000,1.000000,310280000.000000,0.679000,972773000.000000,27760000.000000,517021000.000000,461659250.000000,0.000000,45745000.000000,45745000.000000,0.000000,550067000.000000,71702000.000000,478365000.000000,371103000.000000,-276906000.000000,364940000.000000,279162000.000000,0.000000,644116000.000000,-274132000.000000,11823000.000000,1119000.000000,-2324000.000000,-103372000.000000,-103372000.000000,-103372000.000000,0.000000,0.000000,-0.226000,390429000.000000,-80149000.000000,7738000.000000,0.000000,4.066000,-39.395000,-37.421000,36691000.000000,0.000000,56.880000,8.914000,8.830000,50583000.000000,-438811000.000000,456836000.000000,456836000.000000,57456000.000000,-0.071000,-0.111000,-0.162000,-0.163000,49460000.000000,286190000.000000,1.000000,71594923.000000,70919496.000000,70919496.000000,6.442000,578852000.000000,0.000000,963000.000000,29748000.000000,8.162000
ART,2019-06-30,2019-07-31,2019-06-30,2019-Q2,462188000.000000,4916046381.000000,2025-05-01,-12542000.000000,1565344000.000000,1545256750.000000,532609000.000000,1032735000.000000,0.319000,13.980000,-3244000.000000,440443000.000000,440443000.000000,160506000.000000,-107617000.000000,7.563000,0.561000,453583000.000000,0.000000,453583000.000000,453583000.000000,0.000000,41746000.000000,0.000000,0.000000,0.000000,-78525000.000000,-36779000.000000,-0.075000,-36779000.000000,-78525000.000000,-106586000.000000,-1.530000,-1.530000,-1.530000,1002640000.000000,1011272000.000000,1002640000.000000,4929186381.000000,-63.000000,-134.022000,7670000.000000,0.107000,1.000000,332046000.000000,0.674000,987417000.000000,28061000.000000,520646000.000000,484349750.000000,0.000000,32161000.000000,32161000.000000,0.000000,562704000.000000,70421000.000000,492283000.000000,335997000.000000,-20077000.000000,365117000.000000,36000.000000,0.000000,364698000.000000,-39615000.000000,-10311000.000000,10914000.000000,-1358000.000000,-107617000.000000,-107617000.000000,-107617000.000000,0.000000,0.000000,-0.218000,412001000.000000,-79955000.000000,6079000.000000,0.000000,4.903000,-45.681000,-44.601000,38942000.000000,0.000000,68.240000,9.981000,9.937000,49778000.000000,-468135000.000000,492552000.000000,492552000.000000,59773000.000000,-0.070000,-0.106000,-0.162000,-0.159000,55769000.000000,308307000.000000,1.000000,72040539.000000,71721246.000000,71721246.000000,6.868000,577927000.000000,0.000000,1031000.000000,31710000.000000,8.058000
ART,2019-09-30,2019-10-30,2019-09-30,2019-Q3,472758000.000000,5008858136.000000,2025-05-01,-28058000.000000,1568429000.000000,1553568500.000000,557960000.000000,1010469000.000000,0.334000,13.773000,-4126000.000000,475242000.000000,475242000.000000,169138000.000000,-104699000.000000,6.549000,0.578000,459613000.000000,0.000000,459613000.000000,459613000.000000,0.000000,43417000.000000,0.000000,0.000000,0.000000,-82691000.000000,-39274000.000000,-0.076000,-39274000.000000,-82691000.000000,-110786000.000000,-1.470000,-1.470000,-1.470000,993738000.000000,1002763750.000000,993738000.000000,4993229136.000000,-60.000000,-127.138000,10097000.000000,0.140000,1.000000,350421000.000000,0.674000,966485000.000000,28095000.000000,501113000.000000,502830000.000000,0.000000,15633000.000000,15633000.000000,0.000000,574691000.000000,85202000.000000,489489000.000000,19843000.000000,-11119000.000000,32947000.000000,15000.000000,0.000000,32502000.000000,-26882000.000000,-5341000.000000,14223000.000000,-2155000.000000,-104699000.000000,-104699000.000000,-104699000.000000,0.000000,0.000000,-0.202000,433112000.000000,-82691000.000000,6068000.000000,0.000000,5.040000,-47.841000,-47.075000,37617000.000000,0.000000,69.200000,9.641000,9.610000,53669000.000000,-488481000.000000,519559000.000000,519559000.000000,61942000.000000,-0.067000,-0.104000,-0.164000,-0.159000,60928000.000000,326971000.000000,1.000000,72382343.000000,72151094.000000,72151094.000000,7.201000,601944000.000000,0.000000,-6087000.000000,22720000.000000,8.343000
ART,2019-12-31,2020-02-26,2019-12-31,2019-Q4,497821000.000000,8531751340.000000,2025-05-01,-17239000.000000,1602827000.000000,1572056250.000000,588002000.000000,1014825000.000000,0.352000,14.114000,-3510000.000000,514353000.000000,514353000.000000,184465000.000000,-98864000.000000,6.520000,0.581000,465404000.000000,0.000000,465404000.000000,465404000.000000,0.000000,44952000.000000,0.000000,0.000000,0.000000,-80442000.000000,-35490000.000000,-0.064000,-35490000.000000,-80442000.000000,-109455000.000000,-1.380000,-1.380000,-1.380000,1014025000.000000,1002990250.000000,1014025000.000000,8482802340.000000,-105.000000,-239.020000,26359000.000000,0.367000,1.000000,368842000.000000,0.667000,971532000.000000,29013000.000000,492165000.000000,507736250.000000,0.000000,2711000.000000,2711000.000000,0.000000,588802000.000000,90181000.000000,498621000.000000,89976000.000000,-11187000.000000,36663000.000000,0.000000,0.000000,35094000.000000,25013000.000000,47100000.000000,29869000.000000,388000.000000,-98864000.000000,-98864000.000000,-98864000.000000,0.000000,0.000000,-0.179000,449284000.000000,-80442000.000000,9075000.000000,0.000000,8.414000,-86.298000,-84.681000,36748000.000000,0.000000,116.860000,15.420000,15.174000,56948000.000000,-507525000.000000,553307000.000000,553307000.000000,64644000.000000,-0.063000,-0.099000,-0.158000,-0.145000,66702000.000000,339068000.000000,1.000000,73008312.000000,71844535.000000,71844535.000000,7.701000,631295000.000000,0.000000,-10591000.000000,21678000.000000,8.787000
ART,2020-03-31,2020-04-29,2020-03-31,2020-Q1,499264000.000000,13036766877.000000,2025-05-01,-34793000.000000,1603077000.000000,1584919250.000000,596428000.000000,1006649000.000000,0.382000,13.649000,-3901000.000000,507956000.000000,507956000.000000,212170000.000000,-98317000.000000,6.138000,0.603000,476651000.000000,0.000000,476651000.000000,476651000.000000,0.000000,44617000.000000,0.000000,0.000000,0.000000,-78566000.000000,-33949000.000000,-0.056000,-33949000.000000,-78566000.000000,-110361000.000000,-1.360000,-1.360000,-1.360000,1000177000.000000,1002645000.000000,1000177000.000000,13005461877.000000,-166.000000,-383.088000,27540000.000000,0.376000,1.000000,393363000.000000,0.650000,949052000.000000,31795000.000000,525556000.000000,509870000.000000,0.000000,2819000.000000,2819000.000000,0.000000,602900000.000000,97164000.000000,505736000.000000,76635000.000000,-20193000.000000,42698000.000000,0.000000,0.000000,39445000.000000,5749000.000000,38100000.000000,31441000.000000,-2637000.000000,-98317000.000000,-98317000.000000,-98317000.000000,0.000000,0.000000,-0.162000,471929000.000000,-78566000.000000,8142000.000000,0.000000,13.034000,-132.599000,-128.750000,42267000.000000,0.000000,175.100000,21.529000,21.190000,70721000.000000,-537128000.000000,605533000.000000,605533000.000000,67914000.000000,-0.062000,-0.098000,-0.154000,-0.130000,71494000.000000,355681000.000000,1.000000,74453266.000000,73278857.000000,73278857.000000,8.263000,654025000.000000,0.000000,-12044000.000000,18848000.000000,8.925000
ART,2020-06-30,2020-07-29,2020-06-30,2020-Q2,1279562000.000000,17728110958.000000,2025-05-01,-21913000.000000,2418828000.000000,1798290250.000000,1403110000.000000,1015718000.000000,0.398000,16.924000,-3903000.000000,1308843000.000000,1308843000.000000,261316000.000000,-94675000.000000,11.357000,0.868000,976118000.000000,0.000000,976118000.000000,976118000.000000,0.000000,45164000.000000,0.000000,0.000000,0.000000,-71473000.000000,-26309000.000000,-0.037000,-26309000.000000,-71473000.000000,-109208000.000000,-1.290000,-1.290000,-1.290000,1294929000.000000,1075717250.000000,1294929000.000000,17395385958.000000,-243.000000,-661.195000,56939000.000000,0.744000,1.000000,454971000.000000,0.635000,955788000.000000,37735000.000000,1006767000.000000,631400250.000000,0.000000,2932000.000000,2932000.000000,0.000000,1123899000.000000,123548000.000000,1000351000.000000,869465000.000000,-13487000.000000,55073000.000000,747800000.000000,0.000000,807472000.000000,1151000.000000,29405000.000000,60842000.000000,-1065000.000000,-94675000.000000,-94675000.000000,-94675000.000000,0.000000,0.000000,-0.132000,518693000.000000,-63722000.000000,10816000.000000,0.000000,13.690000,-187.252000,-169.186000,40046000.000000,0.000000,218.250000,24.750000,23.313000,76902000.000000,-562810000.000000,716287000.000000,716287000.000000,74278000.000000,-0.053000,-0.088000,-0.113000,-0.100000,76054000.000000,395545000.000000,1.000000,81228458.000000,76512870.000000,76512870.000000,9.362000,1463040000.000000,0.000000,-14533000.000000,18976000.000000,19.121000
ART,2020-09-30,2020-11-06,2020-09-30,2020-Q3,1109218000.000000,29882208593.000000,2025-05-01,-5628000.000000,3449385000.000000,2268529250.000000,1310043000.000000,2139342000.000000,0.382000,26.685000,-18050000.000000,1187299000.000000,1187299000.000000,323242000.000000,-110213000.000000,6.523000,0.546000,1007320000.000000,13609000.000000,993711000.000000,1007320000.000000,51605000.000000,49121000.000000,0.000000,0.000000,0.000000,-72481000.000000,-23360000.000000,-0.027000,-23360000.000000,-72481000.000000,-119738000.000000,-1.440000,-1.440000,-1.440000,2231036000.000000,1385041750.000000,2231036000.000000,29702229593.000000,-410.000000,-1271.500000,61497000.000000,0.736000,1.000000,543888000.000000,0.627000,2077928000.000000,47257000.000000,990653000.000000,753785250.000000,11578000.000000,3070000.000000,3070000.000000,0.000000,1218349000.000000,200825000.000000,1017524000.000000,710785000.000000,-159656000.000000,53068000.000000,747777000.000000,0.000000,798741000.000000,-167503000.000000,12935000.000000,79547000.000000,1272000.000000,-110213000.000000,-110213000.000000,-110213000.000000,0.000000,0.000000,-0.127000,607391000.000000,-63503000.000000,21408000.000000,0.000000,13.394000,-271.131000,-143.153000,54297000.000000,0.000000,206.140000,34.461000,19.876000,85803000.000000,-598694000.000000,867130000.000000,867130000.000000,88490000.000000,-0.049000,-0.080000,-0.096000,-0.084000,79608000.000000,443316000.000000,1.000000,144960748.000000,83607902.000000,83607902.000000,10.371000,1371457000.000000,0.000000,-9525000.000000,17896000.000000,16.403000
ART,2020-12-31,2021-03-01,2020-12-31,2020-Q4,726958000.000000,34111652777.000000,2025-05-01,18518000.000000,17755281000.000000,6306642750.000000,1059607000.000000,16695674000.000000,0.173000,175.494000,-26042000.000000,733324000.000000,733324000.000000,390829000.000000,-485136000.000000,3.185000,0.118000,1488673000.000000,56013000.000000,1432660000.000000,1488673000.000000,54805000.000000,78087000.000000,0.000000,0.000000,0.000000,-515498000.000000,-437411000.000000,-0.400000,-437411000.000000,-515498000.000000,-575993000.000000,-5.360000,-5.360000,-5.360000,15883804000.000000,5102486500.000000,15883804000.000000,34867001777.000000,-68.000000,-79.712000,-79553000.000000,-0.879000,1.000000,703133000.000000,0.643000,16602119000.000000,60495000.000000,1575862000.000000,1024709500.000000,56498000.000000,53245000.000000,53245000.000000,0.000000,1871477000.000000,332649000.000000,1538828000.000000,214650000.000000,-567429000.000000,59036000.000000,737777000.000000,0.000000,859136000.000000,-590975000.000000,2496000.000000,-53511000.000000,4321000.000000,-485136000.000000,-485136000.000000,-485136000.000000,0.000000,0.000000,-0.443000,1209554000.000000,-506421000.000000,46030000.000000,0.000000,2.148000,-70.314000,-41.677000,75198000.000000,0.000000,223.390000,31.182000,18.482000,169281000.000000,-992661000.000000,1093962000.000000,1093962000.000000,164941000.000000,-0.077000,-0.095000,-0.503000,-0.471000,475531000.000000,886882000.000000,1.000000,152699999.000000,90509229.000000,90509229.000000,12.087000,1153162000.000000,0.000000,-90857000.000000,102103000.000000,12.741000
ART,2021-03-31,2021-05-03,2021-03-31,2021-Q1,771966000.000000,25220152064.000000,2025-05-01,5026000.000000,17582358000.000000,10301463000.000000,1032330000.000000,16550028000.000000,0.133000,104.027000,-38339000.000000,720104000.000000,720104000.000000,464406000.000000,-655182000.000000,3.965000,0.111000,1417214000.000000,13693000.000000,1403521000.000000,1417214000.000000,73174000.000000,119290000.000000,0.000000,0.000000,0.000000,-584972000.000000,-465682000.000000,-0.341000,-465682000.000000,-584972000.000000,-658289000.000000,-6.270000,-6.270000,-6.270000,15829498000.000000,8809816750.000000,15829498000.000000,25917262064.000000,-44.000000,-55.654000,-103556000.000000,-0.681000,1.000000,902432000.000000,0.660000,16449189000.000000,73317000.000000,1569915000.000000,1285799250.000000,58290000.000000,2530000.000000,2530000.000000,0.000000,1752860000.000000,260364000.000000,1492496000.000000,205964000.000000,-614350000.000000,64703000.000000,737647000.000000,0.000000,866258000.000000,-595077000.000000,52496000.000000,-65217000.000000,6184000.000000,-655182000.000000,-655182000.000000,-655182000.000000,0.000000,0.000000,-0.479000,1472520000.000000,-570088000.000000,34377000.000000,0.000000,1.593000,-38.493000,-26.030000,72837000.000000,0.000000,163.210000,18.451000,18.170000,178341000.000000,-1192310000.000000,1366838000.000000,1366838000.000000,223692000.000000,-0.064000,-0.074000,-0.455000,-0.428000,543516000.000000,1049489000.000000,1.000000,154525777.000000,152167606.000000,152167606.000000,8.982000,1133169000.000000,0.000000,-3107000.000000,84876000.000000,7.447000
ART,2021-06-30,2021-08-02,2021-06-30,2021-Q2,828610000.000000,23896789094.000000,2025-05-01,12291000.000000,17611119000.000000,14099535750.000000,1104837000.000000,16506282000.000000,0.116000,102.535000,-50314000.000000,783724000.000000,783724000.000000,533899000.000000,-763319000.000000,4.000000,0.101000,1260712000.000000,13619000.000000,1247093000.000000,1260712000.000000,72794000.000000,162953000.000000,0.000000,0.000000,0.000000,-680192000.000000,-517239000.000000,-0.318000,-517239000.000000,-680192000.000000,-760831000.000000,-6.790000,-6.790000,-6.790000,16001070000.000000,12486352000.000000,16001070000.000000,24373777094.000000,-36.000000,-47.123000,-98864000.000000,-0.634000,1.000000,1095048000.000000,0.672000,16417884000.000000,80639000.000000,1393996000.000000,1382606500.000000,56990000.000000,2538000.000000,2538000.000000,0.000000,1610049000.000000,276227000.000000,1333822000.000000,-531737000.000000,-610265000.000000,51862000.000000,-10160000.000000,0.000000,104396000.000000,-587583000.000000,63397000.000000,-48550000.000000,6618000.000000,-763319000.000000,-763319000.000000,-763319000.000000,0.000000,0.000000,-0.469000,1736905000.000000,-641857000.000000,42077000.000000,0.000000,1.493000,-31.306000,-22.100000,70064000.000000,0.000000,150.060000,14.670000,14.376000,179436000.000000,-1326129000.000000,1628947000.000000,1628947000.000000,281422000.000000,-0.054000,-0.061000,-0.492000,-0.418000,604558000.000000,1204902000.000000,1.000000,159248228.000000,156055090.000000,156055090.000000,10.438000,1193235000.000000,0.000000,2488000.000000,81882000.000000,7.646000
ART,2021-09-30,2021-11-01,2021-09-30,2021-Q3,855211000.000000,24257931741.000000,2025-05-01,-1132000.000000,17652579000.000000,17650334250.000000,1157316000.000000,16495263000.000000,0.105000,100.276000,-49668000.000000,823828000.000000,823828000.000000,598215000.000000,-811775000.000000,3.831000,0.104000,1276107000.000000,12442000.000000,1263665000.000000,1276107000.000000,76940000.000000,202650000.000000,0.000000,0.000000,0.000000,-721042000.000000,-518392000.000000,-0.278000,-518392000.000000,-721042000.000000,-803354000.000000,-6.890000,-6.890000,-6.890000,15987582000.000000,15925488500.000000,15987582000.000000,24710210741.000000,-34.000000,-47.667000,-53822000.000000,-0.338000,1.000000,1263578000.000000,0.679000,16402411000.000000,82312000.000000,1400342000.000000,1485028750.000000,56937000.000000,2538000.000000,2538000.000000,0.000000,1664997000.000000,302105000.000000,1362892000.000000,-366227000.000000,-483710000.000000,52888000.000000,-22192000.000000,0.000000,104758000.000000,-466831000.000000,63397000.000000,-4154000.000000,2756000.000000,-811775000.000000,-811775000.000000,-811775000.000000,0.000000,0.000000,-0.436000,1946286000.000000,-682708000.000000,34655000.000000,0.000000,1.517000,-29.883000,-21.993000,74962000.000000,0.000000,151.530000,13.029000,12.976000,178072000.000000,-1410469000.000000,1861793000.000000,1861793000.000000,331714000.000000,-0.046000,-0.051000,-0.486000,-0.387000,655351000.000000,1346071000.000000,1.000000,160086661.000000,159435165.000000,159435165.000000,11.677000,1250168000.000000,0.000000,8421000.000000,93824000.000000,7.841000
ART,2021-12-31,2022-02-28,2021-12-31,2021-Q4,894426000.000000,12170425682.000000,2025-05-01,-6285000.000000,17734608000.000000,17645166000.000000,1225439000.000000,16509169000.000000,0.115000,102.242000,-63934000.000000,893480000.000000,893480000.000000,650258000.000000,-428793000.000000,3.702000,0.105000,1290048000.000000,13313000.000000,1276735000.000000,1290048000.000000,79403000.000000,219621000.000000,0.000000,0.000000,0.000000,-304291000.000000,-84670000.000000,-0.042000,-84670000.000000,-304291000.000000,-384656000.000000,-2.730000,-2.730000,-2.730000,16045757000.000000,15965976750.000000,16045757000.000000,12566993682.000000,-41.000000,-148.423000,130056000.000000,0.829000,1.000000,1382449000.000000,0.680000,16414452000.000000,80365000.000000,1385711000.000000,1437491000.000000,73079000.000000,2537000.000000,2537000.000000,0.000000,1688851000.000000,331013000.000000,1357838000.000000,161956000.000000,-78663000.000000,42591000.000000,-16189000.000000,0.000000,40947000.000000,-72981000.000000,60901000.000000,193990000.000000,-1800000.000000,-428793000.000000,-428793000.000000,-428793000.000000,0.000000,0.000000,-0.211000,1648080000.000000,-265631000.000000,47257000.000000,0.000000,0.758000,-28.383000,-27.806000,74014000.000000,0.000000,75.910000,5.987000,5.861000,168956000.000000,-1421454000.000000,2032707000.000000,2032707000.000000,311884000.000000,-0.024000,-0.027000,-0.212000,-0.150000,302586000.000000,1105314000.000000,1.000000,160327041.000000,156939349.000000,156939349.000000,12.952000,1320156000.000000,0.000000,44137000.000000,75777000.000000,8.412000
ART,2022-03-31,2022-05-02,2022-03-31,2022-Q1,901358000.000000,5986322990.000000,2025-05-01,-11424000.000000,11092337000.000000,16022660750.000000,1208045000.000000,9884292000.000000,0.134000,56.952000,-81506000.000000,836444000.000000,836444000.000000,691324000.000000,-6903667000.000000,3.939000,0.213000,1593859000.000000,12664000.000000,1581195000.000000,1593859000.000000,86731000.000000,230066000.000000,0.000000,0.000000,0.000000,-6882461000.000000,-6652395000.000000,-3.102000,-6652395000.000000,-6882461000.000000,-6946181000.000000,-43.020000,-43.020000,-43.020000,9142610000.000000,14294254750.000000,9142610000.000000,6743737990.000000,-1.000000,-1.014000,98763000.000000,0.615000,1.000000,1453058000.000000,0.678000,9783692000.000000,63720000.000000,1759373000.000000,1484855500.000000,70654000.000000,2544000.000000,2544000.000000,0.000000,1949727000.000000,306687000.000000,1643040000.000000,117339000.000000,-22742000.000000,29300000.000000,-19980000.000000,0.000000,21588000.000000,-84518000.000000,10901000.000000,180269000.000000,-999000.000000,-6903667000.000000,-6903667000.000000,-6903667000.000000,0.000000,0.000000,-3.219000,8303390000.000000,-6850332000.000000,47412000.000000,0.000000,0.655000,-0.867000,-0.863000,73971000.000000,0.000000,37.140000,2.792000,2.780000,191528000.000000,-8023279000.000000,2144382000.000000,2144382000.000000,321288000.000000,-0.431000,-0.483000,-4.635000,-3.210000,276722000.000000,1142762000.000000,1.000000,161182633.000000,160532301.000000,160532301.000000,13.358000,1308645000.000000,0.000000,-42514000.000000,57516000.000000,8.152000
ART,2022-06-30,2022-08-03,2022-06-30,2022-Q2,885790000.000000,6223825492.000000,2025-05-01,-29864000.000000,8102775000.000000,13645574750.000000,1257269000.000000,6845506000.000000,0.164000,37.704000,-113689000.000000,881161000.000000,881161000.000000,713521000.000000,-9871309000.000000,3.384000,0.332000,1597811000.000000,12073000.000000,1585738000.000000,1597811000.000000,89627000.000000,238430000.000000,0.000000,0.000000,0.000000,-9870623000.000000,-9632193000.000000,-4.312000,-9632193000.000000,-9870623000.000000,-9918207000.000000,-61.380000,-61.380000,-61.380000,6084650000.000000,11815149750.000000,6084650000.000000,6940475492.000000,-1.000000,-0.721000,106832000.000000,0.662000,1.000000,1520101000.000000,0.681000,6730368000.000000,47584000.000000,1717578000.000000,1565751000.000000,60260000.000000,2539000.000000,2539000.000000,0.000000,2018125000.000000,371479000.000000,1646646000.000000,102225000.000000,-22327000.000000,20731000.000000,-23841000.000000,0.000000,8891000.000000,-127187000.000000,0.000000,220521000.000000,-4788000.000000,-9871309000.000000,-9871309000.000000,-9871309000.000000,0.000000,0.000000,-4.419000,11388037000.000000,-9867936000.000000,94371000.000000,0.000000,1.023000,-0.630000,-0.627000,77198000.000000,0.000000,38.500000,2.786000,2.782000,205434000.000000,-11124740000.000000,2233622000.000000,2233622000.000000,321355000.000000,-0.723000,-0.835000,-6.304000,-4.419000,244752000.000000,1197841000.000000,1.000000,161657805.000000,161377695.000000,161377695.000000,13.841000,1372407000.000000,0.000000,-46898000.000000,55926000.000000,8.504000
ART,2022-09-30,2022-11-02,2022-09-30,2022-Q3,876187000.000000,4540435519.000000,2025-05-01,-49266000.000000,8103965000.000000,11258421250.000000,1287588000.000000,6816377000.000000,0.206000,37.425000,-141794000.000000,899631000.000000,899631000.000000,730099000.000000,-9860445000.000000,3.130000,0.339000,1593469000.000000,10086000.000000,1583383000.000000,1593469000.000000,93356000.000000,248792000.000000,0.000000,0.000000,0.000000,-9882122000.000000,-9633330000.000000,-4.146000,-9633330000.000000,-9882122000.000000,-9912157000.000000,-61.300000,-61.300000,-61.300000,6052661000.000000,9331419500.000000,6052661000.000000,5234273519.000000,-1.000000,-0.543000,65157000.000000,0.403000,1.000000,1593267000.000000,0.686000,6700264000.000000,30035000.000000,1686138000.000000,1637200000.000000,59344000.000000,0.000000,0.000000,0.000000,2051304000.000000,411401000.000000,1639903000.000000,81765000.000000,-2719000.000000,14671000.000000,-15467000.000000,0.000000,8741000.000000,-133927000.000000,2507000.000000,206951000.000000,-5962000.000000,-9860445000.000000,-9860445000.000000,-9860445000.000000,0.000000,0.000000,-4.244000,11472357000.000000,-9879090000.000000,70783000.000000,0.000000,0.750000,-0.460000,-0.457000,72457000.000000,0.000000,28.040000,1.954000,1.952000,201701000.000000,-11198216000.000000,2323366000.000000,2323366000.000000,328920000.000000,-0.876000,-1.057000,-6.036000,-4.253000,228713000.000000,1267241000.000000,1.000000,161927087.000000,161727962.000000,161727962.000000,14.366000,1403701000.000000,0.000000,-51712000.000000,51742000.000000,8.679000
ART,2022-12-31,2023-03-01,2022-12-31,2022-Q4,915619000.000000,4208532929.000000,2025-05-01,-42776000.000000,4345355000.000000,7911108000.000000,1315388000.000000,3029967000.000000,0.304000,14.293000,-172764000.000000,918182000.000000,918182000.000000,743987000.000000,-13659531000.000000,3.290000,0.883000,1592787000.000000,11375000.000000,1581412000.000000,1592787000.000000,94329000.000000,270643000.000000,0.000000,0.000000,0.000000,-13654073000.000000,-13383430000.000000,-5.561000,-13383430000.000000,-13654073000.000000,-13663343000.000000,-84.600000,-84.600000,-84.600000,2307745000.000000,5896916500.000000,2307745000.000000,4883137929.000000,0.000000,-0.365000,16528000.000000,0.102000,1.000000,1662853000.000000,0.691000,2909955000.000000,9270000.000000,1710236000.000000,1718331250.000000,56342000.000000,0.000000,0.000000,0.000000,2037610000.000000,399769000.000000,1637841000.000000,28046000.000000,0.000000,12385000.000000,-15020000.000000,0.000000,6497000.000000,-167743000.000000,2507000.000000,189292000.000000,-3344000.000000,-13659531000.000000,-13659531000.000000,-13659531000.000000,0.000000,0.000000,-5.675000,15316067000.000000,-13653214000.000000,47690000.000000,0.000000,1.824000,-0.308000,-0.306000,71472000.000000,0.000000,25.880000,1.749000,1.736000,210554000.000000,-15008287000.000000,2406840000.000000,2406840000.000000,333629000.000000,-1.727000,-2.316000,-7.946000,-5.673000,217852000.000000,1300563000.000000,1.000000,162617192.000000,161457123.000000,161457123.000000,14.907000,1435400000.000000,0.000000,-3812000.000000,50939000.000000,8.890000
ART,2023-03-31,2023-05-02,2023-03-31,2023-Q1,905363000.000000,4260345744.000000,2025-05-01,-40997000.000000,4309147000.000000,6215310500.000000,1286707000.000000,3022440000.000000,0.398000,14.063000,-187557000.000000,888579000.000000,888579000.000000,747069000.000000,-7054236000.000000,3.374000,0.881000,1591345000.000000,11247000.000000,1580098000.000000,1591345000.000000,100047000.000000,281287000.000000,0.000000,0.000000,0.000000,-7057613000.000000,-6776326000.000000,-2.743000,-6776326000.000000,-7057613000.000000,-7057755000.000000,-43.600000,-43.600000,-43.600000,2291226000.000000,4184070500.000000,2291226000.000000,4963111744.000000,-1.000000,-0.732000,46638000.000000,0.286000,1.000000,1723665000.000000,0.698000,2889138000.000000,142000.000000,1741431000.000000,1713845750.000000,45801000.000000,0.000000,0.000000,0.000000,2017921000.000000,381344000.000000,1636577000.000000,55429000.000000,0.000000,8147000.000000,-14647000.000000,0.000000,7034000.000000,-185800000.000000,2507000.000000,234195000.000000,-3294000.000000,-7054236000.000000,-7054236000.000000,-7054236000.000000,0.000000,0.000000,-2.855000,8784602000.000000,-7060937000.000000,38625000.000000,0.000000,1.859000,-0.604000,-0.597000,69309000.000000,0.000000,26.030000,1.724000,1.716000,215981000.000000,-15077515000.000000,2470734000.000000,2470734000.000000,333202000.000000,-1.135000,-1.686000,-4.118000,-2.856000,203454000.000000,1349136000.000000,1.000000,163670601.000000,162922691.000000,162922691.000000,15.165000,1420009000.000000,0.000000,-3519000.000000,50613000.000000,8.716000
ART,2023-06-30,2023-07-28,2023-06-30,2023-Q2,937570000.000000,4661546742.000000,2025-05-01,-38780000.000000,4316405000.000000,5268718000.000000,1320964000.000000,2995441000.000000,0.480000,13.980000,-179290000.000000,958695000.000000,958695000.000000,755139000.000000,-4017952000.000000,3.445000,0.881000,1573790000.000000,0.000000,1573790000.000000,1573790000.000000,121625000.000000,296663000.000000,0.000000,0.000000,0.000000,-4019595000.000000,-3722932000.000000,-1.471000,-3722932000.000000,-4019595000.000000,-4021235000.000000,-24.780000,-24.780000,-24.780000,2295144000.000000,3236694000.000000,2295144000.000000,5276641742.000000,-1.000000,-1.417000,63618000.000000,0.388000,1.000000,1775622000.000000,0.702000,2857295000.000000,1640000.000000,1690811000.000000,1707154000.000000,34054000.000000,0.000000,0.000000,0.000000,2021261000.000000,383394000.000000,1637867000.000000,77951000.000000,0.000000,11545000.000000,-7231000.000000,0.000000,12576000.000000,-177533000.000000,2507000.000000,242908000.000000,-417000.000000,-4017952000.000000,-4017952000.000000,-4017952000.000000,0.000000,0.000000,-1.588000,5811652000.000000,-4036030000.000000,16071000.000000,0.000000,2.031000,-1.160000,-1.140000,65216000.000000,0.000000,28.260000,1.842000,1.833000,215181000.000000,-15142692000.000000,2530761000.000000,2530761000.000000,339685000.000000,-0.763000,-1.241000,-2.355000,-1.588000,208179000.000000,1373891000.000000,1.000000,164952114.000000,164171372.000000,164171372.000000,15.415000,1459110000.000000,0.000000,-3283000.000000,48097000.000000,8.888000
ART,2023-09-30,2023-10-27,2023-09-30,2023-Q3,984451000.000000,2577727239.000000,2025-05-01,-41520000.000000,4327973000.000000,4324720000.000000,1387091000.000000,2940882000.000000,0.596000,13.893000,-173732000.000000,1030527000.000000,1030527000.000000,755480000.000000,-4001549000.000000,3.445000,0.887000,1572186000.000000,0.000000,1572186000.000000,1572186000.000000,112344000.000000,328720000.000000,0.000000,0.000000,0.000000,-4000205000.000000,-3671485000.000000,-1.423000,-3671485000.000000,-4000205000.000000,-4006145000.000000,-24.680000,-24.680000,-24.680000,2294050000.000000,2297041250.000000,2294050000.000000,3119386239.000000,-1.000000,-0.850000,111756000.000000,0.677000,1.000000,1824117000.000000,0.707000,2801492000.000000,5940000.000000,1665500000.000000,1701994500.000000,35916000.000000,0.000000,0.000000,0.000000,2033923000.000000,402640000.000000,1631283000.000000,128766000.000000,0.000000,13373000.000000,-3550000.000000,0.000000,17010000.000000,-173732000.000000,0.000000,285488000.000000,2130000.000000,-4001549000.000000,-4001549000.000000,-4001549000.000000,0.000000,0.000000,-1.551000,5853142000.000000,-4029025000.000000,25998000.000000,0.000000,1.124000,-0.644000,-0.631000,64938000.000000,0.000000,15.570000,0.999000,0.997000,205866000.000000,-15199765000.000000,2579597000.000000,2579597000.000000,336159000.000000,-0.925000,-1.742000,-2.350000,-1.551000,205481000.000000,1381972000.000000,1.000000,165557305.000000,165119379.000000,165119379.000000,15.623000,1526481000.000000,0.000000,-4596000.000000,44252000.000000,9.245000
ART,2023-12-31,2024-02-23,2023-12-31,2023-Q4,1068432000.000000,2422065007.000000,2025-05-01,-36990000.000000,4392369000.000000,4336473500.000000,1489048000.000000,2903321000.000000,0.600000,14.134000,-156348000.000000,1123675000.000000,1123675000.000000,760031000.000000,-220368000.000000,3.540000,0.888000,1581525000.000000,0.000000,1581525000.000000,1581525000.000000,109282000.000000,351323000.000000,0.000000,0.000000,0.000000,-197326000.000000,153997000.000000,0.059000,153997000.000000,-197326000.000000,-219608000.000000,-1.340000,-1.340000,-1.340000,2326073000.000000,2301623250.000000,2326073000.000000,2879915007.000000,-15.000000,18.701000,193673000.000000,1.177000,1.000000,1842384000.000000,0.708000,2750971000.000000,22282000.000000,1678632000.000000,1694093500.000000,29513000.000000,0.000000,0.000000,0.000000,2066296000.000000,420616000.000000,1645680000.000000,204528000.000000,0.000000,11132000.000000,0.000000,0.000000,10854000.000000,-156347000.000000,0.000000,350021000.000000,965000.000000,-220368000.000000,-220368000.000000,-220368000.000000,0.000000,0.000000,-0.085000,2090937000.000000,-248553000.000000,43637000.000000,0.000000,1.041000,-10.991000,-10.821000,72092000.000000,0.000000,14.500000,0.931000,0.917000,217423000.000000,-15228655000.000000,2602415000.000000,2602415000.000000,348521000.000000,-0.051000,-0.096000,-0.116000,-0.076000,201550000.000000,1367293000.000000,1.000000,167038966.000000,164578219.000000,164578219.000000,15.813000,1641398000.000000,0.000000,760000.000000,49452000.000000,9.973000
ART,2024-03-31,2024-04-26,2024-03-31,2024-Q1,1097421000.000000,2206342105.000000,2025-05-01,-38629000.000000,4320756000.000000,4339375750.000000,1486265000.000000,2834491000.000000,0.604000,13.646000,-146236000.000000,1097935000.000000,1097935000.000000,764462000.000000,-233029000.000000,3.822000,0.888000,1579517000.000000,0.000000,1579517000.000000,1579517000.000000,116231000.000000,378308000.000000,0.000000,0.000000,0.000000,-207592000.000000,170716000.000000,0.065000,170716000.000000,-207592000.000000,-230260000.000000,-1.410000,-1.410000,-1.410000,2288898000.000000,2301041250.000000,2288898000.000000,2687924105.000000,-13.000000,15.745000,199549000.000000,1.190000,1.000000,1854840000.000000,0.708000,2687428000.000000,22668000.000000,1726066000.000000,1690252250.000000,32268000.000000,0.000000,0.000000,0.000000,2031858000.000000,388844000.000000,1643014000.000000,208802000.000000,0.000000,9752000.000000,3548000.000000,0.000000,9252000.000000,-146235000.000000,0.000000,345785000.000000,554000.000000,-233029000.000000,-233029000.000000,-233029000.000000,0.000000,0.000000,-0.089000,2113413000.000000,-258573000.000000,37674000.000000,0.000000,0.964000,-9.468000,-9.227000,67056000.000000,0.000000,13.010000,0.842000,0.833000,214293000.000000,-15310544000.000000,2619302000.000000,2619302000.000000,342924000.000000,-0.054000,-0.101000,-0.123000,-0.079000,197837000.000000,1371258000.000000,1.000000,169588171.000000,167730746.000000,167730746.000000,15.616000,1633328000.000000,0.000000,2769000.000000,47472000.000000,9.738000
ART,2024-06-30,2024-08-01,2024-06-30,2024-Q2,615928000.000000,1470762818.000000,2025-05-01,-38966000.000000,3523638000.000000,4141184000.000000,1546655000.000000,1976983000.000000,0.630000,8.824000,-137414000.000000,1162383000.000000,1162383000.000000,761981000.000000,-1005523000.000000,1.662000,1.346000,1578124000.000000,550722000.000000,1027402000.000000,1578124000.000000,107177000.000000,398331000.000000,0.000000,0.000000,0.000000,-975437000.000000,-577106000.000000,-0.221000,-577106000.000000,-975437000.000000,-997918000.000000,-5.930000,-5.930000,-5.930000,1502086000.000000,2102776750.000000,1502086000.000000,1886503818.000000,-2.000000,-3.269000,195872000.000000,1.151000,1.000000,1847359000.000000,0.708000,1830688000.000000,22481000.000000,1177964000.000000,1562040500.000000,34896000.000000,0.000000,0.000000,0.000000,2021552000.000000,930727000.000000,1090825000.000000,204722000.000000,0.000000,10495000.000000,0.000000,0.000000,8849000.000000,-137413000.000000,0.000000,333286000.000000,-1034000.000000,-1005523000.000000,-1005523000.000000,-1005523000.000000,0.000000,0.000000,-0.385000,2875435000.000000,-1028076000.000000,56111000.000000,0.000000,0.979000,-1.463000,-1.449000,64868000.000000,0.000000,8.590000,0.564000,0.560000,218420000.000000,-16148215000.000000,2609340000.000000,2609340000.000000,332366000.000000,-0.243000,-0.478000,-0.624000,-0.374000,184219000.000000,1343391000.000000,1.000000,171218023.000000,170229583.000000,170229583.000000,15.328000,1692950000.000000,0.000000,7605000.000000,50673000.000000,9.945000
ART,2024-09-30,2024-10-31,2024-09-30,2024-Q3,677255000.000000,1549500507.000000,2025-05-01,-37106000.000000,3528581000.000000,3941336000.000000,1608636000.000000,1919945000.000000,0.657000,8.791000,-130915000.000000,1243866000.000000,1243866000.000000,755766000.000000,-981726000.000000,1.727000,1.340000,1578170000.000000,550723000.000000,1027447000.000000,1578170000.000000,98794000.000000,392655000.000000,0.000000,0.000000,0.000000,-948362000.000000,-555707000.000000,-0.215000,-555707000.000000,-948362000.000000,-970857000.000000,-5.770000,-5.770000,-5.770000,1507702000.000000,1906189750.000000,1507702000.000000,1883804507.000000,-2.000000,-3.390000,206945000.000000,1.207000,1.000000,1833844000.000000,0.708000,1779888000.000000,22495000.000000,1151616000.000000,1433569500.000000,36993000.000000,0.000000,0.000000,0.000000,2020879000.000000,931381000.000000,1089498000.000000,211425000.000000,0.000000,7544000.000000,0.000000,0.000000,4479000.000000,-130914000.000000,0.000000,337860000.000000,1914000.000000,-981726000.000000,-981726000.000000,-981726000.000000,0.000000,0.000000,-0.379000,2841596000.000000,-1007752000.000000,37801000.000000,0.000000,1.028000,-1.578000,-1.560000,62145000.000000,0.000000,9.000000,0.598000,0.596000,212039000.000000,-16181491000.000000,2589610000.000000,2589610000.000000,320460000.000000,-0.249000,-0.515000,-0.662000,-0.366000,165302000.000000,1328386000.000000,1.000000,172166723.000000,171496282.000000,171496282.000000,15.100000,1748693000.000000,0.000000,10869000.000000,50846000.000000,10.197000
ART,2024-12-31,2025-02-27,2024-12-31,2024-Q4,722372000.000000,1649884304.000000,2025-05-01,-38388000.000000,3516524000.000000,3722374750.000000,1663907000.000000,1852617000.000000,0.690000,8.742000,-124052000.000000,1298327000.000000,1298327000.000000,751270000.000000,-1001245000.000000,1.767000,1.358000,1574276000.000000,550723000.000000,1023553000.000000,1574276000.000000,89082000.000000,382843000.000000,0.000000,0.000000,0.000000,-969850000.000000,-587007000.000000,-0.228000,-587007000.000000,-969850000.000000,-993653000.000000,-5.870000,-5.870000,-5.870000,1491079000.000000,1697441250.000000,1491079000.000000,1925833304.000000,-2.000000,-3.281000,169628000.000000,0.995000,1.000000,1818304000.000000,0.708000,1714550000.000000,23803000.000000,1136388000.000000,1298008500.000000,38138000.000000,0.000000,0.000000,0.000000,2025445000.000000,941535000.000000,1083910000.000000,177940000.000000,0.000000,8314000.000000,0.000000,0.000000,8312000.000000,-124052000.000000,0.000000,293680000.000000,-3288000.000000,-1001245000.000000,-1001245000.000000,-1001245000.000000,0.000000,0.000000,-0.390000,2839190000.000000,-1020886000.000000,33130000.000000,0.000000,1.107000,-1.648000,-1.618000,56579000.000000,0.000000,9.500000,0.642000,0.631000,214146000.000000,-16229900000.000000,2569574000.000000,2569574000.000000,307274000.000000,-0.269000,-0.590000,-0.747000,-0.377000,145951000.000000,1346270000.000000,1.000000,173672032.000000,170564088.000000,170564088.000000,15.065000,1801974000.000000,0.000000,7592000.000000,49851000.000000,10.565000
ART,2025-03-31,2025-05-01,2025-03-31,2025-Q1,649406000.000000,1226289063.000000,2025-05-01,-37245000.000000,3444445000.000000,3503297000.000000,1601829000.000000,1842616000.000000,0.729000,8.194000,-120125000.000000,1193332000.000000,1193332000.000000,753561000.000000,-1012368000.000000,1.682000,1.414000,1576812000.000000,550724000.000000,1026088000.000000,1576812000.000000,84179000.000000,372511000.000000,0.000000,0.000000,0.000000,-1001802000.000000,-629291000.000000,-0.247000,-629291000.000000,-1001802000.000000,-1025721000.000000,-5.900000,-5.900000,-5.900000,1427030000.000000,1481974250.000000,1427030000.000000,1609769063.000000,-2.000000,-2.558000,180554000.000000,1.037000,1.000000,1799251000.000000,0.705000,1676571000.000000,23919000.000000,1198931000.000000,1166224750.000000,38012000.000000,0.000000,0.000000,0.000000,2017415000.000000,952423000.000000,1064992000.000000,96201000.000000,-64608000.000000,7436000.000000,0.000000,0.000000,7330000.000000,-211808000.000000,-27075000.000000,300679000.000000,-804000.000000,-1012368000.000000,-1012368000.000000,-1012368000.000000,0.000000,0.000000,-0.397000,2853626000.000000,-1054375000.000000,52054000.000000,0.000000,0.859000,-1.211000,-1.185000,57229000.000000,0.000000,6.990000,0.480000,0.477000,232971000.000000,-16322912000.000000,2552812000.000000,2552812000.000000,295844000.000000,-0.289000,-0.683000,-0.859000,-0.392000,128789000.000000,1326532000.000000,1.000000,175434773.000000,174154128.000000,174154128.000000,14.658000,1767874000.000000,0.000000,-13353000.000000,24336000.000000,10.151000
ARY,2014-12-31,2015-06-24,2014-12-31,2014-FY,41638000.000000,,2025-05-01,0.000000,92007000.000000,,54662000.000000,37345000.000000,,-34.407000,-1734000.000000,46436000.000000,46436000.000000,9929000.000000,-17037000.000000,4.197000,-2.362000,26029000.000000,833000.000000,25196000.000000,26029000.000000,0.000000,2320000.000000,0.000000,,0.000000,-15150000.000000,-12830000.000000,-0.295000,-12830000.000000,-15150000.000000,-16649000.000000,-10.250000,-10.250000,-10.250000,-67535000.000000,,-67535000.000000,,,,-13093000.000000,-6.670000,1.000000,33599000.000000,0.772000,35984000.000000,1499000.000000,22592000.000000,,0.000000,0.000000,0.000000,0.000000,159542000.000000,13024000.000000,146518000.000000,43224000.000000,-13844000.000000,379000.000000,19700000.000000,0.000000,70161000.000000,-15578000.000000,0.000000,-11359000.000000,0.000000,-17037000.000000,-17037000.000000,-17037000.000000,0.000000,0.000000,-0.391000,48749000.000000,-15150000.000000,2210000.000000,0.000000,,,,1065000.000000,0.000000,,,,6839000.000000,-72490000.000000,43528000.000000,43528000.000000,7573000.000000,,,,-0.348000,533000.000000,38856000.000000,1.000000,35796346.000000,1962845.000000,1962845.000000,22.176000,56023000.000000,12000.000000,388000.000000,494000.000000,28.542000
ARY,2015-12-31,2016-03-03,2015-12-31,2015-FY,133592000.000000,491701289.000000,2025-05-01,-42000.000000,229737000.000000,160872000.000000,151578000.000000,78159000.000000,0.481000,8.965000,-7817000.000000,55066000.000000,55066000.000000,21041000.000000,-58020000.000000,8.428000,0.287000,26477000.000000,1250000.000000,25227000.000000,26477000.000000,0.000000,4863000.000000,0.000000,0.000000,0.000000,-55785000.000000,-50922000.000000,-0.658000,-50922000.000000,-55785000.000000,-57984000.000000,-2.910000,-2.910000,-2.910000,178564000.000000,55514500.000000,178564000.000000,463112289.000000,-8.000000,-9.095000,-54998000.000000,-2.761000,1.000000,56343000.000000,0.728000,71607000.000000,2199000.000000,111555000.000000,67073500.000000,0.000000,82282000.000000,82282000.000000,0.000000,51173000.000000,17986000.000000,33187000.000000,8630000.000000,-17767000.000000,163546000.000000,468000.000000,0.000000,164014000.000000,-108203000.000000,-82619000.000000,-47181000.000000,0.000000,-58020000.000000,-58020000.000000,-58020000.000000,0.000000,0.000000,-0.750000,112128000.000000,-55785000.000000,2213000.000000,0.000000,2.754000,-8.475000,-4.381000,6259000.000000,0.000000,12.750000,6.354000,3.282000,12134000.000000,-130510000.000000,77384000.000000,77384000.000000,14210000.000000,-0.361000,-1.045000,-0.832000,-0.721000,3075000.000000,93055000.000000,1.000000,38564807.000000,19917348.000000,19917348.000000,3.885000,158130000.000000,0.000000,36000.000000,1185000.000000,7.939000
ARY,2016-12-31,2017-03-01,2016-12-31,2016-FY,61644000.000000,1217692333.000000,2025-05-01,-1000.000000,303670000.000000,258577750.000000,82717000.000000,220953000.000000,0.476000,5.454000,-3412000.000000,50015000.000000,50015000.000000,31971000.000000,-74216000.000000,3.925000,0.315000,44424000.000000,2000000.000000,42424000.000000,44424000.000000,0.000000,8270000.000000,0.000000,0.000000,0.000000,-71118000.000000,-62848000.000000,-0.510000,-62848000.000000,-71118000.000000,-73706000.000000,-1.750000,-1.750000,-1.750000,230870000.000000,197558250.000000,230870000.000000,1212101333.000000,-17.000000,-19.286000,-55207000.000000,-1.304000,1.000000,91186000.000000,0.740000,213059000.000000,2588000.000000,63947000.000000,84953750.000000,0.000000,15793000.000000,15793000.000000,0.000000,72800000.000000,21073000.000000,51727000.000000,-5051000.000000,-37013000.000000,2774000.000000,17824000.000000,0.000000,20598000.000000,26146000.000000,66571000.000000,-51795000.000000,0.000000,-74216000.000000,-74216000.000000,-74216000.000000,0.000000,0.000000,-0.603000,153850000.000000,-62664000.000000,2236000.000000,0.000000,5.274000,-16.407000,-12.829000,7479000.000000,0.000000,22.450000,9.887000,7.716000,13806000.000000,-204726000.000000,123157000.000000,123157000.000000,21815000.000000,-0.287000,-0.376000,-0.837000,-0.577000,7723000.000000,116806000.000000,1.000000,54240193.000000,42330908.000000,42330908.000000,2.909000,90611000.000000,0.000000,510000.000000,1694000.000000,2.141000
ARY,2017-12-31,2018-02-27,2017-12-31,2017-FY,115909000.000000,2302396137.000000,2025-05-01,4089000.000000,824391000.000000,698353500.000000,156239000.000000,668152000.000000,0.334000,10.084000,-2633000.000000,42817000.000000,42817000.000000,61623000.000000,-106782000.000000,3.874000,0.475000,207370000.000000,0.000000,207370000.000000,207370000.000000,0.000000,19095000.000000,0.000000,0.000000,0.000000,-89516000.000000,-70421000.000000,-0.302000,-70421000.000000,-89516000.000000,-107007000.000000,-1.930000,-1.930000,-1.930000,558903000.000000,437122750.000000,558903000.000000,2466949137.000000,-28.000000,-35.031000,-37074000.000000,-0.669000,1.000000,171656000.000000,0.736000,658331000.000000,17491000.000000,290283000.000000,280535750.000000,0.000000,79489000.000000,79489000.000000,0.000000,265488000.000000,40330000.000000,225158000.000000,-7389000.000000,-379356000.000000,271544000.000000,203961000.000000,0.000000,475431000.000000,-448379000.000000,-63508000.000000,-34441000.000000,191000.000000,-106782000.000000,-106782000.000000,-106782000.000000,0.000000,0.000000,-0.458000,247050000.000000,-75394000.000000,3884000.000000,0.000000,4.119000,-21.562000,-19.326000,8963000.000000,0.000000,37.300000,9.870000,8.863000,27094000.000000,-311577000.000000,233279000.000000,233279000.000000,34459000.000000,-0.153000,-0.244000,-0.319000,-0.384000,30597000.000000,180300000.000000,1.000000,61726438.000000,55427460.000000,55427460.000000,4.209000,166060000.000000,0.000000,-225000.000000,12906000.000000,2.996000
ARY,2018-12-31,2019-02-27,2018-12-31,2018-FY,470297000.000000,4882200014.000000,2025-05-01,-13070000.000000,1528876000.000000,1270372750.000000,532736000.000000,996140000.000000,0.329000,15.386000,-4011000.000000,423989000.000000,423989000.000000,128735000.000000,-97084000.000000,8.532000,0.509000,414683000.000000,0.000000,414683000.000000,414683000.000000,0.000000,35602000.000000,0.000000,0.000000,0.000000,-70854000.000000,-35252000.000000,-0.084000,-35252000.000000,-70854000.000000,-96966000.000000,-1.470000,-1.470000,-1.470000,1013119000.000000,822784750.000000,1013119000.000000,4872894014.000000,-69.000000,-138.230000,-8871000.000000,-0.135000,1.000000,289172000.000000,0.692000,984591000.000000,26112000.000000,472540000.000000,400702750.000000,0.000000,54545000.000000,54545000.000000,0.000000,515757000.000000,62439000.000000,453318000.000000,383256000.000000,-276912000.000000,364729000.000000,279162000.000000,0.000000,645612000.000000,-257496000.000000,27823000.000000,-4860000.000000,-2084000.000000,-97084000.000000,-97084000.000000,-97084000.000000,0.000000,0.000000,-0.232000,365526000.000000,-76354000.000000,7769000.000000,0.000000,4.819000,-50.288000,-46.932000,10148000.000000,0.000000,68.990000,11.683000,10.870000,43571000.000000,-408661000.000000,417907000.000000,417907000.000000,54373000.000000,-0.076000,-0.118000,-0.177000,-0.170000,43769000.000000,265160000.000000,1.000000,70766778.000000,65844908.000000,65844908.000000,6.347000,544285000.000000,0.000000,118000.000000,32444000.000000,8.266000
ARY,2019-12-31,2020-02-26,2019-12-31,2019-FY,497821000.000000,8531751340.000000,2025-05-01,-17239000.000000,1602827000.000000,1572056250.000000,588002000.000000,1014825000.000000,0.352000,14.114000,-3510000.000000,514353000.000000,514353000.000000,184465000.000000,-98864000.000000,6.520000,0.581000,465404000.000000,0.000000,465404000.000000,465404000.000000,0.000000,44952000.000000,0.000000,0.000000,0.000000,-80442000.000000,-35490000.000000,-0.064000,-35490000.000000,-80442000.000000,-109455000.000000,-1.380000,-1.380000,-1.380000,1014025000.000000,1002990250.000000,1014025000.000000,8482802340.000000,-105.000000,-239.020000,26359000.000000,0.367000,1.000000,368842000.000000,0.667000,971532000.000000,29013000.000000,492165000.000000,507736250.000000,0.000000,2711000.000000,2711000.000000,0.000000,588802000.000000,90181000.000000,498621000.000000,89976000.000000,-11187000.000000,36663000.000000,0.000000,0.000000,35094000.000000,25013000.000000,47100000.000000,29869000.000000,388000.000000,-98864000.000000,-98864000.000000,-98864000.000000,0.000000,0.000000,-0.179000,449284000.000000,-80442000.000000,9075000.000000,0.000000,8.414000,-86.298000,-84.681000,36748000.000000,0.000000,116.860000,15.420000,15.174000,56948000.000000,-507525000.000000,553307000.000000,553307000.000000,64644000.000000,-0.063000,-0.099000,-0.158000,-0.145000,66702000.000000,339068000.000000,1.000000,73008312.000000,71844535.000000,71844535.000000,7.701000,631295000.000000,0.000000,-10591000.000000,21678000.000000,8.787000
ARY,2020-12-31,2021-03-01,2020-12-31,2020-FY,726958000.000000,34111652777.000000,2025-05-01,18518000.000000,17755281000.000000,6306642750.000000,1059607000.000000,16695674000.000000,0.173000,175.494000,-26042000.000000,733324000.000000,733324000.000000,390829000.000000,-485136000.000000,3.185000,0.118000,1488673000.000000,56013000.000000,1432660000.000000,1488673000.000000,54805000.000000,78087000.000000,0.000000,0.000000,0.000000,-515498000.000000,-437411000.000000,-0.400000,-437411000.000000,-515498000.000000,-575993000.000000,-5.360000,-5.360000,-5.360000,15883804000.000000,5102486500.000000,15883804000.000000,34867001777.000000,-68.000000,-79.712000,-79553000.000000,-0.879000,1.000000,703133000.000000,0.643000,16602119000.000000,60495000.000000,1575862000.000000,1024709500.000000,56498000.000000,53245000.000000,53245000.000000,0.000000,1871477000.000000,332649000.000000,1538828000.000000,214650000.000000,-567429000.000000,59036000.000000,737777000.000000,0.000000,859136000.000000,-590975000.000000,2496000.000000,-53511000.000000,4321000.000000,-485136000.000000,-485136000.000000,-485136000.000000,0.000000,0.000000,-0.443000,1209554000.000000,-506421000.000000,46030000.000000,0.000000,2.148000,-70.314000,-41.677000,75198000.000000,0.000000,223.390000,31.182000,18.482000,169281000.000000,-992661000.000000,1093962000.000000,1093962000.000000,164941000.000000,-0.077000,-0.095000,-0.503000,-0.471000,475531000.000000,886882000.000000,1.000000,152699999.000000,90509229.000000,90509229.000000,12.087000,1153162000.000000,0.000000,-90857000.000000,102103000.000000,12.741000
ARY,2021-12-31,2022-02-28,2021-12-31,2021-FY,894426000.000000,12170425682.000000,2025-05-01,-6285000.000000,17734608000.000000,17645166000.000000,1225439000.000000,16509169000.000000,0.115000,102.242000,-63934000.000000,893480000.000000,893480000.000000,650258000.000000,-428793000.000000,3.702000,0.105000,1290048000.000000,13313000.000000,1276735000.000000,1290048000.000000,79403000.000000,219621000.000000,0.000000,0.000000,0.000000,-304291000.000000,-84670000.000000,-0.042000,-84670000.000000,-304291000.000000,-384656000.000000,-2.730000,-2.730000,-2.730000,16045757000.000000,15965976750.000000,16045757000.000000,12566993682.000000,-41.000000,-148.423000,130056000.000000,0.829000,1.000000,1382449000.000000,0.680000,16414452000.000000,80365000.000000,1385711000.000000,1437491000.000000,73079000.000000,2537000.000000,2537000.000000,0.000000,1688851000.000000,331013000.000000,1357838000.000000,161956000.000000,-78663000.000000,42591000.000000,-16189000.000000,0.000000,40947000.000000,-72981000.000000,60901000.000000,193990000.000000,-1800000.000000,-428793000.000000,-428793000.000000,-428793000.000000,0.000000,0.000000,-0.211000,1648080000.000000,-265631000.000000,47257000.000000,0.000000,0.758000,-28.383000,-27.806000,74014000.000000,0.000000,75.910000,5.987000,5.861000,168956000.000000,-1421454000.000000,2032707000.000000,2032707000.000000,311884000.000000,-0.024000,-0.027000,-0.212000,-0.150000,302586000.000000,1105314000.000000,1.000000,160327041.000000,156939349.000000,156939349.000000,12.952000,1320156000.000000,0.000000,44137000.000000,75777000.000000,8.412000
ARY,2022-12-31,2023-03-01,2022-12-31,2022-FY,915619000.000000,4208532929.000000,2025-05-01,-42776000.000000,4345355000.000000,7911108000.000000,1315388000.000000,3029967000.000000,0.304000,14.293000,-172764000.000000,918182000.000000,918182000.000000,743987000.000000,-13659531000.000000,3.290000,0.883000,1592787000.000000,11375000.000000,1581412000.000000,1592787000.000000,94329000.000000,270643000.000000,0.000000,0.000000,0.000000,-13654073000.000000,-13383430000.000000,-5.561000,-13383430000.000000,-13654073000.000000,-13663343000.000000,-84.600000,-84.600000,-84.600000,2307745000.000000,5896916500.000000,2307745000.000000,4883137929.000000,0.000000,-0.365000,16528000.000000,0.102000,1.000000,1662853000.000000,0.691000,2909955000.000000,9270000.000000,1710236000.000000,1718331250.000000,56342000.000000,0.000000,0.000000,0.000000,2037610000.000000,399769000.000000,1637841000.000000,28046000.000000,0.000000,12385000.000000,-15020000.000000,0.000000,6497000.000000,-167743000.000000,2507000.000000,189292000.000000,-3344000.000000,-13659531000.000000,-13659531000.000000,-13659531000.000000,0.000000,0.000000,-5.675000,15316067000.000000,-13653214000.000000,47690000.000000,0.000000,1.824000,-0.308000,-0.306000,71472000.000000,0.000000,25.880000,1.749000,1.736000,210554000.000000,-15008287000.000000,2406840000.000000,2406840000.000000,333629000.000000,-1.727000,-2.316000,-7.946000,-5.673000,217852000.000000,1300563000.000000,1.000000,162617192.000000,161457123.000000,161457123.000000,14.907000,1435400000.000000,0.000000,-3812000.000000,50939000.000000,8.890000
ARY,2023-12-31,2024-02-23,2023-12-31,2023-FY,1068432000.000000,2422065007.000000,2025-05-01,-36990000.000000,4392369000.000000,4336473500.000000,1489048000.000000,2903321000.000000,0.600000,14.134000,-156348000.000000,1123675000.000000,1123675000.000000,760031000.000000,-220368000.000000,3.540000,0.888000,1581525000.000000,0.000000,1581525000.000000,1581525000.000000,109282000.000000,351323000.000000,0.000000,0.000000,0.000000,-197326000.000000,153997000.000000,0.059000,153997000.000000,-197326000.000000,-219608000.000000,-1.340000,-1.340000,-1.340000,2326073000.000000,2301623250.000000,2326073000.000000,2879915007.000000,-15.000000,18.701000,193673000.000000,1.177000,1.000000,1842384000.000000,0.708000,2750971000.000000,22282000.000000,1678632000.000000,1694093500.000000,29513000.000000,0.000000,0.000000,0.000000,2066296000.000000,420616000.000000,1645680000.000000,204528000.000000,0.000000,11132000.000000,0.000000,0.000000,10854000.000000,-156347000.000000,0.000000,350021000.000000,965000.000000,-220368000.000000,-220368000.000000,-220368000.000000,0.000000,0.000000,-0.085000,2090937000.000000,-248553000.000000,43637000.000000,0.000000,1.041000,-10.991000,-10.821000,72092000.000000,0.000000,14.500000,0.931000,0.917000,217423000.000000,-15228655000.000000,2602415000.000000,2602415000.000000,348521000.000000,-0.051000,-0.096000,-0.116000,-0.076000,201550000.000000,1367293000.000000,1.000000,167038966.000000,164578219.000000,164578219.000000,15.813000,1641398000.000000,0.000000,760000.000000,49452000.000000,9.973000
ARY,2024-12-31,2025-02-27,2024-12-31,2024-FY,722372000.000000,1649884304.000000,2025-05-01,-38388000.000000,3516524000.000000,3722374750.000000,1663907000.000000,1852617000.000000,0.690000,8.742000,-124052000.000000,1298327000.000000,1298327000.000000,751270000.000000,-1001245000.000000,1.767000,1.358000,1574276000.000000,550723000.000000,1023553000.000000,1574276000.000000,89082000.000000,382843000.000000,0.000000,0.000000,0.000000,-969850000.000000,-587007000.000000,-0.228000,-587007000.000000,-969850000.000000,-993653000.000000,-5.870000,-5.870000,-5.870000,1491079000.000000,1697441250.000000,1491079000.000000,1925833304.000000,-2.000000,-3.281000,169628000.000000,0.995000,1.000000,1818304000.000000,0.708000,1714550000.000000,23803000.000000,1136388000.000000,1298008500.000000,38138000.000000,0.000000,0.000000,0.000000,2025445000.000000,941535000.000000,1083910000.000000,177940000.000000,0.000000,8314000.000000,0.000000,0.000000,8312000.000000,-124052000.000000,0.000000,293680000.000000,-3288000.000000,-1001245000.000000,-1001245000.000000,-1001245000.000000,0.000000,0.000000,-0.390000,2839190000.000000,-1020886000.000000,33130000.000000,0.000000,1.107000,-1.648000,-1.618000,56579000.000000,0.000000,9.500000,0.642000,0.631000,214146000.000000,-16229900000.000000,2569574000.000000,2569574000.000000,307274000.000000,-0.269000,-0.590000,-0.747000,-0.377000,145951000.000000,1346270000.000000,1.000000,173672032.000000,170564088.000000,170564088.000000,15.065000,1801974000.000000,0.000000,7592000.000000,49851000.000000,10.565000
MRQ,2013-12-31,2013-12-31,2013-12-31,2013-Q4,1685000.000000,,2025-05-01,0.000000,27386000.000000,,6826000.000000,20560000.000000,,-45.368000,,3212000.000000,3212000.000000,,,1.328000,-1.494000,3000000.000000,0.000000,3000000.000000,3000000.000000,0.000000,,0.000000,,0.000000,,,,,,,,,,-55452000.000000,,-55452000.000000,,,,,,1.000000,,,20136000.000000,,1897000.000000,,0.000000,0.000000,0.000000,0.000000,82838000.000000,5141000.000000,77697000.000000,,,,,,,,,,,,,,,,,,,67000.000000,,,,,331000.000000,,,,,2610000.000000,-55453000.000000,,,,,,,,,,1.000000,,1222268.000000,,,7250000.000000,8000.000000,,102000.000000,5.932000
MRQ,2014-06-30,2014-06-30,2014-06-30,2014-Q2,,,2025-05-01,,,,,,,,,,,2027000.000000,-3200000.000000,,,,,,,,,,,0.000000,-2858000.000000,,,,-2858000.000000,-3207000.000000,-2.150000,-2.150000,-2.150000,,,,,,,,,1.000000,8262000.000000,0.803000,,349000.000000,,,,,,,,,,,,,,,,,,,,-3200000.000000,-4255000.000000,-4255000.000000,0.000000,0.000000,-0.414000,11120000.000000,-2858000.000000,,0.000000,,,,,1055000.000000,,,,,,10289000.000000,10289000.000000,2064000.000000,,,,,,8502000.000000,1.000000,,1974697.000000,1974697.000000,5.210000,,,-7000.000000,,
MRQ,2014-09-30,2014-09-30,2014-09-30,2014-Q3,,,2025-05-01,,,,,,,,-258000.000000,,,2151000.000000,-4529000.000000,,,,,,,,650000.000000,,,0.000000,-3857000.000000,-3207000.000000,-0.294000,-3207000.000000,-3857000.000000,-4367000.000000,-2.680000,-2.680000,-2.680000,,,,,,,-2246000.000000,-1.090000,1.000000,8754000.000000,0.803000,,510000.000000,,,,,,,,,,50886000.000000,0.000000,50000.000000,3000000.000000,0.000000,53132000.000000,-258000.000000,0.000000,-1988000.000000,0.000000,-4529000.000000,-5531000.000000,-5531000.000000,0.000000,0.000000,-0.507000,12611000.000000,-3857000.000000,,0.000000,,,,,1002000.000000,,,,,,10905000.000000,10905000.000000,1960000.000000,,,,,119000.000000,10001000.000000,1.000000,,2060075.000000,2060075.000000,5.293000,,,162000.000000,,
MRQ,2014-12-31,2014-12-31,2014-12-31,2014-Q4,44175000.000000,,2025-05-01,0.000000,91839000.000000,,54494000.000000,37345000.000000,,-34.407000,-503000.000000,46436000.000000,46436000.000000,3769000.000000,-6993000.000000,5.281000,-2.360000,25873000.000000,833000.000000,25040000.000000,25873000.000000,0.000000,702000.000000,0.000000,,0.000000,-6247000.000000,-5545000.000000,-0.429000,-5545000.000000,-6247000.000000,-6832000.000000,-3.040000,-3.040000,-3.040000,-67535000.000000,,-67535000.000000,,,,-4787000.000000,-2.439000,1.000000,9158000.000000,0.708000,35984000.000000,585000.000000,24973000.000000,,0.000000,0.000000,0.000000,0.000000,159374000.000000,10319000.000000,149055000.000000,-5054000.000000,0.000000,-267000.000000,0.000000,0.000000,-267000.000000,-503000.000000,0.000000,-4284000.000000,0.000000,-6993000.000000,-3905000.000000,-3905000.000000,0.000000,0.000000,-0.302000,15405000.000000,-6247000.000000,2210000.000000,0.000000,,,,1065000.000000,-3088000.000000,,,,6839000.000000,-72490000.000000,12927000.000000,12927000.000000,2357000.000000,,,,,105000.000000,12150000.000000,1.000000,35796346.000000,1962845.000000,1962845.000000,6.586000,55855000.000000,0.000000,161000.000000,482000.000000,28.456000
MRQ,2015-03-31,2015-03-31,2015-03-31,2015-Q1,,,2025-05-01,,,,,,,,-799000.000000,,,5281000.000000,-12703000.000000,,,,,,,,903000.000000,,,0.000000,-12593000.000000,-11690000.000000,-0.709000,-11690000.000000,-12593000.000000,-13161000.000000,-5.870000,-5.870000,-5.870000,,,,,,,-11135000.000000,-5.149000,1.000000,11207000.000000,0.680000,,568000.000000,,,,,,,,,,-14376000.000000,-3269000.000000,28000.000000,0.000000,0.000000,28000.000000,-4068000.000000,0.000000,-10336000.000000,0.000000,-12703000.000000,-12703000.000000,-12703000.000000,0.000000,0.000000,-0.770000,23800000.000000,-12593000.000000,,0.000000,,,,,0.000000,,,,,,16488000.000000,16488000.000000,2906000.000000,,,,,811000.000000,19991000.000000,1.000000,35796346.000000,2162413.000000,2162413.000000,7.625000,,,-458000.000000,,
MRQ,2015-06-30,2015-06-30,2015-06-30,2015-Q2,3968000.000000,,2025-05-01,0.000000,106941000.000000,,30059000.000000,76882000.000000,,-33.284000,-3516000.000000,15423000.000000,15423000.000000,4793000.000000,-17064000.000000,1.152000,-2.356000,32658000.000000,1250000.000000,31408000.000000,32658000.000000,0.000000,923000.000000,0.000000,,0.000000,-16251000.000000,-15328000.000000,-0.838000,-15328000.000000,-16251000.000000,-16893000.000000,-7.200000,-7.200000,-7.200000,-78888000.000000,,-78888000.000000,,,,-10775000.000000,-4.546000,1.000000,13490000.000000,0.738000,72463000.000000,642000.000000,25622000.000000,,0.000000,0.000000,0.000000,0.000000,185829000.000000,26091000.000000,159738000.000000,-16637000.000000,-10276000.000000,233000.000000,6592000.000000,0.000000,4414000.000000,-13792000.000000,0.000000,-7259000.000000,0.000000,-17064000.000000,-17064000.000000,-17064000.000000,0.000000,0.000000,-0.933000,29741000.000000,-16251000.000000,6962000.000000,0.000000,,,,4154000.000000,0.000000,,,,8954000.000000,-102257000.000000,18283000.000000,18283000.000000,3203000.000000,,,,,567000.000000,25615000.000000,1.000000,35796346.000000,2370113.000000,2370113.000000,7.714000,34478000.000000,78000.000000,171000.000000,939000.000000,14.547000
MRQ,2015-09-30,2015-09-30,2015-09-30,2015-Q3,146641000.000000,855693730.000000,2025-05-01,4000.000000,243280000.000000,,163948000.000000,79332000.000000,,5.334000,-2340000.000000,54064000.000000,54064000.000000,4488000.000000,-13246000.000000,9.473000,0.264000,27113000.000000,1250000.000000,25863000.000000,27113000.000000,0.000000,1491000.000000,0.000000,0.000000,0.000000,-12595000.000000,-11104000.000000,-0.556000,-11104000.000000,-12595000.000000,-13084000.000000,-0.370000,-0.370000,-0.370000,192537000.000000,,192537000.000000,872928730.000000,-18.000000,-19.991000,-19122000.000000,-0.530000,1.000000,15485000.000000,0.775000,73196000.000000,489000.000000,125826000.000000,,0.000000,97934000.000000,97934000.000000,0.000000,50743000.000000,17307000.000000,33436000.000000,38641000.000000,-4222000.000000,163183000.000000,-5562000.000000,0.000000,160032000.000000,-104609000.000000,-98047000.000000,-16782000.000000,0.000000,-13246000.000000,-13246000.000000,-13246000.000000,0.000000,0.000000,-0.663000,28080000.000000,-12595000.000000,2056000.000000,0.000000,4.444000,-18.238000,-1.353000,5852000.000000,0.000000,22.290000,12.645000,11.891000,9370000.000000,-115503000.000000,19973000.000000,19973000.000000,3941000.000000,,,,,718000.000000,22633000.000000,1.000000,38389131.000000,36099556.000000,36099556.000000,0.553000,170084000.000000,33000.000000,162000.000000,1056000.000000,4.712000
MRQ,2015-12-31,2015-12-31,2015-12-31,2015-Q4,133592000.000000,690628219.000000,2025-05-01,-42000.000000,229737000.000000,,151578000.000000,78159000.000000,,8.965000,380000.000000,55066000.000000,55066000.000000,6478000.000000,-15007000.000000,8.428000,0.287000,26477000.000000,1250000.000000,25227000.000000,26477000.000000,0.000000,1546000.000000,0.000000,0.000000,0.000000,-14346000.000000,-12800000.000000,-0.565000,-12800000.000000,-14346000.000000,-14846000.000000,0.240000,0.240000,0.240000,178564000.000000,,178564000.000000,663677219.000000,-12.000000,-13.033000,-12424000.000000,-0.624000,1.000000,16161000.000000,0.714000,71607000.000000,500000.000000,111555000.000000,,0.000000,82282000.000000,82282000.000000,0.000000,51173000.000000,17986000.000000,33187000.000000,1002000.000000,0.000000,102000.000000,-562000.000000,0.000000,-460000.000000,14266000.000000,15428000.000000,-12804000.000000,0.000000,-15007000.000000,-15007000.000000,-15007000.000000,0.000000,0.000000,-0.663000,30507000.000000,-14346000.000000,2213000.000000,0.000000,3.868000,-11.903000,-6.172000,6259000.000000,0.000000,17.960000,8.925000,4.623000,12134000.000000,-130510000.000000,22639000.000000,22639000.000000,4160000.000000,,,,,979000.000000,24801000.000000,1.000000,38453687.000000,19917348.000000,19917348.000000,1.137000,158130000.000000,0.000000,161000.000000,1185000.000000,7.939000
MRQ,2016-03-31,2016-03-31,2016-03-31,2016-Q1,121225000.000000,370222147.000000,2025-05-01,17000.000000,213483000.000000,,136173000.000000,77310000.000000,,4.279000,-275000.000000,50193000.000000,50193000.000000,7943000.000000,-15304000.000000,9.110000,0.293000,26207000.000000,1250000.000000,24957000.000000,26207000.000000,0.000000,1508000.000000,0.000000,0.000000,0.000000,-14715000.000000,-13207000.000000,-0.491000,-13207000.000000,-14715000.000000,-15142000.000000,-0.400000,-0.400000,-0.400000,165103000.000000,,165103000.000000,341633147.000000,-6.000000,-6.515000,-17458000.000000,-0.452000,1.000000,18945000.000000,0.705000,70930000.000000,427000.000000,103619000.000000,,0.000000,69522000.000000,69522000.000000,0.000000,48380000.000000,14948000.000000,33432000.000000,-4873000.000000,0.000000,496000.000000,-313000.000000,0.000000,236000.000000,12074000.000000,12734000.000000,-17183000.000000,0.000000,-15304000.000000,-15304000.000000,-15304000.000000,0.000000,0.000000,-0.569000,33660000.000000,-14715000.000000,1078000.000000,0.000000,2.242000,-6.107000,-1.242000,6087000.000000,0.000000,9.600000,4.217000,4.220000,13819000.000000,-145814000.000000,26888000.000000,26888000.000000,5225000.000000,,,,,1288000.000000,26927000.000000,1.000000,38564807.000000,38584345.000000,38584345.000000,0.697000,142553000.000000,0.000000,162000.000000,1347000.000000,3.695000
MRQ,2016-06-30,2016-06-30,2016-06-30,2016-Q2,111354000.000000,620151694.000000,2025-05-01,25000.000000,203890000.000000,,127349000.000000,76541000.000000,,3.925000,-503000.000000,55781000.000000,55781000.000000,6891000.000000,-14879000.000000,7.962000,0.342000,31387000.000000,4250000.000000,27137000.000000,31387000.000000,0.000000,1558000.000000,0.000000,0.000000,0.000000,-14462000.000000,-12904000.000000,-0.487000,-12904000.000000,-14462000.000000,-14869000.000000,-0.380000,-0.380000,-0.380000,151960000.000000,,151960000.000000,596165694.000000,-11.000000,-11.920000,-12254000.000000,-0.317000,1.000000,19597000.000000,0.740000,70136000.000000,407000.000000,93365000.000000,,0.000000,56698000.000000,56698000.000000,0.000000,51930000.000000,15995000.000000,35935000.000000,5588000.000000,0.000000,94000.000000,5188000.000000,0.000000,5288000.000000,12051000.000000,12827000.000000,-11751000.000000,0.000000,-14879000.000000,-14879000.000000,-14879000.000000,0.000000,0.000000,-0.562000,34059000.000000,-14462000.000000,506000.000000,0.000000,4.081000,-10.612000,-17.604000,6100000.000000,0.000000,16.020000,6.461000,6.462000,13209000.000000,-160693000.000000,26488000.000000,26488000.000000,4829000.000000,,,,,1634000.000000,26909000.000000,1.000000,38711092.000000,38717186.000000,38717186.000000,0.684000,133754000.000000,0.000000,10000.000000,1357000.000000,3.455000
MRQ,2016-09-30,2016-09-30,2016-09-30,2016-Q3,70933000.000000,836865728.000000,2025-05-01,8000.000000,313268000.000000,,91232000.000000,222036000.000000,,5.283000,-340000.000000,44032000.000000,44032000.000000,7112000.000000,-29772000.000000,4.494000,0.293000,44469000.000000,2000000.000000,42469000.000000,44469000.000000,0.000000,2607000.000000,0.000000,0.000000,0.000000,-28711000.000000,-26104000.000000,-0.806000,-26104000.000000,-28711000.000000,-29584000.000000,-0.650000,-0.650000,-0.650000,242300000.000000,,242300000.000000,812471728.000000,-11.000000,-12.497000,-15747000.000000,-0.343000,1.000000,25269000.000000,0.780000,214522000.000000,873000.000000,78884000.000000,,0.000000,30916000.000000,30916000.000000,0.000000,70968000.000000,20299000.000000,50669000.000000,-11749000.000000,-37013000.000000,1869000.000000,12948000.000000,0.000000,15349000.000000,-11691000.000000,25856000.000000,-15407000.000000,0.000000,-29772000.000000,-29772000.000000,-29772000.000000,0.000000,0.000000,-0.919000,45526000.000000,-20257000.000000,785000.000000,0.000000,3.454000,-11.164000,-15.387000,7124000.000000,0.000000,18.310000,7.720000,7.747000,12904000.000000,-190465000.000000,32381000.000000,32381000.000000,5867000.000000,,,,,2276000.000000,30856000.000000,1.000000,45705392.000000,45860269.000000,45860269.000000,0.706000,98746000.000000,0.000000,188000.000000,1545000.000000,2.153000
MRQ,2016-12-31,2016-12-31,2016-12-31,2016-Q4,61644000.000000,759535854.000000,2025-05-01,-1000.000000,303670000.000000,,82717000.000000,220953000.000000,,5.007000,-990000.000000,50015000.000000,50015000.000000,10025000.000000,-14261000.000000,3.925000,0.315000,44424000.000000,2000000.000000,42424000.000000,44424000.000000,0.000000,2597000.000000,0.000000,0.000000,0.000000,-13230000.000000,-10633000.000000,-0.284000,-10633000.000000,-13230000.000000,-14111000.000000,-0.290000,-0.290000,-0.290000,230870000.000000,,230870000.000000,759972854.000000,-11.000000,-12.092000,-8524000.000000,-0.185000,1.000000,27375000.000000,0.732000,213059000.000000,881000.000000,63947000.000000,,0.000000,15793000.000000,15793000.000000,0.000000,72800000.000000,21073000.000000,51727000.000000,5983000.000000,0.000000,315000.000000,1000.000000,0.000000,-195000.000000,13712000.000000,15154000.000000,-7534000.000000,0.000000,-14261000.000000,-14261000.000000,-14261000.000000,0.000000,0.000000,-0.381000,40605000.000000,-13230000.000000,2236000.000000,0.000000,3.290000,-10.234000,-9.429000,7479000.000000,0.000000,16.500000,6.167000,5.671000,13806000.000000,-204726000.000000,37400000.000000,37400000.000000,5894000.000000,,,,,2525000.000000,32114000.000000,1.000000,46032476.000000,46109210.000000,46109210.000000,0.811000,90611000.000000,0.000000,150000.000000,1694000.000000,1.965000
MRQ,2017-03-31,2017-03-31,2017-03-31,2017-Q1,176688000.000000,1356004825.000000,2025-05-01,-4000.000000,413953000.000000,,194826000.000000,219127000.000000,,6.580000,-620000.000000,139948000.000000,139948000.000000,12139000.000000,-15654000.000000,10.741000,0.205000,42434000.000000,0.000000,42434000.000000,42434000.000000,0.000000,2607000.000000,0.000000,0.000000,0.000000,-14802000.000000,-12195000.000000,-0.284000,-12195000.000000,-14802000.000000,-15504000.000000,-0.300000,-0.300000,-0.300000,343433000.000000,,343433000.000000,1350413825.000000,-19.000000,-21.839000,-13127000.000000,-0.252000,1.000000,30759000.000000,0.717000,211262000.000000,702000.000000,87039000.000000,,0.000000,36005000.000000,36005000.000000,0.000000,70520000.000000,18138000.000000,52382000.000000,89933000.000000,0.000000,125123000.000000,-2000000.000000,0.000000,123429000.000000,-20989000.000000,-20217000.000000,-12507000.000000,0.000000,-15654000.000000,-15654000.000000,-15654000.000000,0.000000,0.000000,-0.365000,45561000.000000,-14802000.000000,1949000.000000,0.000000,3.948000,-18.185000,-15.432000,7441000.000000,0.000000,25.000000,9.744000,9.376000,15309000.000000,-220449000.000000,42898000.000000,42898000.000000,6512000.000000,,,,,3097000.000000,36442000.000000,1.000000,54240193.000000,52192859.000000,52192859.000000,0.822000,202691000.000000,0.000000,150000.000000,1844000.000000,3.884000
MRQ,2017-06-30,2017-06-30,2017-06-30,2017-Q2,437304000.000000,1889736079.000000,2025-05-01,-1000.000000,674146000.000000,,456991000.000000,217155000.000000,,7.318000,-679000.000000,409224000.000000,409224000.000000,10026000.000000,-15415000.000000,23.213000,0.688000,243835000.000000,0.000000,243835000.000000,243835000.000000,0.000000,2668000.000000,0.000000,0.000000,0.000000,-14492000.000000,-11824000.000000,-0.265000,-11824000.000000,-14492000.000000,-15266000.000000,-0.280000,-0.280000,-0.280000,399376000.000000,,399376000.000000,1792222079.000000,-25.000000,-29.499000,-3593000.000000,-0.066000,1.000000,34565000.000000,0.775000,209423000.000000,774000.000000,279647000.000000,,0.000000,31070000.000000,31070000.000000,0.000000,274770000.000000,19687000.000000,255083000.000000,269276000.000000,0.000000,4386000.000000,263722000.000000,0.000000,268062000.000000,4128000.000000,4940000.000000,-2914000.000000,0.000000,-15415000.000000,-15415000.000000,-15415000.000000,0.000000,0.000000,-0.346000,49057000.000000,-14492000.000000,1150000.000000,0.000000,4.732000,-25.162000,-22.829000,7424000.000000,0.000000,34.700000,12.016000,12.041000,14229000.000000,-235864000.000000,44591000.000000,44591000.000000,7537000.000000,,,,,4565000.000000,36739000.000000,1.000000,54459253.000000,54572862.000000,54572862.000000,0.817000,464723000.000000,0.000000,149000.000000,1994000.000000,8.516000
MRQ,2017-09-30,2017-09-30,2017-09-30,2017-Q3,166513000.000000,1878088089.000000,2025-05-01,3906000.000000,880924000.000000,,207356000.000000,673568000.000000,,7.909000,-744000.000000,83119000.000000,83119000.000000,16742000.000000,-31330000.000000,5.077000,0.972000,371331000.000000,0.000000,371331000.000000,371331000.000000,0.000000,6418000.000000,0.000000,0.000000,0.000000,-22998000.000000,-16580000.000000,-0.242000,-16580000.000000,-22998000.000000,-31200000.000000,-0.550000,-0.550000,-0.550000,446779000.000000,,446779000.000000,1712699089.000000,-26.000000,-33.430000,-12489000.000000,-0.221000,1.000000,51908000.000000,0.756000,663119000.000000,8202000.000000,465174000.000000,,0.000000,89758000.000000,89758000.000000,0.000000,434145000.000000,40843000.000000,393302000.000000,-326202000.000000,-379355000.000000,2680000.000000,122488000.000000,0.000000,125403000.000000,-439860000.000000,-58573000.000000,-11745000.000000,97000.000000,-31330000.000000,-31330000.000000,-31330000.000000,0.000000,0.000000,-0.456000,73449000.000000,-21541000.000000,1852000.000000,0.000000,4.204000,-24.499000,-23.345000,9627000.000000,0.000000,33.150000,9.704000,9.676000,26995000.000000,-267194000.000000,68650000.000000,68650000.000000,9964000.000000,,,,,5966000.000000,48541000.000000,1.000000,56654241.000000,56493054.000000,56493054.000000,1.215000,217805000.000000,0.000000,130000.000000,14416000.000000,3.855000
MRQ,2017-12-31,2017-12-31,2017-12-31,2017-Q4,115909000.000000,1985100434.000000,2025-05-01,4089000.000000,824391000.000000,,156239000.000000,668152000.000000,,9.570000,-590000.000000,42817000.000000,42817000.000000,22716000.000000,-44383000.000000,3.874000,0.475000,207370000.000000,0.000000,207370000.000000,207370000.000000,0.000000,7402000.000000,0.000000,0.000000,0.000000,-37224000.000000,-29822000.000000,-0.387000,-29822000.000000,-37224000.000000,-45037000.000000,-0.780000,-0.780000,-0.780000,558903000.000000,,558903000.000000,2273312434.000000,-25.000000,-32.282000,-7865000.000000,-0.135000,1.000000,54424000.000000,0.706000,658331000.000000,7813000.000000,290283000.000000,,0.000000,79489000.000000,79489000.000000,0.000000,265488000.000000,40330000.000000,225158000.000000,-40396000.000000,-1000.000000,139355000.000000,-180249000.000000,0.000000,-41463000.000000,8342000.000000,10342000.000000,-7275000.000000,94000.000000,-44383000.000000,-44383000.000000,-44383000.000000,0.000000,0.000000,-0.575000,78983000.000000,-24559000.000000,3884000.000000,0.000000,3.552000,-18.590000,-18.057000,8963000.000000,0.000000,34.850000,8.510000,8.280000,27094000.000000,-311577000.000000,77140000.000000,77140000.000000,10446000.000000,,,,,16969000.000000,58578000.000000,1.000000,56961275.000000,58403811.000000,58403811.000000,1.321000,166060000.000000,0.000000,-654000.000000,12906000.000000,2.843000
MRQ,2018-03-31,2018-03-31,2018-03-31,2018-Q1,119120000.000000,2487575451.000000,2025-05-01,3441000.000000,817524000.000000,,156932000.000000,660592000.000000,,8.914000,-557000.000000,65179000.000000,65179000.000000,26856000.000000,-23862000.000000,4.150000,0.484000,210432000.000000,0.000000,210432000.000000,210432000.000000,0.000000,8253000.000000,0.000000,0.000000,0.000000,-19092000.000000,-10839000.000000,-0.121000,-10839000.000000,-19092000.000000,-23965000.000000,-0.390000,-0.390000,-0.390000,550868000.000000,,550868000.000000,2652128451.000000,-28.000000,-38.400000,-14428000.000000,-0.233000,1.000000,62788000.000000,0.700000,651770000.000000,4873000.000000,273195000.000000,,0.000000,54555000.000000,54555000.000000,0.000000,266656000.000000,37812000.000000,228844000.000000,22299000.000000,0.000000,8643000.000000,0.000000,0.000000,12198000.000000,23972000.000000,25000000.000000,-13871000.000000,63000.000000,-23862000.000000,-23862000.000000,-23862000.000000,0.000000,0.000000,-0.266000,81880000.000000,-19092000.000000,3290000.000000,0.000000,4.516000,-21.633000,-20.150000,7995000.000000,0.000000,40.300000,8.883000,8.894000,30701000.000000,-335439000.000000,89644000.000000,89644000.000000,12904000.000000,,,,,7832000.000000,59154000.000000,1.000000,61726438.000000,61797762.000000,61797762.000000,1.451000,165754000.000000,0.000000,-103000.000000,12258000.000000,2.682000
MRQ,2018-06-30,2018-06-30,2018-06-30,2018-Q2,121840000.000000,3618520163.000000,2025-05-01,-2528000.000000,1199909000.000000,,178859000.000000,1021050000.000000,,11.106000,-1458000.000000,105804000.000000,105804000.000000,27684000.000000,-25079000.000000,3.137000,0.716000,402755000.000000,0.000000,402755000.000000,402755000.000000,0.000000,8046000.000000,0.000000,0.000000,0.000000,-18147000.000000,-10101000.000000,-0.107000,-10101000.000000,-18147000.000000,-25057000.000000,-0.400000,-0.400000,-0.400000,699381000.000000,,699381000.000000,3763773163.000000,-39.000000,-55.890000,-5104000.000000,-0.081000,1.000000,66876000.000000,0.707000,1009957000.000000,6910000.000000,429884000.000000,,0.000000,26559000.000000,26559000.000000,0.000000,500528000.000000,57019000.000000,443509000.000000,41389000.000000,-268035000.000000,8545000.000000,279126000.000000,0.000000,284616000.000000,-239581000.000000,30829000.000000,-3646000.000000,-764000.000000,-25079000.000000,-25079000.000000,-25079000.000000,0.000000,0.000000,-0.265000,89093000.000000,-22217000.000000,5545000.000000,0.000000,5.174000,-29.029000,-27.382000,10034000.000000,0.000000,58.050000,10.965000,11.078000,38100000.000000,-360517000.000000,94560000.000000,94560000.000000,14348000.000000,,,,,11059000.000000,60899000.000000,1.000000,62334542.000000,62975535.000000,62975535.000000,1.502000,189952000.000000,0.000000,22000.000000,35175000.000000,3.016000
MRQ,2018-09-30,2018-09-30,2018-09-30,2018-Q3,465060000.000000,6005002128.000000,2025-05-01,-4357000.000000,1535182000.000000,,523253000.000000,1011929000.000000,,15.059000,-717000.000000,457554000.000000,457554000.000000,34167000.000000,-23264000.000000,8.992000,0.494000,408653000.000000,0.000000,408653000.000000,408653000.000000,0.000000,9746000.000000,0.000000,0.000000,0.000000,-15778000.000000,-6032000.000000,-0.054000,-6032000.000000,-15778000.000000,-23444000.000000,-0.340000,-0.340000,-0.340000,1027771000.000000,,1027771000.000000,6301953128.000000,-70.000000,-110.962000,9464000.000000,0.139000,1.000000,76795000.000000,0.692000,1000896000.000000,7666000.000000,427192000.000000,,0.000000,14974000.000000,14974000.000000,0.000000,507411000.000000,58193000.000000,449218000.000000,351991000.000000,-8952000.000000,341289000.000000,21000.000000,0.000000,341349000.000000,461000.000000,11500000.000000,10181000.000000,-241000.000000,-23264000.000000,-23264000.000000,-23264000.000000,0.000000,0.000000,-0.210000,94003000.000000,-17208000.000000,4821000.000000,0.000000,5.843000,-51.506000,-45.209000,9717000.000000,0.000000,86.350000,16.129000,15.829000,39965000.000000,-383782000.000000,110962000.000000,110962000.000000,13577000.000000,,,,,12195000.000000,69092000.000000,1.000000,69542584.000000,68247655.000000,68247655.000000,1.626000,534286000.000000,0.000000,-180000.000000,34964000.000000,7.829000
MRQ,2018-12-31,2018-12-31,2018-12-31,2018-Q4,470297000.000000,3475182080.000000,2025-05-01,-13070000.000000,1528876000.000000,,532736000.000000,996140000.000000,,14.414000,-5675000.000000,423989000.000000,423989000.000000,40028000.000000,-24879000.000000,8.532000,0.509000,414683000.000000,0.000000,414683000.000000,414683000.000000,0.000000,9557000.000000,0.000000,0.000000,0.000000,-17837000.000000,-8280000.000000,-0.067000,-8280000.000000,-17837000.000000,-24500000.000000,-0.350000,-0.350000,-0.350000,1013119000.000000,,1013119000.000000,3426281080.000000,-48.000000,-97.194000,-3199000.000000,-0.046000,1.000000,82713000.000000,0.674000,984591000.000000,6663000.000000,472540000.000000,,0.000000,54545000.000000,54545000.000000,0.000000,515757000.000000,62439000.000000,453318000.000000,-32423000.000000,75000.000000,6252000.000000,15000.000000,0.000000,7449000.000000,-42348000.000000,-39506000.000000,2476000.000000,-1142000.000000,-24879000.000000,-24879000.000000,-24879000.000000,0.000000,0.000000,-0.203000,100550000.000000,-17837000.000000,7769000.000000,0.000000,3.430000,-35.796000,-33.721000,10148000.000000,0.000000,49.570000,8.316000,7.810000,43571000.000000,-408661000.000000,122741000.000000,122741000.000000,13544000.000000,,,,,12683000.000000,76015000.000000,1.000000,70106558.000000,70287803.000000,70287803.000000,1.746000,544285000.000000,0.000000,379000.000000,32444000.000000,7.744000
MRQ,2019-03-31,2019-03-31,2019-03-31,2019-Q1,469087000.000000,3934632857.000000,2025-05-01,-16858000.000000,1551625000.000000,,540789000.000000,1010836000.000000,,14.122000,-571000.000000,433958000.000000,433958000.000000,44677000.000000,-30150000.000000,7.542000,0.549000,443829000.000000,0.000000,443829000.000000,443829000.000000,0.000000,11563000.000000,0.000000,0.000000,0.000000,-22887000.000000,-11324000.000000,-0.088000,-11324000.000000,-22887000.000000,-29408000.000000,-0.430000,-0.430000,-0.430000,1001558000.000000,,1001558000.000000,3925326857.000000,-53.000000,-109.839000,-8463000.000000,-0.119000,1.000000,83896000.000000,0.653000,972773000.000000,6521000.000000,517021000.000000,,0.000000,45745000.000000,45745000.000000,0.000000,550067000.000000,71702000.000000,478365000.000000,10146000.000000,6000.000000,8854000.000000,0.000000,0.000000,10702000.000000,7336000.000000,9000000.000000,-7892000.000000,-177000.000000,-30150000.000000,-30150000.000000,-30150000.000000,0.000000,0.000000,-0.234000,106783000.000000,-22887000.000000,7738000.000000,0.000000,3.929000,-38.063000,-36.579000,36691000.000000,0.000000,55.600000,8.613000,8.631000,50583000.000000,-438811000.000000,128573000.000000,128573000.000000,15987000.000000,,,,,13523000.000000,80184000.000000,1.000000,70766778.000000,70919496.000000,70919496.000000,1.813000,578852000.000000,0.000000,742000.000000,29748000.000000,8.162000
MRQ,2019-06-30,2019-06-30,2019-06-30,2019-Q2,462188000.000000,4754618836.000000,2025-05-01,-12542000.000000,1565344000.000000,,532609000.000000,1032735000.000000,,13.980000,-677000.000000,440443000.000000,440443000.000000,41634000.000000,-29324000.000000,7.563000,0.561000,453583000.000000,0.000000,453583000.000000,453583000.000000,0.000000,10880000.000000,0.000000,0.000000,0.000000,-22023000.000000,-11143000.000000,-0.086000,-11143000.000000,-22023000.000000,-29234000.000000,-0.410000,-0.410000,-0.410000,1002640000.000000,,1002640000.000000,4764489836.000000,-61.000000,-129.544000,5472000.000000,0.076000,1.000000,88642000.000000,0.680000,987417000.000000,7211000.000000,520646000.000000,,0.000000,32161000.000000,32161000.000000,0.000000,562704000.000000,70421000.000000,492283000.000000,6283000.000000,-11206000.000000,8722000.000000,0.000000,0.000000,5198000.000000,-5064000.000000,8695000.000000,6149000.000000,202000.000000,-29324000.000000,-29324000.000000,-29324000.000000,0.000000,0.000000,-0.225000,110665000.000000,-22023000.000000,6079000.000000,0.000000,4.742000,-44.181000,-43.405000,38942000.000000,0.000000,66.410000,9.653000,9.670000,49778000.000000,-468135000.000000,130276000.000000,130276000.000000,16665000.000000,,,,,17368000.000000,83016000.000000,1.000000,71594923.000000,71721246.000000,71721246.000000,1.816000,577927000.000000,0.000000,90000.000000,31710000.000000,8.058000
MRQ,2019-09-30,2019-09-30,2019-09-30,2019-Q3,472758000.000000,4878585301.000000,2025-05-01,-28058000.000000,1568429000.000000,,557960000.000000,1010469000.000000,,13.773000,-6257000.000000,475242000.000000,475242000.000000,42799000.000000,-20346000.000000,6.549000,0.578000,459613000.000000,0.000000,459613000.000000,459613000.000000,0.000000,11417000.000000,0.000000,0.000000,0.000000,-19944000.000000,-8527000.000000,-0.062000,-8527000.000000,-19944000.000000,-27644000.000000,-0.280000,-0.280000,-0.280000,993738000.000000,,993738000.000000,4891725301.000000,-59.000000,-124.554000,7233000.000000,0.100000,1.000000,95170000.000000,0.690000,966485000.000000,7700000.000000,501113000.000000,,0.000000,15633000.000000,15633000.000000,0.000000,574691000.000000,85202000.000000,489489000.000000,35837000.000000,6000.000000,9119000.000000,0.000000,0.000000,9153000.000000,13194000.000000,16470000.000000,13490000.000000,-1038000.000000,-20346000.000000,-20346000.000000,-20346000.000000,0.000000,0.000000,-0.147000,115114000.000000,-19944000.000000,6068000.000000,0.000000,4.909000,-46.596000,-46.068000,37617000.000000,0.000000,67.720000,9.390000,9.404000,53669000.000000,-488481000.000000,137969000.000000,137969000.000000,15746000.000000,,,,,17354000.000000,87756000.000000,1.000000,72040539.000000,72151094.000000,72151094.000000,1.912000,601944000.000000,0.000000,-7298000.000000,22720000.000000,8.343000
MRQ,2019-12-31,2019-12-31,2019-12-31,2019-Q4,497821000.000000,6059849756.000000,2025-05-01,-17239000.000000,1602827000.000000,,588002000.000000,1014825000.000000,,13.973000,-3395000.000000,514353000.000000,514353000.000000,55355000.000000,-19044000.000000,6.520000,0.581000,465404000.000000,0.000000,465404000.000000,465404000.000000,14765000.000000,11092000.000000,0.000000,0.000000,0.000000,-15246000.000000,-4154000.000000,-0.027000,-4154000.000000,-15246000.000000,-23169000.000000,-0.270000,-0.270000,-0.270000,1014025000.000000,,1014025000.000000,6044220756.000000,-75.000000,-171.965000,14727000.000000,0.203000,1.000000,101134000.000000,0.646000,971532000.000000,7923000.000000,492165000.000000,,0.000000,2711000.000000,2711000.000000,0.000000,588802000.000000,90181000.000000,498621000.000000,37710000.000000,7000.000000,9968000.000000,0.000000,0.000000,10041000.000000,9547000.000000,12935000.000000,18122000.000000,1401000.000000,-19044000.000000,-19044000.000000,-19044000.000000,0.000000,0.000000,-0.122000,116722000.000000,-15588000.000000,9075000.000000,0.000000,5.976000,-61.295000,-60.667000,36748000.000000,0.000000,83.720000,10.952000,10.871000,56948000.000000,-507525000.000000,156489000.000000,156489000.000000,16246000.000000,,,,,18457000.000000,88112000.000000,1.000000,72382343.000000,72572770.000000,72572770.000000,2.156000,631295000.000000,0.000000,-4125000.000000,21678000.000000,8.699000
MRQ,2020-03-31,2020-03-31,2020-03-31,2020-Q1,499264000.000000,11317018443.000000,2025-05-01,-34793000.000000,1603077000.000000,,596428000.000000,1006649000.000000,,13.649000,-2928000.000000,507956000.000000,507956000.000000,72382000.000000,-29603000.000000,6.138000,0.603000,476651000.000000,0.000000,476651000.000000,476651000.000000,0.000000,11228000.000000,0.000000,0.000000,0.000000,-21696000.000000,-10468000.000000,-0.058000,-10468000.000000,-21696000.000000,-30314000.000000,-0.400000,-0.400000,-0.400000,1000177000.000000,,1000177000.000000,11268069443.000000,-143.000000,-328.592000,-9248000.000000,-0.126000,1.000000,108417000.000000,0.600000,949052000.000000,8618000.000000,525556000.000000,,0.000000,2819000.000000,2819000.000000,0.000000,602900000.000000,97164000.000000,505736000.000000,-3195000.000000,-9000000.000000,14889000.000000,0.000000,0.000000,15053000.000000,-11928000.000000,0.000000,-6320000.000000,-3202000.000000,-29603000.000000,-29603000.000000,-29603000.000000,0.000000,0.000000,-0.164000,129428000.000000,-21011000.000000,8142000.000000,0.000000,11.315000,-115.107000,-113.978000,42267000.000000,0.000000,155.010000,18.689000,18.759000,70721000.000000,-537128000.000000,180799000.000000,180799000.000000,19257000.000000,,,,,18315000.000000,96797000.000000,1.000000,73008312.000000,73278857.000000,73278857.000000,2.467000,654025000.000000,0.000000,-711000.000000,18848000.000000,8.925000
MRQ,2020-06-30,2020-06-30,2020-06-30,2020-Q2,1279562000.000000,14208661283.000000,2025-05-01,-21913000.000000,2418828000.000000,,1403110000.000000,1015718000.000000,,16.924000,-5162000.000000,1308843000.000000,1308843000.000000,90780000.000000,-25682000.000000,11.357000,0.868000,976118000.000000,0.000000,976118000.000000,976118000.000000,0.000000,11427000.000000,0.000000,0.000000,0.000000,-14819000.000000,-3392000.000000,-0.014000,-3392000.000000,-14819000.000000,-28081000.000000,-0.340000,-0.340000,-0.340000,1294929000.000000,,1294929000.000000,14177356283.000000,-198.000000,-534.168000,30388000.000000,0.397000,1.000000,150250000.000000,0.623000,955788000.000000,13262000.000000,1006767000.000000,,0.000000,2932000.000000,2932000.000000,0.000000,1123899000.000000,123548000.000000,1000351000.000000,799113000.000000,-4500000.000000,21097000.000000,747800000.000000,0.000000,773225000.000000,-9662000.000000,0.000000,35550000.000000,1774000.000000,-25682000.000000,-25682000.000000,-25682000.000000,0.000000,0.000000,-0.107000,157429000.000000,-7179000.000000,10816000.000000,0.000000,10.973000,-150.078000,-147.938000,40046000.000000,0.000000,190.840000,19.837000,20.385000,76902000.000000,-562810000.000000,241030000.000000,241030000.000000,23029000.000000,,,,,21928000.000000,122880000.000000,1.000000,74453266.000000,76512870.000000,76512870.000000,3.150000,1463040000.000000,0.000000,-2399000.000000,18976000.000000,19.121000
MRQ,2020-09-30,2020-09-30,2020-09-30,2020-Q3,1109218000.000000,17808527132.000000,2025-05-01,-5628000.000000,3449385000.000000,,1310043000.000000,2139342000.000000,,26.685000,-9297000.000000,1187299000.000000,1187299000.000000,104725000.000000,-35884000.000000,6.523000,0.546000,1007320000.000000,13609000.000000,993711000.000000,1007320000.000000,51605000.000000,15374000.000000,0.000000,0.000000,0.000000,-21204000.000000,-5830000.000000,-0.020000,-5830000.000000,-21204000.000000,-38174000.000000,-0.430000,-0.430000,-0.430000,2231036000.000000,,2231036000.000000,17475802132.000000,-240.000000,-732.922000,22898000.000000,0.274000,1.000000,184087000.000000,0.637000,2077928000.000000,16970000.000000,990653000.000000,,11578000.000000,3070000.000000,3070000.000000,0.000000,1218349000.000000,200825000.000000,1017524000.000000,-122843000.000000,-146163000.000000,7114000.000000,-4450000.000000,0.000000,422000.000000,-155460000.000000,0.000000,32195000.000000,1299000.000000,-35884000.000000,-35884000.000000,-35884000.000000,0.000000,0.000000,-0.124000,203812000.000000,-19725000.000000,21408000.000000,0.000000,7.982000,-161.583000,-152.250000,54297000.000000,0.000000,219.240000,20.537000,21.139000,85803000.000000,-598694000.000000,288812000.000000,288812000.000000,29958000.000000,,,,,20908000.000000,135527000.000000,1.000000,81228458.000000,83607902.000000,83607902.000000,3.454000,1371457000.000000,0.000000,-2290000.000000,17896000.000000,16.403000
MRQ,2020-12-31,2020-12-31,2020-12-31,2020-Q4,726958000.000000,28986351170.000000,2025-05-01,18518000.000000,17755281000.000000,,1059607000.000000,16695674000.000000,,175.494000,-8655000.000000,733324000.000000,733324000.000000,122942000.000000,-393967000.000000,3.185000,0.118000,1488673000.000000,56013000.000000,1432660000.000000,1488673000.000000,54805000.000000,40058000.000000,0.000000,0.000000,0.000000,-458323000.000000,-418265000.000000,-1.091000,-418265000.000000,-458323000.000000,-479424000.000000,-4.190000,-4.190000,-4.190000,15883804000.000000,,15883804000.000000,28806372170.000000,-56.000000,-65.775000,-123591000.000000,-1.366000,1.000000,260379000.000000,0.679000,16602119000.000000,21101000.000000,1575862000.000000,,56498000.000000,53245000.000000,53245000.000000,0.000000,1871477000.000000,332649000.000000,1538828000.000000,-458425000.000000,-407766000.000000,15936000.000000,-14208000.000000,0.000000,70436000.000000,-413925000.000000,2496000.000000,-114936000.000000,4450000.000000,-393967000.000000,-393967000.000000,-393967000.000000,0.000000,0.000000,-1.028000,718885000.000000,-458506000.000000,46030000.000000,0.000000,1.825000,-59.749000,-37.306000,75198000.000000,0.000000,199.960000,26.497000,16.544000,169281000.000000,-992661000.000000,383321000.000000,383321000.000000,92697000.000000,,,,,414380000.000000,531678000.000000,1.000000,144960748.000000,90509229.000000,90509229.000000,4.235000,1153162000.000000,0.000000,-85457000.000000,102103000.000000,12.741000
MRQ,2021-03-31,2021-03-31,2021-03-31,2021-Q1,771966000.000000,27753224818.000000,2025-05-01,5026000.000000,17582358000.000000,,1032330000.000000,16550028000.000000,,104.027000,-13259000.000000,720104000.000000,720104000.000000,145959000.000000,-199649000.000000,3.965000,0.111000,1417214000.000000,13693000.000000,1403521000.000000,1417214000.000000,73174000.000000,52431000.000000,0.000000,0.000000,0.000000,-90485000.000000,-38054000.000000,-0.084000,-38054000.000000,-90485000.000000,-112610000.000000,-1.310000,-1.310000,-1.310000,15829498000.000000,,15829498000.000000,28508573818.000000,-49.000000,-61.238000,-31285000.000000,-0.206000,1.000000,307716000.000000,0.678000,16449189000.000000,22125000.000000,1569915000.000000,,58290000.000000,2530000.000000,2530000.000000,0.000000,1752860000.000000,260364000.000000,1492496000.000000,-11881000.000000,-55921000.000000,20556000.000000,-4228000.000000,0.000000,22175000.000000,-16030000.000000,50000000.000000,-18026000.000000,-1339000.000000,-199649000.000000,-199649000.000000,-199649000.000000,0.000000,0.000000,-0.440000,392394000.000000,-84678000.000000,34377000.000000,0.000000,1.753000,-42.360000,-28.987000,72837000.000000,0.000000,181.750000,20.305000,20.234000,178341000.000000,-1192310000.000000,453675000.000000,453675000.000000,78008000.000000,,,,,86300000.000000,259404000.000000,1.000000,152699999.000000,152167606.000000,152167606.000000,2.981000,1133169000.000000,0.000000,87039000.000000,84876000.000000,7.447000
MRQ,2021-06-30,2021-06-30,2021-06-30,2021-Q2,828610000.000000,25696091457.000000,2025-05-01,12291000.000000,17611119000.000000,,1104837000.000000,16506282000.000000,,102.535000,-12654000.000000,783724000.000000,783724000.000000,160273000.000000,-133819000.000000,4.000000,0.101000,1260712000.000000,13619000.000000,1247093000.000000,1260712000.000000,72794000.000000,55090000.000000,0.000000,0.000000,0.000000,-110150000.000000,-55060000.000000,-0.109000,-55060000.000000,-110150000.000000,-130623000.000000,-0.860000,-0.860000,-0.860000,16001070000.000000,,16001070000.000000,26393201457.000000,-39.000000,-51.030000,39563000.000000,0.254000,1.000000,342866000.000000,0.681000,16417884000.000000,20473000.000000,1393996000.000000,,56990000.000000,2538000.000000,2538000.000000,0.000000,1610049000.000000,276227000.000000,1333822000.000000,61412000.000000,-415000.000000,8256000.000000,-4031000.000000,0.000000,11363000.000000,-2168000.000000,10901000.000000,52217000.000000,2208000.000000,-133819000.000000,-133819000.000000,-133819000.000000,0.000000,0.000000,-0.266000,421814000.000000,-78948000.000000,42077000.000000,0.000000,1.606000,-33.664000,-24.490000,70064000.000000,0.000000,166.290000,15.775000,15.931000,179436000.000000,-1326129000.000000,503139000.000000,503139000.000000,80759000.000000,,,,,82970000.000000,278293000.000000,1.000000,154525777.000000,156055090.000000,156055090.000000,3.224000,1193235000.000000,0.000000,3196000.000000,81882000.000000,7.646000
MRQ,2021-09-30,2021-09-30,2021-09-30,2021-Q3,855211000.000000,20194267793.000000,2025-05-01,-1132000.000000,17652579000.000000,,1157316000.000000,16495263000.000000,,100.276000,-15100000.000000,823828000.000000,823828000.000000,169041000.000000,-84340000.000000,3.831000,0.104000,1276107000.000000,12442000.000000,1263665000.000000,1276107000.000000,76940000.000000,55071000.000000,0.000000,0.000000,0.000000,-61802000.000000,-6731000.000000,-0.013000,-6731000.000000,-61802000.000000,-80697000.000000,-0.530000,-0.530000,-0.530000,15987582000.000000,,15987582000.000000,20671255793.000000,-29.000000,-39.897000,61491000.000000,0.386000,1.000000,352617000.000000,0.676000,16402411000.000000,18895000.000000,1400342000.000000,,56937000.000000,2538000.000000,2538000.000000,0.000000,1664997000.000000,302105000.000000,1362892000.000000,42667000.000000,-19608000.000000,8140000.000000,-3933000.000000,0.000000,784000.000000,-34708000.000000,0.000000,76591000.000000,-2563000.000000,-84340000.000000,-84340000.000000,-84340000.000000,0.000000,0.000000,-0.162000,413193000.000000,-60576000.000000,34655000.000000,0.000000,1.263000,-24.877000,-18.405000,74962000.000000,0.000000,126.810000,10.847000,10.859000,178072000.000000,-1410469000.000000,521658000.000000,521658000.000000,80250000.000000,,,,,71701000.000000,276696000.000000,1.000000,159248228.000000,159435165.000000,159435165.000000,3.272000,1250168000.000000,0.000000,3643000.000000,93824000.000000,7.841000
MRQ,2021-12-31,2021-12-31,2021-12-31,2021-Q4,894426000.000000,14699157213.000000,2025-05-01,-6285000.000000,17734608000.000000,,1225439000.000000,16509169000.000000,,100.300000,-22921000.000000,893480000.000000,893480000.000000,174985000.000000,-10985000.000000,3.702000,0.105000,1290048000.000000,13313000.000000,1276735000.000000,1290048000.000000,79403000.000000,57029000.000000,0.000000,0.000000,0.000000,-41078000.000000,15951000.000000,0.029000,15951000.000000,-41078000.000000,-60726000.000000,-0.050000,-0.050000,-0.050000,16045757000.000000,,16045757000.000000,15151436213.000000,-50.000000,-180.602000,60287000.000000,0.377000,1.000000,379250000.000000,0.684000,16414452000.000000,19648000.000000,1385711000.000000,,73079000.000000,2537000.000000,2537000.000000,0.000000,1688851000.000000,331013000.000000,1357838000.000000,69758000.000000,-2719000.000000,5639000.000000,12192000.000000,0.000000,6625000.000000,-20075000.000000,0.000000,83208000.000000,-106000.000000,-10985000.000000,-10985000.000000,-10985000.000000,0.000000,0.000000,-0.020000,420679000.000000,-41429000.000000,47257000.000000,0.000000,0.916000,-34.280000,-33.634000,74014000.000000,0.000000,91.820000,7.231000,7.089000,168956000.000000,-1421454000.000000,554235000.000000,554235000.000000,72867000.000000,,,,,61615000.000000,290921000.000000,1.000000,160086661.000000,159977356.000000,159977356.000000,3.464000,1320156000.000000,0.000000,-49741000.000000,75777000.000000,8.252000
MRQ,2022-03-31,2022-03-31,2022-03-31,2022-Q1,901358000.000000,11564389467.000000,2025-05-01,-11424000.000000,11092337000.000000,,1208045000.000000,9884292000.000000,,56.952000,-30831000.000000,836444000.000000,836444000.000000,187025000.000000,-6674523000.000000,3.939000,0.213000,1593859000.000000,12664000.000000,1581195000.000000,1593859000.000000,86731000.000000,62876000.000000,0.000000,0.000000,0.000000,-6668655000.000000,-6605779000.000000,-11.684000,-6605779000.000000,-6668655000.000000,-6674135000.000000,-41.580000,-41.580000,-41.580000,9142610000.000000,,9142610000.000000,11960957467.000000,-2.000000,-1.798000,-62578000.000000,-0.390000,1.000000,378325000.000000,0.669000,9783692000.000000,5480000.000000,1759373000.000000,,70654000.000000,2544000.000000,2544000.000000,0.000000,1949727000.000000,306687000.000000,1643040000.000000,-56498000.000000,0.000000,7265000.000000,-3921000.000000,0.000000,2816000.000000,-27567000.000000,0.000000,-31747000.000000,-538000.000000,-6674523000.000000,-6674523000.000000,-6674523000.000000,0.000000,0.000000,-11.806000,7047704000.000000,-6669379000.000000,47412000.000000,0.000000,1.265000,-1.675000,-1.677000,73971000.000000,0.000000,72.130000,5.393000,5.400000,191528000.000000,-8023279000.000000,565350000.000000,565350000.000000,87412000.000000,,,,,60436000.000000,296852000.000000,1.000000,160327041.000000,160532301.000000,160532301.000000,3.522000,1308645000.000000,0.000000,388000.000000,57516000.000000,8.152000
MRQ,2022-06-30,2022-06-30,2022-06-30,2022-Q2,885790000.000000,5352875242.000000,2025-05-01,-29864000.000000,8102775000.000000,,1257269000.000000,6845506000.000000,,37.704000,-44837000.000000,881161000.000000,881161000.000000,182470000.000000,-3101461000.000000,3.384000,0.332000,1597811000.000000,12073000.000000,1585738000.000000,1597811000.000000,89627000.000000,63454000.000000,0.000000,0.000000,0.000000,-3097087000.000000,-3033633000.000000,-5.121000,-3033633000.000000,-3097087000.000000,-3102649000.000000,-19.220000,-19.220000,-19.220000,6084650000.000000,,6084650000.000000,6110290242.000000,-1.000000,-0.634000,47632000.000000,0.295000,1.000000,409909000.000000,0.692000,6730368000.000000,5562000.000000,1717578000.000000,,60260000.000000,2539000.000000,2539000.000000,0.000000,2018125000.000000,371479000.000000,1646646000.000000,46298000.000000,0.000000,-313000.000000,3921000.000000,0.000000,-1334000.000000,-44837000.000000,0.000000,92469000.000000,-1581000.000000,-3101461000.000000,-3101461000.000000,-3101461000.000000,0.000000,0.000000,-5.236000,3506461000.000000,-3096552000.000000,94371000.000000,0.000000,0.880000,-0.542000,-0.541000,77198000.000000,0.000000,33.210000,2.397000,2.399000,205434000.000000,-11124740000.000000,592379000.000000,592379000.000000,78696000.000000,,,,,51000000.000000,335502000.000000,1.000000,161182633.000000,161377695.000000,161377695.000000,3.671000,1372407000.000000,0.000000,-1188000.000000,55926000.000000,8.504000
MRQ,2022-09-30,2022-09-30,2022-09-30,2022-Q3,876187000.000000,4098025357.000000,2025-05-01,-49266000.000000,8103965000.000000,,1287588000.000000,6816377000.000000,,37.425000,-43205000.000000,899631000.000000,899631000.000000,185619000.000000,-73476000.000000,3.130000,0.339000,1593469000.000000,10086000.000000,1583383000.000000,1593469000.000000,93356000.000000,65433000.000000,0.000000,0.000000,0.000000,-68498000.000000,-3065000.000000,-0.005000,-3065000.000000,-68498000.000000,-74647000.000000,-0.450000,-0.450000,-0.450000,6052661000.000000,,6052661000.000000,4814675357.000000,0.000000,-0.500000,19816000.000000,0.123000,1.000000,425783000.000000,0.696000,6700264000.000000,6149000.000000,1686138000.000000,,59344000.000000,0.000000,0.000000,0.000000,2051304000.000000,411401000.000000,1639903000.000000,22207000.000000,0.000000,2080000.000000,0.000000,0.000000,634000.000000,-41448000.000000,2507000.000000,63021000.000000,-3737000.000000,-73476000.000000,-73476000.000000,-73476000.000000,0.000000,0.000000,-0.120000,497513000.000000,-71730000.000000,70783000.000000,0.000000,0.677000,-0.416000,-0.414000,72457000.000000,0.000000,25.350000,1.764000,1.765000,201701000.000000,-11198216000.000000,611402000.000000,611402000.000000,84590000.000000,,,,,55662000.000000,345644000.000000,1.000000,161657805.000000,161727962.000000,161727962.000000,3.780000,1403701000.000000,0.000000,-1171000.000000,51742000.000000,8.679000
MRQ,2022-12-31,2022-12-31,2022-12-31,2022-Q4,915619000.000000,3829575608.000000,2025-05-01,-42776000.000000,4345355000.000000,,1315388000.000000,3029967000.000000,,14.230000,-53891000.000000,918182000.000000,918182000.000000,188873000.000000,-3810071000.000000,3.290000,0.883000,1573330000.000000,0.000000,1573330000.000000,1573330000.000000,113786000.000000,76021000.000000,0.000000,0.000000,0.000000,-3807323000.000000,-3731302000.000000,-5.851000,-3731302000.000000,-3807323000.000000,-3811912000.000000,-23.510000,-23.510000,-23.510000,2307745000.000000,,2307745000.000000,4523413608.000000,0.000000,-0.338000,11658000.000000,0.072000,1.000000,448836000.000000,0.704000,2909955000.000000,4589000.000000,1690779000.000000,,56342000.000000,0.000000,0.000000,0.000000,2037610000.000000,399769000.000000,1637841000.000000,16039000.000000,0.000000,3353000.000000,0.000000,0.000000,4381000.000000,-53891000.000000,0.000000,65549000.000000,2512000.000000,-3810071000.000000,-3810071000.000000,-3810071000.000000,0.000000,0.000000,-5.975000,4264389000.000000,-3815553000.000000,47690000.000000,0.000000,1.659000,-0.280000,-0.280000,71472000.000000,0.000000,23.650000,1.591000,1.587000,210554000.000000,-15008287000.000000,637709000.000000,637709000.000000,82931000.000000,,,,,50754000.000000,322565000.000000,1.000000,161927087.000000,162177393.000000,162177393.000000,3.932000,1435400000.000000,0.000000,-1841000.000000,50939000.000000,8.851000
MRQ,2023-03-31,2023-03-31,2023-03-31,2023-Q1,905363000.000000,4211785273.000000,2025-05-01,-40997000.000000,4309147000.000000,,1286707000.000000,3022440000.000000,,14.063000,-45624000.000000,888579000.000000,888579000.000000,190107000.000000,-69228000.000000,3.374000,0.881000,1591345000.000000,11247000.000000,1580098000.000000,1591345000.000000,100047000.000000,72839000.000000,0.000000,0.000000,0.000000,-63284000.000000,9555000.000000,0.015000,9555000.000000,-63284000.000000,-68547000.000000,-0.420000,-0.420000,-0.420000,2291226000.000000,,2291226000.000000,4886390273.000000,-1.000000,-0.723000,-32468000.000000,-0.199000,1.000000,439137000.000000,0.698000,2889138000.000000,5263000.000000,1741431000.000000,,45801000.000000,0.000000,0.000000,0.000000,2017921000.000000,381344000.000000,1636577000.000000,-29115000.000000,0.000000,3027000.000000,0.000000,0.000000,3353000.000000,-45624000.000000,0.000000,13156000.000000,-488000.000000,-69228000.000000,-69228000.000000,-69228000.000000,0.000000,0.000000,-0.110000,516239000.000000,-77102000.000000,38625000.000000,0.000000,1.838000,-0.597000,-0.594000,69309000.000000,0.000000,25.900000,1.705000,1.708000,215981000.000000,-15077515000.000000,629244000.000000,629244000.000000,86985000.000000,,,,,46038000.000000,345425000.000000,1.000000,162617192.000000,162922691.000000,162922691.000000,3.862000,1420009000.000000,0.000000,681000.000000,50613000.000000,8.716000
MRQ,2023-06-30,2023-06-30,2023-06-30,2023-Q2,937570000.000000,4144139617.000000,2025-05-01,-38780000.000000,4316405000.000000,,1320964000.000000,2995441000.000000,,13.980000,-36570000.000000,958695000.000000,958695000.000000,190540000.000000,-65177000.000000,3.445000,0.881000,1573790000.000000,0.000000,1573790000.000000,1573790000.000000,121625000.000000,78187000.000000,0.000000,0.000000,0.000000,-60294000.000000,17893000.000000,0.027000,17893000.000000,-60294000.000000,-66129000.000000,-0.400000,-0.400000,-0.400000,2295144000.000000,,2295144000.000000,4846905617.000000,-1.000000,-1.308000,64612000.000000,0.394000,1.000000,461866000.000000,0.708000,2857295000.000000,5835000.000000,1690811000.000000,,34054000.000000,0.000000,0.000000,0.000000,2021261000.000000,383394000.000000,1637867000.000000,68820000.000000,0.000000,3085000.000000,0.000000,0.000000,4208000.000000,-36570000.000000,0.000000,101182000.000000,1296000.000000,-65177000.000000,-65177000.000000,-65177000.000000,0.000000,0.000000,-0.100000,533511000.000000,-71645000.000000,16071000.000000,0.000000,1.806000,-1.031000,-1.022000,65216000.000000,0.000000,25.320000,1.638000,1.643000,215181000.000000,-15142692000.000000,652406000.000000,652406000.000000,87309000.000000,,,,,55725000.000000,358127000.000000,1.000000,163670601.000000,164171372.000000,164171372.000000,3.974000,1459110000.000000,0.000000,-952000.000000,48097000.000000,8.888000
MRQ,2023-09-30,2023-09-30,2023-09-30,2023-Q3,984451000.000000,3066459799.000000,2025-05-01,-41520000.000000,4327973000.000000,,1387091000.000000,2940882000.000000,,13.893000,-37647000.000000,1030527000.000000,1030527000.000000,185960000.000000,-57073000.000000,3.445000,0.887000,1572186000.000000,0.000000,1572186000.000000,1572186000.000000,112344000.000000,96849000.000000,0.000000,0.000000,0.000000,-53911000.000000,42938000.000000,0.065000,42938000.000000,-53911000.000000,-59557000.000000,-0.350000,-0.350000,-0.350000,2294050000.000000,,2294050000.000000,3681554799.000000,-1.000000,-1.006000,67954000.000000,0.412000,1.000000,474278000.000000,0.718000,2801492000.000000,5646000.000000,1665500000.000000,,35916000.000000,0.000000,0.000000,0.000000,2033923000.000000,402640000.000000,1631283000.000000,73022000.000000,0.000000,3908000.000000,0.000000,0.000000,5068000.000000,-37647000.000000,0.000000,105601000.000000,-1190000.000000,-57073000.000000,-57073000.000000,-57073000.000000,0.000000,0.000000,-0.086000,539003000.000000,-64725000.000000,25998000.000000,0.000000,1.337000,-0.766000,-0.753000,64938000.000000,0.000000,18.590000,1.189000,1.190000,205866000.000000,-15199765000.000000,660238000.000000,660238000.000000,84289000.000000,,,,,52964000.000000,354177000.000000,1.000000,164952114.000000,165119379.000000,165119379.000000,3.999000,1526481000.000000,0.000000,-2484000.000000,44252000.000000,9.245000
MRQ,2023-12-31,2023-12-31,2023-12-31,2023-Q4,1068432000.000000,3567759923.000000,2025-05-01,-36990000.000000,4392369000.000000,,1489048000.000000,2903321000.000000,,14.006000,-36507000.000000,1123675000.000000,1123675000.000000,193424000.000000,-28890000.000000,3.540000,0.888000,1581525000.000000,0.000000,1581525000.000000,1581525000.000000,109282000.000000,100846000.000000,0.000000,0.000000,0.000000,-19837000.000000,81009000.000000,0.123000,81009000.000000,-19837000.000000,-25375000.000000,-0.170000,-0.170000,-0.170000,2326073000.000000,,2326073000.000000,4109418923.000000,-21.000000,27.144000,93575000.000000,0.563000,1.000000,467103000.000000,0.707000,2750971000.000000,5538000.000000,1678632000.000000,,29513000.000000,0.000000,0.000000,0.000000,2066296000.000000,420616000.000000,1645680000.000000,91801000.000000,0.000000,1112000.000000,0.000000,0.000000,-1775000.000000,-36506000.000000,0.000000,130082000.000000,1347000.000000,-28890000.000000,-28890000.000000,-28890000.000000,0.000000,0.000000,-0.044000,502184000.000000,-35081000.000000,43637000.000000,0.000000,1.534000,-16.190000,-16.082000,72092000.000000,0.000000,21.550000,1.371000,1.363000,217423000.000000,-15228655000.000000,660527000.000000,660527000.000000,89938000.000000,,,,,46823000.000000,309564000.000000,1.000000,165557305.000000,166075294.000000,166075294.000000,3.977000,1641398000.000000,0.000000,3515000.000000,49452000.000000,9.883000
MRQ,2024-03-31,2024-03-31,2024-03-31,2024-Q1,1097421000.000000,2522288387.000000,2025-05-01,-38629000.000000,4320756000.000000,,1486265000.000000,2834491000.000000,,13.646000,-35512000.000000,1097935000.000000,1097935000.000000,194538000.000000,-81889000.000000,3.822000,0.888000,1579517000.000000,0.000000,1579517000.000000,1579517000.000000,116231000.000000,100505000.000000,0.000000,0.000000,0.000000,-73550000.000000,26955000.000000,0.042000,26955000.000000,-73550000.000000,-79199000.000000,-0.490000,-0.490000,-0.490000,2288898000.000000,,2288898000.000000,2980138387.000000,-14.000000,17.655000,-26592000.000000,-0.159000,1.000000,451593000.000000,0.699000,2687428000.000000,5649000.000000,1726066000.000000,,32268000.000000,0.000000,0.000000,0.000000,2031858000.000000,388844000.000000,1643014000.000000,-24841000.000000,0.000000,1647000.000000,0.000000,0.000000,1751000.000000,-35512000.000000,0.000000,8920000.000000,-899000.000000,-81889000.000000,-81889000.000000,-81889000.000000,0.000000,0.000000,-0.127000,538715000.000000,-87122000.000000,37674000.000000,0.000000,1.102000,-10.824000,-10.709000,67056000.000000,0.000000,15.100000,0.963000,0.967000,214293000.000000,-15310544000.000000,646131000.000000,646131000.000000,81388000.000000,,,,,42325000.000000,349390000.000000,1.000000,167038966.000000,167730746.000000,167730746.000000,3.852000,1633328000.000000,0.000000,2690000.000000,47472000.000000,9.738000
MRQ,2024-06-30,2024-06-30,2024-06-30,2024-Q2,615928000.000000,1658572312.000000,2025-05-01,-38966000.000000,3523638000.000000,,1546655000.000000,1976983000.000000,,8.824000,-27748000.000000,1162383000.000000,1162383000.000000,188059000.000000,-837671000.000000,1.662000,1.346000,1578124000.000000,550722000.000000,1027402000.000000,1578124000.000000,107177000.000000,98853000.000000,0.000000,0.000000,0.000000,-828139000.000000,-729286000.000000,-1.135000,-729286000.000000,-828139000.000000,-833787000.000000,-4.920000,-4.920000,-4.920000,1502086000.000000,,1502086000.000000,2140154312.000000,-2.000000,-3.700000,60935000.000000,0.358000,1.000000,454385000.000000,0.707000,1830688000.000000,5648000.000000,1177964000.000000,,34896000.000000,0.000000,0.000000,0.000000,2021552000.000000,930727000.000000,1090825000.000000,64740000.000000,0.000000,3828000.000000,0.000000,0.000000,3805000.000000,-27748000.000000,0.000000,88683000.000000,-292000.000000,-837671000.000000,-837671000.000000,-837671000.000000,0.000000,0.000000,-1.304000,1295533000.000000,-841148000.000000,56111000.000000,0.000000,1.104000,-1.649000,-1.649000,64868000.000000,0.000000,9.780000,0.636000,0.638000,218420000.000000,-16148215000.000000,642444000.000000,642444000.000000,76751000.000000,,,,,42107000.000000,330260000.000000,1.000000,169588171.000000,170229583.000000,170229583.000000,3.774000,1692950000.000000,0.000000,3884000.000000,50673000.000000,9.945000
MRQ,2024-09-30,2024-09-30,2024-09-30,2024-Q3,677255000.000000,1571781451.000000,2025-05-01,-37106000.000000,3528581000.000000,,1608636000.000000,1919945000.000000,,8.791000,-31148000.000000,1243866000.000000,1243866000.000000,179745000.000000,-33276000.000000,1.727000,1.340000,1578170000.000000,550723000.000000,1027447000.000000,1578170000.000000,98794000.000000,91814000.000000,0.000000,0.000000,0.000000,-26836000.000000,64978000.000000,0.101000,64978000.000000,-26836000.000000,-32496000.000000,-0.190000,-0.190000,-0.190000,1507702000.000000,,1507702000.000000,1987522451.000000,-2.000000,-3.572000,79027000.000000,0.461000,1.000000,460763000.000000,0.719000,1779888000.000000,5660000.000000,1151616000.000000,,36993000.000000,0.000000,0.000000,0.000000,2020879000.000000,931381000.000000,1089498000.000000,79725000.000000,0.000000,957000.000000,0.000000,0.000000,698000.000000,-31148000.000000,0.000000,110175000.000000,1758000.000000,-33276000.000000,-33276000.000000,-33276000.000000,0.000000,0.000000,-0.052000,505164000.000000,-44401000.000000,37801000.000000,0.000000,1.043000,-1.601000,-1.591000,62145000.000000,0.000000,9.180000,0.607000,0.608000,212039000.000000,-16181491000.000000,640508000.000000,640508000.000000,72383000.000000,,,,,34047000.000000,339172000.000000,1.000000,171218023.000000,171496282.000000,171496282.000000,3.735000,1748693000.000000,0.000000,780000.000000,50846000.000000,10.197000
MRQ,2024-12-31,2024-12-31,2024-12-31,2024-Q4,722372000.000000,1564995512.000000,2025-05-01,-38388000.000000,3516524000.000000,,1663907000.000000,1852617000.000000,,8.630000,-29644000.000000,1298327000.000000,1298327000.000000,188928000.000000,-48409000.000000,1.767000,1.358000,1574276000.000000,550723000.000000,1023553000.000000,1574276000.000000,89082000.000000,91671000.000000,0.000000,0.000000,0.000000,-41325000.000000,50346000.000000,0.079000,50346000.000000,-41325000.000000,-48171000.000000,-0.260000,-0.260000,-0.260000,1491079000.000000,,1491079000.000000,1899299512.000000,-2.000000,-3.236000,56258000.000000,0.326000,1.000000,451563000.000000,0.705000,1714550000.000000,6846000.000000,1136388000.000000,,38138000.000000,0.000000,0.000000,0.000000,2025445000.000000,941535000.000000,1083910000.000000,58316000.000000,0.000000,1882000.000000,0.000000,0.000000,2058000.000000,-29644000.000000,0.000000,85902000.000000,-3855000.000000,-48409000.000000,-48409000.000000,-48409000.000000,0.000000,0.000000,-0.076000,499778000.000000,-48215000.000000,33130000.000000,0.000000,1.050000,-1.563000,-1.549000,56579000.000000,0.000000,9.090000,0.609000,0.603000,214146000.000000,-16229900000.000000,640491000.000000,640491000.000000,76752000.000000,,,,,27472000.000000,327448000.000000,1.000000,172166723.000000,172781373.000000,172781373.000000,3.707000,1801974000.000000,0.000000,238000.000000,49851000.000000,10.429000
MRQ,2025-03-31,2025-03-31,2025-03-31,2025-Q1,649406000.000000,1382429375.000000,2025-05-01,-37245000.000000,3444445000.000000,,1601829000.000000,1842616000.000000,,8.194000,-31585000.000000,1193332000.000000,1193332000.000000,196829000.000000,-93012000.000000,1.682000,1.414000,1576812000.000000,550724000.000000,1026088000.000000,1576812000.000000,84179000.000000,90173000.000000,0.000000,0.000000,0.000000,-105502000.000000,-15329000.000000,-0.024000,-15329000.000000,-105502000.000000,-111267000.000000,-0.530000,-0.530000,-0.530000,1427030000.000000,,1427030000.000000,1658378375.000000,-2.000000,-2.635000,-15666000.000000,-0.090000,1.000000,432540000.000000,0.687000,1676571000.000000,5765000.000000,1198931000.000000,,38012000.000000,0.000000,0.000000,0.000000,2017415000.000000,952423000.000000,1064992000.000000,-106580000.000000,-64608000.000000,769000.000000,0.000000,0.000000,769000.000000,-123268000.000000,-27075000.000000,15919000.000000,1585000.000000,-93012000.000000,-93012000.000000,-93012000.000000,0.000000,0.000000,-0.148000,553151000.000000,-120611000.000000,52054000.000000,0.000000,0.969000,-1.366000,-1.349000,57229000.000000,0.000000,7.960000,0.542000,0.543000,232971000.000000,-16322912000.000000,629369000.000000,629369000.000000,69958000.000000,,,,,25163000.000000,329652000.000000,1.000000,173672032.000000,174154128.000000,174154128.000000,3.614000,1767874000.000000,0.000000,-18255000.000000,24336000.000000,10.151000
MRT,2013-12-31,2013-12-31,2013-12-31,2013-Q4,1685000.000000,,2025-05-01,0.000000,27386000.000000,,6826000.000000,20560000.000000,,-45.368000,-1294000.000000,3212000.000000,3212000.000000,4186000.000000,-6019000.000000,1.328000,-1.494000,3000000.000000,0.000000,3000000.000000,3000000.000000,0.000000,754000.000000,0.000000,,0.000000,-5869000.000000,-5115000.000000,-0.257000,-5115000.000000,-5869000.000000,-5925000.000000,-8.050000,-8.050000,-8.050000,-55452000.000000,,-55452000.000000,,,,-7347000.000000,-6.011000,1.000000,15720000.000000,0.790000,20136000.000000,56000.000000,1897000.000000,,0.000000,0.000000,0.000000,0.000000,82838000.000000,5141000.000000,77697000.000000,-5482000.000000,-16462000.000000,524000.000000,3000000.000000,0.000000,18327000.000000,-17756000.000000,0.000000,-6053000.000000,0.000000,-6019000.000000,-6019000.000000,-6019000.000000,0.000000,0.000000,-0.302000,21589000.000000,-5869000.000000,67000.000000,0.000000,,,,331000.000000,0.000000,,,,2610000.000000,-55453000.000000,19906000.000000,19906000.000000,3532000.000000,,,,-0.295000,298000.000000,17303000.000000,1.000000,,1222268.000000,1222268.000000,16.286000,7250000.000000,8000.000000,94000.000000,102000.000000,5.932000
MRT,2014-06-30,2014-06-30,2014-06-30,2014-Q2,,,2025-05-01,,,,,,,,,,,,,,,,,,,,,,,0.000000,,,,,,,,,,,,,,,,,,1.000000,,,,,,,,,,,,,,,,,,,,,,,,,,,,,,,,,,,,,,,,,,,,,,,,,,,,,1.000000,,1974697.000000,,,,,,,
MRT,2014-09-30,2014-09-30,2014-09-30,2014-Q3,,,2025-05-01,,,,,,,,,,,,,,,,,,,,,,,0.000000,,,,,,,,,,,,,,,,,,1.000000,,,,,,,,,,,,,,,,,,,,,,,,,,,,,,,,,,,,,,,,,,,,,,,,,,,,,1.000000,,2060075.000000,,,,,,,
MRT,2014-12-31,2014-12-31,2014-12-31,2014-Q4,44175000.000000,,2025-05-01,0.000000,91839000.000000,59612500.000000,54494000.000000,37345000.000000,0.730000,-34.407000,-1734000.000000,46436000.000000,46436000.000000,9929000.000000,-17037000.000000,5.281000,-2.360000,25873000.000000,833000.000000,25040000.000000,25873000.000000,0.000000,2320000.000000,0.000000,,0.000000,-15150000.000000,-12830000.000000,-0.295000,-12830000.000000,-15150000.000000,-16649000.000000,-10.250000,-10.250000,-10.250000,-67535000.000000,-61493500.000000,-67535000.000000,,,,-13093000.000000,-6.670000,1.000000,33599000.000000,0.772000,35984000.000000,1499000.000000,24973000.000000,13435000.000000,0.000000,0.000000,0.000000,0.000000,159374000.000000,10319000.000000,149055000.000000,43224000.000000,-13844000.000000,379000.000000,19700000.000000,0.000000,70161000.000000,-15578000.000000,0.000000,-11359000.000000,0.000000,-17037000.000000,-17037000.000000,-17037000.000000,0.000000,0.000000,-0.391000,48749000.000000,-15150000.000000,2210000.000000,0.000000,,,,1065000.000000,0.000000,,,,6839000.000000,-72490000.000000,43528000.000000,43528000.000000,7573000.000000,-0.286000,0.277000,-1.128000,-0.348000,533000.000000,38660000.000000,1.000000,35796346.000000,1962845.000000,1962845.000000,22.176000,55855000.000000,0.000000,388000.000000,482000.000000,28.456000
MRT,2015-03-31,2015-03-31,2015-03-31,2015-Q1,,,2025-05-01,,,,,,,,,,,13228000.000000,-27425000.000000,,,,,,,,,,,0.000000,-25555000.000000,,,,-25555000.000000,-27567000.000000,-13.740000,-13.740000,-13.740000,,,,,,,,,1.000000,37381000.000000,0.739000,,2012000.000000,,,,,,,,,,,,,,,,,,,,-27425000.000000,-26394000.000000,-26394000.000000,0.000000,0.000000,-0.522000,62936000.000000,-25555000.000000,,0.000000,,,,,-1031000.000000,,,,,,50609000.000000,50609000.000000,9287000.000000,,,,-0.505000,,50644000.000000,1.000000,35796346.000000,2162413.000000,2162413.000000,23.404000,,,-142000.000000,,
MRT,2015-06-30,2015-06-30,2015-06-30,2015-Q2,3968000.000000,,2025-05-01,0.000000,106941000.000000,,30059000.000000,76882000.000000,,-33.284000,-5076000.000000,15423000.000000,15423000.000000,15994000.000000,-41289000.000000,1.152000,-2.356000,32658000.000000,1250000.000000,31408000.000000,32658000.000000,0.000000,3178000.000000,0.000000,,0.000000,-38948000.000000,-35770000.000000,-0.610000,-35770000.000000,-38948000.000000,-41253000.000000,-18.790000,-18.790000,-18.790000,-78888000.000000,,-78888000.000000,,,,-28943000.000000,-12.212000,1.000000,42609000.000000,0.727000,72463000.000000,2305000.000000,25622000.000000,,0.000000,0.000000,0.000000,0.000000,185829000.000000,26091000.000000,159738000.000000,14819000.000000,-13545000.000000,44000.000000,9592000.000000,0.000000,57307000.000000,-18621000.000000,0.000000,-23867000.000000,0.000000,-41289000.000000,-39203000.000000,-39203000.000000,0.000000,0.000000,-0.669000,81557000.000000,-38948000.000000,6962000.000000,0.000000,,,,4154000.000000,-2086000.000000,,,,8954000.000000,-102257000.000000,58603000.000000,58603000.000000,10426000.000000,,,,-0.665000,1602000.000000,67757000.000000,1.000000,35796346.000000,2370113.000000,2370113.000000,24.726000,34478000.000000,78000.000000,36000.000000,939000.000000,14.547000
MRT,2015-09-30,2015-09-30,2015-09-30,2015-Q3,146641000.000000,855693730.000000,2025-05-01,4000.000000,243280000.000000,,163948000.000000,79332000.000000,,5.334000,-7158000.000000,54064000.000000,54064000.000000,18331000.000000,-50006000.000000,9.473000,0.264000,27113000.000000,1250000.000000,25863000.000000,27113000.000000,0.000000,4019000.000000,0.000000,0.000000,0.000000,-47686000.000000,-43667000.000000,-0.645000,-43667000.000000,-47686000.000000,-49970000.000000,-16.480000,-16.480000,-16.480000,192537000.000000,,192537000.000000,872928730.000000,-18.000000,-19.991000,-45819000.000000,-1.269000,1.000000,49340000.000000,0.729000,73196000.000000,2284000.000000,125826000.000000,,0.000000,97934000.000000,97934000.000000,0.000000,50743000.000000,17307000.000000,33436000.000000,2574000.000000,-17767000.000000,163177000.000000,1030000.000000,0.000000,164207000.000000,-122972000.000000,-98047000.000000,-38661000.000000,0.000000,-50006000.000000,-46918000.000000,-46918000.000000,0.000000,0.000000,-0.693000,97026000.000000,-47686000.000000,2056000.000000,0.000000,4.444000,-18.238000,-1.353000,5852000.000000,-3088000.000000,22.290000,12.645000,11.891000,9370000.000000,-115503000.000000,67671000.000000,67671000.000000,12407000.000000,,,,-0.705000,2201000.000000,80389000.000000,1.000000,38389131.000000,36099556.000000,36099556.000000,1.875000,170084000.000000,33000.000000,36000.000000,1056000.000000,4.712000
MRT,2015-12-31,2015-12-31,2015-12-31,2015-Q4,133592000.000000,690628219.000000,2025-05-01,-42000.000000,229737000.000000,160788000.000000,151578000.000000,78159000.000000,0.481000,8.965000,-6275000.000000,55066000.000000,55066000.000000,21041000.000000,-58020000.000000,8.428000,0.287000,26477000.000000,1250000.000000,25227000.000000,26477000.000000,0.000000,4863000.000000,0.000000,0.000000,0.000000,-55785000.000000,-50922000.000000,-0.658000,-50922000.000000,-55785000.000000,-57984000.000000,-2.910000,-2.910000,-2.910000,178564000.000000,55514500.000000,178564000.000000,663677219.000000,-12.000000,-13.033000,-53456000.000000,-2.684000,1.000000,56343000.000000,0.728000,71607000.000000,2199000.000000,111555000.000000,68264000.000000,0.000000,82282000.000000,82282000.000000,0.000000,51173000.000000,17986000.000000,33187000.000000,8630000.000000,-17767000.000000,163546000.000000,468000.000000,0.000000,164014000.000000,-108203000.000000,-82619000.000000,-47181000.000000,0.000000,-58020000.000000,-58020000.000000,-58020000.000000,0.000000,0.000000,-0.750000,112128000.000000,-55785000.000000,2213000.000000,0.000000,3.868000,-11.903000,-6.172000,6259000.000000,0.000000,17.960000,8.925000,4.623000,12134000.000000,-130510000.000000,77384000.000000,77384000.000000,14210000.000000,-0.361000,-1.045000,-0.817000,-0.721000,3075000.000000,92504000.000000,1.000000,38453687.000000,19917348.000000,19917348.000000,3.885000,158130000.000000,0.000000,36000.000000,1185000.000000,7.939000
MRT,2016-03-31,2016-03-31,2016-03-31,2016-Q1,121225000.000000,370222147.000000,2025-05-01,17000.000000,213483000.000000,198360250.000000,136173000.000000,77310000.000000,0.443000,4.279000,-5751000.000000,50193000.000000,50193000.000000,23702000.000000,-60621000.000000,9.110000,0.293000,26207000.000000,1250000.000000,24957000.000000,26207000.000000,0.000000,5468000.000000,0.000000,0.000000,0.000000,-57907000.000000,-52439000.000000,-0.597000,-52439000.000000,-57907000.000000,-59965000.000000,-7.730000,-7.730000,-7.730000,165103000.000000,114329000.000000,165103000.000000,341633147.000000,-6.000000,-6.515000,-59779000.000000,-1.549000,1.000000,64081000.000000,0.730000,70930000.000000,2058000.000000,103619000.000000,91655500.000000,0.000000,69522000.000000,69522000.000000,0.000000,48380000.000000,14948000.000000,33432000.000000,18133000.000000,-14498000.000000,164014000.000000,155000.000000,0.000000,164222000.000000,-92061000.000000,-69885000.000000,-54028000.000000,0.000000,-60621000.000000,-60621000.000000,-60621000.000000,0.000000,0.000000,-0.691000,121988000.000000,-57907000.000000,1078000.000000,0.000000,2.242000,-6.107000,-1.242000,6087000.000000,0.000000,9.600000,4.217000,4.220000,13819000.000000,-145814000.000000,87783000.000000,87783000.000000,16529000.000000,-0.306000,-0.530000,-0.632000,-0.660000,3552000.000000,99976000.000000,1.000000,38564807.000000,38584345.000000,38584345.000000,2.275000,142553000.000000,0.000000,656000.000000,1347000.000000,3.695000
MRT,2016-06-30,2016-06-30,2016-06-30,2016-Q2,111354000.000000,620151694.000000,2025-05-01,25000.000000,203890000.000000,222597500.000000,127349000.000000,76541000.000000,0.431000,3.925000,-2738000.000000,55781000.000000,55781000.000000,25800000.000000,-58436000.000000,7.962000,0.342000,31387000.000000,4250000.000000,27137000.000000,31387000.000000,0.000000,6103000.000000,0.000000,0.000000,0.000000,-56118000.000000,-50015000.000000,-0.521000,-50015000.000000,-56118000.000000,-57941000.000000,-0.910000,-0.910000,-0.910000,151960000.000000,172041000.000000,151960000.000000,596165694.000000,-11.000000,-11.920000,-61258000.000000,-1.582000,1.000000,70188000.000000,0.731000,70136000.000000,1823000.000000,93365000.000000,108591250.000000,0.000000,56698000.000000,56698000.000000,0.000000,51930000.000000,15995000.000000,35935000.000000,40358000.000000,-4222000.000000,163875000.000000,-1249000.000000,0.000000,165096000.000000,-66218000.000000,-57058000.000000,-58520000.000000,0.000000,-58436000.000000,-58436000.000000,-58436000.000000,0.000000,0.000000,-0.609000,126306000.000000,-56118000.000000,506000.000000,0.000000,4.081000,-10.612000,-17.604000,6100000.000000,0.000000,16.020000,6.461000,6.462000,13209000.000000,-160693000.000000,95988000.000000,95988000.000000,18155000.000000,-0.263000,-0.340000,-0.517000,-0.585000,4619000.000000,101270000.000000,1.000000,38711092.000000,38717186.000000,38717186.000000,2.479000,133754000.000000,0.000000,495000.000000,1357000.000000,3.455000
MRT,2016-09-30,2016-09-30,2016-09-30,2016-Q3,70933000.000000,836865728.000000,2025-05-01,8000.000000,313268000.000000,240094500.000000,91232000.000000,222036000.000000,0.451000,5.283000,-738000.000000,44032000.000000,44032000.000000,28424000.000000,-74962000.000000,4.494000,0.293000,44469000.000000,2000000.000000,42469000.000000,44469000.000000,0.000000,7219000.000000,0.000000,0.000000,0.000000,-72234000.000000,-65015000.000000,-0.600000,-65015000.000000,-72234000.000000,-74441000.000000,-1.190000,-1.190000,-1.190000,242300000.000000,184481750.000000,242300000.000000,812471728.000000,-11.000000,-12.497000,-57883000.000000,-1.262000,1.000000,79972000.000000,0.738000,214522000.000000,2207000.000000,78884000.000000,96855750.000000,0.000000,30916000.000000,30916000.000000,0.000000,70968000.000000,20299000.000000,50669000.000000,-10032000.000000,-37013000.000000,2561000.000000,17261000.000000,0.000000,20413000.000000,26700000.000000,66845000.000000,-57145000.000000,0.000000,-74962000.000000,-74962000.000000,-74962000.000000,0.000000,0.000000,-0.692000,143752000.000000,-63780000.000000,785000.000000,0.000000,3.454000,-11.164000,-15.387000,7124000.000000,0.000000,18.310000,7.720000,7.747000,12904000.000000,-190465000.000000,108396000.000000,108396000.000000,20081000.000000,-0.312000,-0.406000,-0.746000,-0.666000,6177000.000000,109493000.000000,1.000000,45705392.000000,45860269.000000,45860269.000000,2.364000,98746000.000000,0.000000,521000.000000,1545000.000000,2.153000
MRT,2016-12-31,2016-12-31,2016-12-31,2016-Q4,61644000.000000,759535854.000000,2025-05-01,-1000.000000,303670000.000000,258577750.000000,82717000.000000,220953000.000000,0.476000,5.454000,-2108000.000000,50015000.000000,50015000.000000,31971000.000000,-74216000.000000,3.925000,0.315000,44424000.000000,2000000.000000,42424000.000000,44424000.000000,0.000000,8270000.000000,0.000000,0.000000,0.000000,-71118000.000000,-62848000.000000,-0.510000,-62848000.000000,-71118000.000000,-73706000.000000,-1.750000,-1.750000,-1.750000,230870000.000000,197558250.000000,230870000.000000,759972854.000000,-11.000000,-12.092000,-53983000.000000,-1.275000,1.000000,91186000.000000,0.740000,213059000.000000,2588000.000000,63947000.000000,84953750.000000,0.000000,15793000.000000,15793000.000000,0.000000,72800000.000000,21073000.000000,51727000.000000,-5051000.000000,-37013000.000000,2774000.000000,17824000.000000,0.000000,20678000.000000,26146000.000000,66571000.000000,-51875000.000000,0.000000,-74216000.000000,-74216000.000000,-74216000.000000,0.000000,0.000000,-0.603000,153850000.000000,-62664000.000000,2236000.000000,0.000000,3.290000,-10.234000,-9.429000,7479000.000000,0.000000,16.500000,6.167000,5.671000,13806000.000000,-204726000.000000,123157000.000000,123157000.000000,21815000.000000,-0.287000,-0.376000,-0.837000,-0.577000,7723000.000000,116806000.000000,1.000000,46032476.000000,42330908.000000,42330908.000000,2.909000,90611000.000000,0.000000,510000.000000,1694000.000000,2.141000
MRT,2017-03-31,2017-03-31,2017-03-31,2017-Q1,176688000.000000,1356004825.000000,2025-05-01,-4000.000000,413953000.000000,308695250.000000,194826000.000000,219127000.000000,0.451000,6.580000,-2453000.000000,139948000.000000,139948000.000000,36167000.000000,-74566000.000000,10.741000,0.205000,42434000.000000,0.000000,42434000.000000,42434000.000000,0.000000,9369000.000000,0.000000,0.000000,0.000000,-71205000.000000,-61836000.000000,-0.444000,-61836000.000000,-71205000.000000,-74068000.000000,-1.620000,-1.620000,-1.620000,343433000.000000,242140750.000000,343433000.000000,1350413825.000000,-19.000000,-21.839000,-49652000.000000,-0.951000,1.000000,103000000.000000,0.740000,211262000.000000,2863000.000000,87039000.000000,80808750.000000,0.000000,36005000.000000,36005000.000000,0.000000,70520000.000000,18138000.000000,52382000.000000,89755000.000000,-37013000.000000,127401000.000000,16137000.000000,0.000000,143871000.000000,-6917000.000000,33620000.000000,-47199000.000000,0.000000,-74566000.000000,-74566000.000000,-74566000.000000,0.000000,0.000000,-0.536000,165751000.000000,-62751000.000000,1949000.000000,0.000000,3.948000,-18.185000,-15.432000,7441000.000000,0.000000,25.000000,9.744000,9.376000,15309000.000000,-220449000.000000,139167000.000000,139167000.000000,23102000.000000,-0.242000,-0.308000,-0.881000,-0.512000,9532000.000000,126321000.000000,1.000000,54240193.000000,52192859.000000,52192859.000000,2.666000,202691000.000000,0.000000,498000.000000,1844000.000000,3.884000
MRT,2017-06-30,2017-06-30,2017-06-30,2017-Q2,437304000.000000,1889736079.000000,2025-05-01,-1000.000000,674146000.000000,426259250.000000,456991000.000000,217155000.000000,0.369000,7.318000,-2629000.000000,409224000.000000,409224000.000000,39302000.000000,-75102000.000000,23.213000,0.688000,243835000.000000,0.000000,243835000.000000,243835000.000000,0.000000,10479000.000000,0.000000,0.000000,0.000000,-71235000.000000,-60756000.000000,-0.386000,-60756000.000000,-71235000.000000,-74465000.000000,-1.520000,-1.520000,-1.520000,399376000.000000,303994750.000000,399376000.000000,1792222079.000000,-25.000000,-29.499000,-40991000.000000,-0.751000,1.000000,117968000.000000,0.750000,209423000.000000,3230000.000000,279647000.000000,127379250.000000,0.000000,31070000.000000,31070000.000000,0.000000,274770000.000000,19687000.000000,255083000.000000,353443000.000000,-37013000.000000,131693000.000000,274671000.000000,0.000000,406645000.000000,-14840000.000000,25733000.000000,-38362000.000000,0.000000,-75102000.000000,-75102000.000000,-75102000.000000,0.000000,0.000000,-0.478000,180749000.000000,-62781000.000000,1150000.000000,0.000000,4.732000,-25.162000,-22.829000,7424000.000000,0.000000,34.700000,12.016000,12.041000,14229000.000000,-235864000.000000,157270000.000000,157270000.000000,25810000.000000,-0.176000,-0.247000,-0.559000,-0.453000,12463000.000000,136151000.000000,1.000000,54459253.000000,54572862.000000,54572862.000000,2.882000,464723000.000000,0.000000,637000.000000,1994000.000000,8.516000
MRT,2017-09-30,2017-09-30,2017-09-30,2017-Q3,166513000.000000,1878088089.000000,2025-05-01,3906000.000000,880924000.000000,568173250.000000,207356000.000000,673568000.000000,0.341000,7.909000,-3033000.000000,83119000.000000,83119000.000000,48932000.000000,-76660000.000000,5.077000,0.972000,371331000.000000,0.000000,371331000.000000,371331000.000000,0.000000,14290000.000000,0.000000,0.000000,0.000000,-65522000.000000,-51232000.000000,-0.265000,-51232000.000000,-65522000.000000,-76081000.000000,-1.420000,-1.420000,-1.420000,446779000.000000,355114500.000000,446779000.000000,1712699089.000000,-26.000000,-33.430000,-37733000.000000,-0.668000,1.000000,144607000.000000,0.747000,663119000.000000,10559000.000000,465174000.000000,223951750.000000,0.000000,89758000.000000,89758000.000000,0.000000,434145000.000000,40843000.000000,393302000.000000,38990000.000000,-379355000.000000,132504000.000000,384211000.000000,0.000000,516699000.000000,-443009000.000000,-58696000.000000,-34700000.000000,97000.000000,-76660000.000000,-76660000.000000,-76660000.000000,0.000000,0.000000,-0.396000,208672000.000000,-64065000.000000,1852000.000000,0.000000,4.204000,-24.499000,-23.345000,9627000.000000,0.000000,33.150000,9.704000,9.676000,26995000.000000,-267194000.000000,193539000.000000,193539000.000000,29907000.000000,-0.135000,-0.216000,-0.293000,-0.339000,16153000.000000,153836000.000000,1.000000,56654241.000000,56493054.000000,56493054.000000,3.426000,217805000.000000,0.000000,579000.000000,14416000.000000,3.855000
MRT,2017-12-31,2017-12-31,2017-12-31,2017-Q4,115909000.000000,1985100434.000000,2025-05-01,4089000.000000,824391000.000000,698353500.000000,156239000.000000,668152000.000000,0.334000,10.084000,-2633000.000000,42817000.000000,42817000.000000,61623000.000000,-106782000.000000,3.874000,0.475000,207370000.000000,0.000000,207370000.000000,207370000.000000,0.000000,19095000.000000,0.000000,0.000000,0.000000,-89516000.000000,-70421000.000000,-0.302000,-70421000.000000,-89516000.000000,-107007000.000000,-1.930000,-1.930000,-1.930000,558903000.000000,437122750.000000,558903000.000000,2273312434.000000,-25.000000,-32.282000,-37074000.000000,-0.669000,1.000000,171656000.000000,0.736000,658331000.000000,17491000.000000,290283000.000000,280535750.000000,0.000000,79489000.000000,79489000.000000,0.000000,265488000.000000,40330000.000000,225158000.000000,-7389000.000000,-379356000.000000,271544000.000000,203961000.000000,0.000000,475431000.000000,-448379000.000000,-63508000.000000,-34441000.000000,191000.000000,-106782000.000000,-106782000.000000,-106782000.000000,0.000000,0.000000,-0.458000,247050000.000000,-75394000.000000,3884000.000000,0.000000,3.552000,-18.590000,-18.057000,8963000.000000,0.000000,34.850000,8.510000,8.280000,27094000.000000,-311577000.000000,233279000.000000,233279000.000000,34459000.000000,-0.153000,-0.244000,-0.319000,-0.384000,30597000.000000,180300000.000000,1.000000,56961275.000000,55427460.000000,55427460.000000,4.209000,166060000.000000,0.000000,-225000.000000,12906000.000000,2.996000
MRT,2018-03-31,2018-03-31,2018-03-31,2018-Q1,119120000.000000,2487575451.000000,2025-05-01,3441000.000000,817524000.000000,799246250.000000,156932000.000000,660592000.000000,0.350000,8.914000,-2570000.000000,65179000.000000,65179000.000000,76340000.000000,-114990000.000000,4.150000,0.484000,210432000.000000,0.000000,210432000.000000,210432000.000000,0.000000,24741000.000000,0.000000,0.000000,0.000000,-93806000.000000,-69065000.000000,-0.247000,-69065000.000000,-93806000.000000,-115468000.000000,-2.000000,-2.000000,-2.000000,550868000.000000,488981500.000000,550868000.000000,2652128451.000000,-28.000000,-38.400000,-38375000.000000,-0.621000,1.000000,203685000.000000,0.727000,651770000.000000,21662000.000000,273195000.000000,327074750.000000,0.000000,54555000.000000,54555000.000000,0.000000,266656000.000000,37812000.000000,228844000.000000,-75023000.000000,-379356000.000000,155064000.000000,205961000.000000,0.000000,364200000.000000,-403418000.000000,-18291000.000000,-35805000.000000,254000.000000,-114990000.000000,-114990000.000000,-114990000.000000,0.000000,0.000000,-0.411000,283369000.000000,-79684000.000000,3290000.000000,0.000000,4.516000,-21.633000,-20.150000,7995000.000000,0.000000,40.300000,8.883000,8.894000,30701000.000000,-335439000.000000,280025000.000000,280025000.000000,40851000.000000,-0.144000,-0.235000,-0.287000,-0.335000,35332000.000000,203012000.000000,1.000000,61726438.000000,61797762.000000,61797762.000000,4.531000,165754000.000000,0.000000,-478000.000000,12258000.000000,2.682000
MRT,2018-06-30,2018-06-30,2018-06-30,2018-Q2,121840000.000000,3618520163.000000,2025-05-01,-2528000.000000,1199909000.000000,930687000.000000,178859000.000000,1021050000.000000,0.355000,11.106000,-3349000.000000,105804000.000000,105804000.000000,93998000.000000,-124654000.000000,3.137000,0.716000,402755000.000000,0.000000,402755000.000000,402755000.000000,0.000000,30119000.000000,0.000000,0.000000,0.000000,-97461000.000000,-67342000.000000,-0.204000,-67342000.000000,-97461000.000000,-125259000.000000,-2.120000,-2.120000,-2.120000,699381000.000000,563982750.000000,699381000.000000,3763773163.000000,-39.000000,-55.890000,-39886000.000000,-0.633000,1.000000,235996000.000000,0.715000,1009957000.000000,27798000.000000,429884000.000000,364634000.000000,0.000000,26559000.000000,26559000.000000,0.000000,500528000.000000,57019000.000000,443509000.000000,-302910000.000000,-647391000.000000,159223000.000000,221365000.000000,0.000000,380754000.000000,-647127000.000000,7598000.000000,-36537000.000000,-510000.000000,-124654000.000000,-124654000.000000,-124654000.000000,0.000000,0.000000,-0.378000,323405000.000000,-87409000.000000,5545000.000000,0.000000,5.174000,-29.029000,-27.382000,10034000.000000,0.000000,58.050000,10.965000,11.078000,38100000.000000,-360517000.000000,329994000.000000,329994000.000000,47662000.000000,-0.134000,-0.221000,-0.267000,-0.295000,41826000.000000,227172000.000000,1.000000,62334542.000000,62975535.000000,62975535.000000,5.240000,189952000.000000,0.000000,-605000.000000,35175000.000000,3.016000
MRT,2018-09-30,2018-09-30,2018-09-30,2018-Q3,465060000.000000,6005002128.000000,2025-05-01,-4357000.000000,1535182000.000000,1094251500.000000,523253000.000000,1011929000.000000,0.340000,15.059000,-3322000.000000,457554000.000000,457554000.000000,111423000.000000,-116588000.000000,8.992000,0.494000,408653000.000000,0.000000,408653000.000000,408653000.000000,0.000000,33447000.000000,0.000000,0.000000,0.000000,-90241000.000000,-56794000.000000,-0.153000,-56794000.000000,-90241000.000000,-117503000.000000,-1.910000,-1.910000,-1.910000,1027771000.000000,709230750.000000,1027771000.000000,6301953128.000000,-70.000000,-110.962000,-17933000.000000,-0.263000,1.000000,260883000.000000,0.701000,1000896000.000000,27262000.000000,427192000.000000,355138500.000000,0.000000,14974000.000000,14974000.000000,0.000000,507411000.000000,58193000.000000,449218000.000000,375283000.000000,-276988000.000000,497832000.000000,98898000.000000,0.000000,596700000.000000,-206806000.000000,77671000.000000,-14611000.000000,-848000.000000,-116588000.000000,-116588000.000000,-116588000.000000,0.000000,0.000000,-0.313000,343959000.000000,-83076000.000000,4821000.000000,0.000000,5.843000,-51.506000,-45.209000,9717000.000000,0.000000,86.350000,16.129000,15.829000,39965000.000000,-383782000.000000,372306000.000000,372306000.000000,51275000.000000,-0.107000,-0.164000,-0.254000,-0.242000,48055000.000000,247723000.000000,1.000000,69542584.000000,68247655.000000,68247655.000000,5.455000,534286000.000000,0.000000,-915000.000000,34964000.000000,7.829000
MRT,2018-12-31,2018-12-31,2018-12-31,2018-Q4,470297000.000000,3475182080.000000,2025-05-01,-13070000.000000,1528876000.000000,1270372750.000000,532736000.000000,996140000.000000,0.329000,15.386000,-8407000.000000,423989000.000000,423989000.000000,128735000.000000,-97084000.000000,8.532000,0.509000,414683000.000000,0.000000,414683000.000000,414683000.000000,0.000000,35602000.000000,0.000000,0.000000,0.000000,-70854000.000000,-35252000.000000,-0.084000,-35252000.000000,-70854000.000000,-96966000.000000,-1.470000,-1.470000,-1.470000,1013119000.000000,822784750.000000,1013119000.000000,3426281080.000000,-48.000000,-97.194000,-13267000.000000,-0.201000,1.000000,289172000.000000,0.692000,984591000.000000,26112000.000000,472540000.000000,400702750.000000,0.000000,54545000.000000,54545000.000000,0.000000,515757000.000000,62439000.000000,453318000.000000,383256000.000000,-276912000.000000,364729000.000000,279162000.000000,0.000000,645612000.000000,-257496000.000000,27823000.000000,-4860000.000000,-2084000.000000,-97084000.000000,-97084000.000000,-97084000.000000,0.000000,0.000000,-0.232000,365526000.000000,-76354000.000000,7769000.000000,0.000000,3.430000,-35.796000,-33.721000,10148000.000000,0.000000,49.570000,8.316000,7.810000,43571000.000000,-408661000.000000,417907000.000000,417907000.000000,54373000.000000,-0.076000,-0.118000,-0.177000,-0.170000,43769000.000000,265160000.000000,1.000000,70106558.000000,65844908.000000,65844908.000000,6.347000,544285000.000000,0.000000,118000.000000,32444000.000000,8.266000
MRT,2019-03-31,2019-03-31,2019-03-31,2019-Q1,469087000.000000,3934632857.000000,2025-05-01,-16858000.000000,1551625000.000000,1453898000.000000,540789000.000000,1010836000.000000,0.314000,14.122000,-8421000.000000,433958000.000000,433958000.000000,146556000.000000,-103372000.000000,7.542000,0.549000,443829000.000000,0.000000,443829000.000000,443829000.000000,0.000000,38912000.000000,0.000000,0.000000,0.000000,-74649000.000000,-35737000.000000,-0.078000,-35737000.000000,-74649000.000000,-102409000.000000,-1.520000,-1.520000,-1.520000,1001558000.000000,935457250.000000,1001558000.000000,3925326857.000000,-53.000000,-109.839000,-7302000.000000,-0.103000,1.000000,310280000.000000,0.679000,972773000.000000,27760000.000000,517021000.000000,461659250.000000,0.000000,45745000.000000,45745000.000000,0.000000,550067000.000000,71702000.000000,478365000.000000,371103000.000000,-276906000.000000,364940000.000000,279162000.000000,0.000000,644116000.000000,-274132000.000000,11823000.000000,1119000.000000,-2324000.000000,-103372000.000000,-103372000.000000,-103372000.000000,0.000000,0.000000,-0.226000,390429000.000000,-80149000.000000,7738000.000000,0.000000,3.929000,-38.063000,-36.579000,36691000.000000,0.000000,55.600000,8.613000,8.631000,50583000.000000,-438811000.000000,456836000.000000,456836000.000000,57456000.000000,-0.071000,-0.111000,-0.162000,-0.163000,49460000.000000,286190000.000000,1.000000,70766778.000000,70919496.000000,70919496.000000,6.442000,578852000.000000,0.000000,963000.000000,29748000.000000,8.162000
MRT,2019-06-30,2019-06-30,2019-06-30,2019-Q2,462188000.000000,4754618836.000000,2025-05-01,-12542000.000000,1565344000.000000,1545256750.000000,532609000.000000,1032735000.000000,0.319000,13.980000,-7640000.000000,440443000.000000,440443000.000000,160506000.000000,-107617000.000000,7.563000,0.561000,453583000.000000,0.000000,453583000.000000,453583000.000000,0.000000,41746000.000000,0.000000,0.000000,0.000000,-78525000.000000,-36779000.000000,-0.075000,-36779000.000000,-78525000.000000,-106586000.000000,-1.530000,-1.530000,-1.530000,1002640000.000000,1011272000.000000,1002640000.000000,4764489836.000000,-61.000000,-129.544000,3274000.000000,0.046000,1.000000,332046000.000000,0.674000,987417000.000000,28061000.000000,520646000.000000,484349750.000000,0.000000,32161000.000000,32161000.000000,0.000000,562704000.000000,70421000.000000,492283000.000000,335997000.000000,-20077000.000000,365117000.000000,36000.000000,0.000000,364698000.000000,-39615000.000000,-10311000.000000,10914000.000000,-1358000.000000,-107617000.000000,-107617000.000000,-107617000.000000,0.000000,0.000000,-0.218000,412001000.000000,-79955000.000000,6079000.000000,0.000000,4.742000,-44.181000,-43.405000,38942000.000000,0.000000,66.410000,9.653000,9.670000,49778000.000000,-468135000.000000,492552000.000000,492552000.000000,59773000.000000,-0.070000,-0.106000,-0.162000,-0.159000,55769000.000000,308307000.000000,1.000000,71594923.000000,71721246.000000,71721246.000000,6.868000,577927000.000000,0.000000,1031000.000000,31710000.000000,8.058000
MRT,2019-09-30,2019-09-30,2019-09-30,2019-Q3,472758000.000000,4878585301.000000,2025-05-01,-28058000.000000,1568429000.000000,1553568500.000000,557960000.000000,1010469000.000000,0.334000,13.773000,-13180000.000000,475242000.000000,475242000.000000,169138000.000000,-104699000.000000,6.549000,0.578000,459613000.000000,0.000000,459613000.000000,459613000.000000,0.000000,43417000.000000,0.000000,0.000000,0.000000,-82691000.000000,-39274000.000000,-0.076000,-39274000.000000,-82691000.000000,-110786000.000000,-1.470000,-1.470000,-1.470000,993738000.000000,1002763750.000000,993738000.000000,4891725301.000000,-59.000000,-124.554000,1043000.000000,0.014000,1.000000,350421000.000000,0.674000,966485000.000000,28095000.000000,501113000.000000,502830000.000000,0.000000,15633000.000000,15633000.000000,0.000000,574691000.000000,85202000.000000,489489000.000000,19843000.000000,-11119000.000000,32947000.000000,15000.000000,0.000000,32502000.000000,-26882000.000000,-5341000.000000,14223000.000000,-2155000.000000,-104699000.000000,-104699000.000000,-104699000.000000,0.000000,0.000000,-0.202000,433112000.000000,-82691000.000000,6068000.000000,0.000000,4.909000,-46.596000,-46.068000,37617000.000000,0.000000,67.720000,9.390000,9.404000,53669000.000000,-488481000.000000,519559000.000000,519559000.000000,61942000.000000,-0.067000,-0.104000,-0.164000,-0.159000,60928000.000000,326971000.000000,1.000000,72040539.000000,72151094.000000,72151094.000000,7.201000,601944000.000000,0.000000,-6087000.000000,22720000.000000,8.343000
MRT,2019-12-31,2019-12-31,2019-12-31,2019-Q4,497821000.000000,6059849756.000000,2025-05-01,-17239000.000000,1602827000.000000,1572056250.000000,588002000.000000,1014825000.000000,0.352000,14.114000,-10900000.000000,514353000.000000,514353000.000000,184465000.000000,-98864000.000000,6.520000,0.581000,465404000.000000,0.000000,465404000.000000,465404000.000000,14765000.000000,44952000.000000,0.000000,0.000000,0.000000,-80100000.000000,-35148000.000000,-0.064000,-35148000.000000,-80100000.000000,-109455000.000000,-1.380000,-1.380000,-1.380000,1014025000.000000,1002990250.000000,1014025000.000000,6044220756.000000,-75.000000,-171.965000,18969000.000000,0.264000,1.000000,368842000.000000,0.667000,971532000.000000,29355000.000000,492165000.000000,507736250.000000,0.000000,2711000.000000,2711000.000000,0.000000,588802000.000000,90181000.000000,498621000.000000,89976000.000000,-11187000.000000,36663000.000000,0.000000,0.000000,35094000.000000,25013000.000000,47100000.000000,29869000.000000,388000.000000,-98864000.000000,-98864000.000000,-98864000.000000,0.000000,0.000000,-0.179000,449284000.000000,-80442000.000000,9075000.000000,0.000000,5.976000,-61.295000,-60.667000,36748000.000000,0.000000,83.720000,10.952000,10.871000,56948000.000000,-507525000.000000,553307000.000000,553307000.000000,64644000.000000,-0.063000,-0.099000,-0.158000,-0.145000,66702000.000000,339068000.000000,1.000000,72382343.000000,71844535.000000,71844535.000000,7.701000,631295000.000000,0.000000,-10591000.000000,21678000.000000,8.787000
MRT,2020-03-31,2020-03-31,2020-03-31,2020-Q1,499264000.000000,11317018443.000000,2025-05-01,-34793000.000000,1603077000.000000,1584919250.000000,596428000.000000,1006649000.000000,0.382000,13.649000,-13257000.000000,507956000.000000,507956000.000000,212170000.000000,-98317000.000000,6.138000,0.603000,476651000.000000,0.000000,476651000.000000,476651000.000000,0.000000,44617000.000000,0.000000,0.000000,0.000000,-78909000.000000,-34292000.000000,-0.057000,-34292000.000000,-78909000.000000,-110361000.000000,-1.360000,-1.360000,-1.360000,1000177000.000000,1002645000.000000,1000177000.000000,11268069443.000000,-143.000000,-328.592000,18184000.000000,0.248000,1.000000,393363000.000000,0.650000,949052000.000000,31452000.000000,525556000.000000,509870000.000000,0.000000,2819000.000000,2819000.000000,0.000000,602900000.000000,97164000.000000,505736000.000000,76635000.000000,-20193000.000000,42698000.000000,0.000000,0.000000,39445000.000000,5749000.000000,38100000.000000,31441000.000000,-2637000.000000,-98317000.000000,-98317000.000000,-98317000.000000,0.000000,0.000000,-0.162000,471929000.000000,-78566000.000000,8142000.000000,0.000000,11.315000,-115.107000,-113.978000,42267000.000000,0.000000,155.010000,18.689000,18.759000,70721000.000000,-537128000.000000,605533000.000000,605533000.000000,67914000.000000,-0.062000,-0.098000,-0.155000,-0.130000,71494000.000000,355681000.000000,1.000000,73008312.000000,73278857.000000,73278857.000000,8.263000,654025000.000000,0.000000,-12044000.000000,18848000.000000,8.925000
MRT,2020-06-30,2020-06-30,2020-06-30,2020-Q2,1279562000.000000,14208661283.000000,2025-05-01,-21913000.000000,2418828000.000000,1798290250.000000,1403110000.000000,1015718000.000000,0.398000,16.924000,-17742000.000000,1308843000.000000,1308843000.000000,261316000.000000,-94675000.000000,11.357000,0.868000,976118000.000000,0.000000,976118000.000000,976118000.000000,0.000000,45164000.000000,0.000000,0.000000,0.000000,-71705000.000000,-26541000.000000,-0.037000,-26541000.000000,-71705000.000000,-109208000.000000,-1.290000,-1.290000,-1.290000,1294929000.000000,1075717250.000000,1294929000.000000,14177356283.000000,-198.000000,-534.168000,43100000.000000,0.563000,1.000000,454971000.000000,0.635000,955788000.000000,37503000.000000,1006767000.000000,631400250.000000,0.000000,2932000.000000,2932000.000000,0.000000,1123899000.000000,123548000.000000,1000351000.000000,869465000.000000,-13487000.000000,55073000.000000,747800000.000000,0.000000,807472000.000000,1151000.000000,29405000.000000,60842000.000000,-1065000.000000,-94675000.000000,-94675000.000000,-94675000.000000,0.000000,0.000000,-0.132000,518693000.000000,-63722000.000000,10816000.000000,0.000000,10.973000,-150.078000,-147.938000,40046000.000000,0.000000,190.840000,19.837000,20.385000,76902000.000000,-562810000.000000,716287000.000000,716287000.000000,74278000.000000,-0.053000,-0.088000,-0.114000,-0.100000,76054000.000000,395545000.000000,1.000000,74453266.000000,76512870.000000,76512870.000000,9.362000,1463040000.000000,0.000000,-14533000.000000,18976000.000000,19.121000
MRT,2020-09-30,2020-09-30,2020-09-30,2020-Q3,1109218000.000000,17808527132.000000,2025-05-01,-5628000.000000,3449385000.000000,2268529250.000000,1310043000.000000,2139342000.000000,0.382000,26.685000,-20782000.000000,1187299000.000000,1187299000.000000,323242000.000000,-110213000.000000,6.523000,0.546000,1007320000.000000,13609000.000000,993711000.000000,1007320000.000000,51605000.000000,49121000.000000,0.000000,0.000000,0.000000,-72965000.000000,-23844000.000000,-0.027000,-23844000.000000,-72965000.000000,-119738000.000000,-1.440000,-1.440000,-1.440000,2231036000.000000,1385041750.000000,2231036000.000000,17475802132.000000,-240.000000,-732.922000,58765000.000000,0.703000,1.000000,543888000.000000,0.627000,2077928000.000000,46773000.000000,990653000.000000,753785250.000000,11578000.000000,3070000.000000,3070000.000000,0.000000,1218349000.000000,200825000.000000,1017524000.000000,710785000.000000,-159656000.000000,53068000.000000,743350000.000000,0.000000,798741000.000000,-167503000.000000,12935000.000000,79547000.000000,1272000.000000,-110213000.000000,-110213000.000000,-110213000.000000,0.000000,0.000000,-0.127000,607391000.000000,-63503000.000000,21408000.000000,0.000000,7.982000,-161.583000,-152.250000,54297000.000000,0.000000,219.240000,20.537000,21.139000,85803000.000000,-598694000.000000,867130000.000000,867130000.000000,88490000.000000,-0.049000,-0.080000,-0.097000,-0.084000,79608000.000000,443316000.000000,1.000000,81228458.000000,83607902.000000,83607902.000000,10.371000,1371457000.000000,0.000000,-9525000.000000,17896000.000000,16.403000
MRT,2020-12-31,2020-12-31,2020-12-31,2020-Q4,726958000.000000,28986351170.000000,2025-05-01,18518000.000000,17755281000.000000,6306642750.000000,1059607000.000000,16695674000.000000,0.173000,175.494000,-26042000.000000,733324000.000000,733324000.000000,390829000.000000,-485136000.000000,3.185000,0.118000,1488673000.000000,56013000.000000,1432660000.000000,1488673000.000000,54805000.000000,78087000.000000,0.000000,0.000000,0.000000,-516043000.000000,-437956000.000000,-0.400000,-437956000.000000,-516043000.000000,-575993000.000000,-5.360000,-5.360000,-5.360000,15883804000.000000,5102486500.000000,15883804000.000000,28806372170.000000,-56.000000,-65.775000,-79553000.000000,-0.879000,1.000000,703133000.000000,0.643000,16602119000.000000,59950000.000000,1575862000.000000,1024709500.000000,56498000.000000,53245000.000000,53245000.000000,0.000000,1871477000.000000,332649000.000000,1538828000.000000,214650000.000000,-567429000.000000,59036000.000000,729142000.000000,0.000000,859136000.000000,-590975000.000000,2496000.000000,-53511000.000000,4321000.000000,-485136000.000000,-485136000.000000,-485136000.000000,0.000000,0.000000,-0.443000,1209554000.000000,-506421000.000000,46030000.000000,0.000000,1.825000,-59.749000,-37.306000,75198000.000000,0.000000,199.960000,26.497000,16.544000,169281000.000000,-992661000.000000,1093962000.000000,1093962000.000000,164941000.000000,-0.077000,-0.095000,-0.504000,-0.472000,475531000.000000,886882000.000000,1.000000,144960748.000000,90509229.000000,90509229.000000,12.087000,1153162000.000000,0.000000,-90857000.000000,102103000.000000,12.741000
MRT,2021-03-31,2021-03-31,2021-03-31,2021-Q1,771966000.000000,27753224818.000000,2025-05-01,5026000.000000,17582358000.000000,10301463000.000000,1032330000.000000,16550028000.000000,0.133000,104.027000,-36373000.000000,720104000.000000,720104000.000000,464406000.000000,-655182000.000000,3.965000,0.111000,1417214000.000000,13693000.000000,1403521000.000000,1417214000.000000,73174000.000000,119290000.000000,0.000000,0.000000,0.000000,-584831000.000000,-465541000.000000,-0.341000,-465541000.000000,-584831000.000000,-658289000.000000,-6.270000,-6.270000,-6.270000,15829498000.000000,8809816750.000000,15829498000.000000,28508573818.000000,-49.000000,-61.238000,-101590000.000000,-0.668000,1.000000,902432000.000000,0.660000,16449189000.000000,73458000.000000,1569915000.000000,1285799250.000000,58290000.000000,2530000.000000,2530000.000000,0.000000,1752860000.000000,260364000.000000,1492496000.000000,205964000.000000,-614350000.000000,64703000.000000,724914000.000000,0.000000,866258000.000000,-595077000.000000,52496000.000000,-65217000.000000,6184000.000000,-655182000.000000,-655182000.000000,-655182000.000000,0.000000,0.000000,-0.479000,1472520000.000000,-570088000.000000,34377000.000000,0.000000,1.753000,-42.360000,-28.987000,72837000.000000,0.000000,181.750000,20.305000,20.234000,178341000.000000,-1192310000.000000,1366838000.000000,1366838000.000000,223692000.000000,-0.064000,-0.074000,-0.455000,-0.428000,543516000.000000,1049489000.000000,1.000000,152699999.000000,152167606.000000,152167606.000000,8.982000,1133169000.000000,0.000000,-3107000.000000,84876000.000000,7.447000
MRT,2021-06-30,2021-06-30,2021-06-30,2021-Q2,828610000.000000,25696091457.000000,2025-05-01,12291000.000000,17611119000.000000,14099535750.000000,1104837000.000000,16506282000.000000,0.116000,102.535000,-43865000.000000,783724000.000000,783724000.000000,533899000.000000,-763319000.000000,4.000000,0.101000,1260712000.000000,13619000.000000,1247093000.000000,1260712000.000000,72794000.000000,162953000.000000,0.000000,0.000000,0.000000,-680162000.000000,-517209000.000000,-0.318000,-517209000.000000,-680162000.000000,-760831000.000000,-6.790000,-6.790000,-6.790000,16001070000.000000,12486352000.000000,16001070000.000000,26393201457.000000,-39.000000,-51.030000,-92415000.000000,-0.592000,1.000000,1095048000.000000,0.672000,16417884000.000000,80669000.000000,1393996000.000000,1382606500.000000,56990000.000000,2538000.000000,2538000.000000,0.000000,1610049000.000000,276227000.000000,1333822000.000000,-531737000.000000,-610265000.000000,51862000.000000,-26917000.000000,0.000000,104396000.000000,-587583000.000000,63397000.000000,-48550000.000000,6618000.000000,-763319000.000000,-763319000.000000,-763319000.000000,0.000000,0.000000,-0.469000,1736905000.000000,-641857000.000000,42077000.000000,0.000000,1.606000,-33.664000,-24.490000,70064000.000000,0.000000,166.290000,15.775000,15.931000,179436000.000000,-1326129000.000000,1628947000.000000,1628947000.000000,281422000.000000,-0.054000,-0.061000,-0.492000,-0.418000,604558000.000000,1204902000.000000,1.000000,154525777.000000,156055090.000000,156055090.000000,10.438000,1193235000.000000,0.000000,2488000.000000,81882000.000000,7.646000
MRT,2021-09-30,2021-09-30,2021-09-30,2021-Q3,855211000.000000,20194267793.000000,2025-05-01,-1132000.000000,17652579000.000000,17650334250.000000,1157316000.000000,16495263000.000000,0.105000,100.276000,-49668000.000000,823828000.000000,823828000.000000,598215000.000000,-811775000.000000,3.831000,0.104000,1276107000.000000,12442000.000000,1263665000.000000,1276107000.000000,76940000.000000,202650000.000000,0.000000,0.000000,0.000000,-720760000.000000,-518110000.000000,-0.278000,-518110000.000000,-720760000.000000,-803354000.000000,-6.890000,-6.890000,-6.890000,15987582000.000000,15925488500.000000,15987582000.000000,20671255793.000000,-29.000000,-39.897000,-53822000.000000,-0.338000,1.000000,1263578000.000000,0.679000,16402411000.000000,82594000.000000,1400342000.000000,1485028750.000000,56937000.000000,2538000.000000,2538000.000000,0.000000,1664997000.000000,302105000.000000,1362892000.000000,-366227000.000000,-483710000.000000,52888000.000000,-26400000.000000,0.000000,104758000.000000,-466831000.000000,63397000.000000,-4154000.000000,2756000.000000,-811775000.000000,-811775000.000000,-811775000.000000,0.000000,0.000000,-0.436000,1946286000.000000,-682708000.000000,34655000.000000,0.000000,1.263000,-24.877000,-18.405000,74962000.000000,0.000000,126.810000,10.847000,10.859000,178072000.000000,-1410469000.000000,1861793000.000000,1861793000.000000,331714000.000000,-0.046000,-0.051000,-0.485000,-0.387000,655351000.000000,1346071000.000000,1.000000,159248228.000000,159435165.000000,159435165.000000,11.677000,1250168000.000000,0.000000,8421000.000000,93824000.000000,7.841000
MRT,2021-12-31,2021-12-31,2021-12-31,2021-Q4,894426000.000000,14699157213.000000,2025-05-01,-6285000.000000,17734608000.000000,17645166000.000000,1225439000.000000,16509169000.000000,0.115000,102.242000,-63934000.000000,893480000.000000,893480000.000000,650258000.000000,-428793000.000000,3.702000,0.105000,1290048000.000000,13313000.000000,1276735000.000000,1290048000.000000,79403000.000000,219621000.000000,0.000000,0.000000,0.000000,-303515000.000000,-83894000.000000,-0.041000,-83894000.000000,-303515000.000000,-384656000.000000,-2.730000,-2.730000,-2.730000,16045757000.000000,15965976750.000000,16045757000.000000,15151436213.000000,-50.000000,-180.602000,130056000.000000,0.829000,1.000000,1382449000.000000,0.680000,16414452000.000000,81141000.000000,1385711000.000000,1437491000.000000,73079000.000000,2537000.000000,2537000.000000,0.000000,1688851000.000000,331013000.000000,1357838000.000000,161956000.000000,-78663000.000000,42591000.000000,0.000000,0.000000,40947000.000000,-72981000.000000,60901000.000000,193990000.000000,-1800000.000000,-428793000.000000,-428793000.000000,-428793000.000000,0.000000,0.000000,-0.211000,1648080000.000000,-265631000.000000,47257000.000000,0.000000,0.916000,-34.280000,-33.634000,74014000.000000,0.000000,91.820000,7.231000,7.089000,168956000.000000,-1421454000.000000,2032707000.000000,2032707000.000000,311884000.000000,-0.024000,-0.027000,-0.211000,-0.149000,302586000.000000,1105314000.000000,1.000000,160086661.000000,156939349.000000,156939349.000000,12.952000,1320156000.000000,0.000000,44137000.000000,75777000.000000,8.412000
MRT,2022-03-31,2022-03-31,2022-03-31,2022-Q1,901358000.000000,11564389467.000000,2025-05-01,-11424000.000000,11092337000.000000,16022660750.000000,1208045000.000000,9884292000.000000,0.134000,56.952000,-81506000.000000,836444000.000000,836444000.000000,691324000.000000,-6903667000.000000,3.939000,0.213000,1593859000.000000,12664000.000000,1581195000.000000,1593859000.000000,86731000.000000,230066000.000000,0.000000,0.000000,0.000000,-6881685000.000000,-6651619000.000000,-3.102000,-6651619000.000000,-6881685000.000000,-6946181000.000000,-43.020000,-43.020000,-43.020000,9142610000.000000,14294254750.000000,9142610000.000000,11960957467.000000,-2.000000,-1.798000,98763000.000000,0.615000,1.000000,1453058000.000000,0.678000,9783692000.000000,64496000.000000,1759373000.000000,1484855500.000000,70654000.000000,2544000.000000,2544000.000000,0.000000,1949727000.000000,306687000.000000,1643040000.000000,117339000.000000,-22742000.000000,29300000.000000,307000.000000,0.000000,21588000.000000,-84518000.000000,10901000.000000,180269000.000000,-999000.000000,-6903667000.000000,-6903667000.000000,-6903667000.000000,0.000000,0.000000,-3.219000,8303390000.000000,-6850332000.000000,47412000.000000,0.000000,1.265000,-1.675000,-1.677000,73971000.000000,0.000000,72.130000,5.393000,5.400000,191528000.000000,-8023279000.000000,2144382000.000000,2144382000.000000,321288000.000000,-0.431000,-0.483000,-4.635000,-3.209000,276722000.000000,1142762000.000000,1.000000,160327041.000000,160532301.000000,160532301.000000,13.358000,1308645000.000000,0.000000,-42514000.000000,57516000.000000,8.152000
MRT,2022-06-30,2022-06-30,2022-06-30,2022-Q2,885790000.000000,5352875242.000000,2025-05-01,-29864000.000000,8102775000.000000,13645574750.000000,1257269000.000000,6845506000.000000,0.164000,37.704000,-113689000.000000,881161000.000000,881161000.000000,713521000.000000,-9871309000.000000,3.384000,0.332000,1597811000.000000,12073000.000000,1585738000.000000,1597811000.000000,89627000.000000,238430000.000000,0.000000,0.000000,0.000000,-9868622000.000000,-9630192000.000000,-4.311000,-9630192000.000000,-9868622000.000000,-9918207000.000000,-61.380000,-61.380000,-61.380000,6084650000.000000,11815149750.000000,6084650000.000000,6110290242.000000,-1.000000,-0.634000,106832000.000000,0.662000,1.000000,1520101000.000000,0.681000,6730368000.000000,49585000.000000,1717578000.000000,1565751000.000000,60260000.000000,2539000.000000,2539000.000000,0.000000,2018125000.000000,371479000.000000,1646646000.000000,102225000.000000,-22327000.000000,20731000.000000,8259000.000000,0.000000,8891000.000000,-127187000.000000,0.000000,220521000.000000,-4788000.000000,-9871309000.000000,-9871309000.000000,-9871309000.000000,0.000000,0.000000,-4.419000,11388037000.000000,-9867936000.000000,94371000.000000,0.000000,0.880000,-0.542000,-0.541000,77198000.000000,0.000000,33.210000,2.397000,2.399000,205434000.000000,-11124740000.000000,2233622000.000000,2233622000.000000,319225000.000000,-0.723000,-0.835000,-6.303000,-4.418000,244752000.000000,1199971000.000000,1.000000,161182633.000000,161377695.000000,161377695.000000,13.841000,1372407000.000000,0.000000,-46898000.000000,55926000.000000,8.504000
MRT,2022-09-30,2022-09-30,2022-09-30,2022-Q3,876187000.000000,4098025357.000000,2025-05-01,-49266000.000000,8103965000.000000,11258421250.000000,1287588000.000000,6816377000.000000,0.206000,37.425000,-141794000.000000,899631000.000000,899631000.000000,730099000.000000,-9860445000.000000,3.130000,0.339000,1593469000.000000,10086000.000000,1583383000.000000,1593469000.000000,93356000.000000,248792000.000000,0.000000,0.000000,0.000000,-9875318000.000000,-9626526000.000000,-4.143000,-9626526000.000000,-9875318000.000000,-9912157000.000000,-61.300000,-61.300000,-61.300000,6052661000.000000,9331419500.000000,6052661000.000000,4814675357.000000,0.000000,-0.500000,65157000.000000,0.403000,1.000000,1593267000.000000,0.686000,6700264000.000000,36839000.000000,1686138000.000000,1637200000.000000,59344000.000000,0.000000,0.000000,0.000000,2051304000.000000,411401000.000000,1639903000.000000,81765000.000000,-2719000.000000,14671000.000000,12192000.000000,0.000000,8741000.000000,-133927000.000000,2507000.000000,206951000.000000,-5962000.000000,-9860445000.000000,-9860445000.000000,-9860445000.000000,0.000000,0.000000,-4.244000,11472357000.000000,-9879090000.000000,70783000.000000,0.000000,0.677000,-0.416000,-0.414000,72457000.000000,0.000000,25.350000,1.764000,1.765000,201701000.000000,-11198216000.000000,2323366000.000000,2323366000.000000,323565000.000000,-0.876000,-1.057000,-6.032000,-4.250000,228713000.000000,1268919000.000000,1.000000,161657805.000000,161727962.000000,161727962.000000,14.366000,1403701000.000000,0.000000,-51712000.000000,51742000.000000,8.679000
MRT,2022-12-31,2022-12-31,2022-12-31,2022-Q4,915619000.000000,3829575608.000000,2025-05-01,-42776000.000000,4345355000.000000,7911108000.000000,1315388000.000000,3029967000.000000,0.304000,14.293000,-172764000.000000,918182000.000000,918182000.000000,743987000.000000,-13659531000.000000,3.290000,0.883000,1573330000.000000,0.000000,1573330000.000000,1573330000.000000,113786000.000000,267784000.000000,0.000000,0.000000,0.000000,-13641399000.000000,-13373615000.000000,-5.557000,-13373615000.000000,-13641399000.000000,-13663343000.000000,-84.600000,-84.600000,-84.600000,2307745000.000000,5896916500.000000,2307745000.000000,4523413608.000000,0.000000,-0.338000,16528000.000000,0.102000,1.000000,1662853000.000000,0.691000,2909955000.000000,21944000.000000,1690779000.000000,1713467000.000000,56342000.000000,0.000000,0.000000,0.000000,2037610000.000000,399769000.000000,1637841000.000000,28046000.000000,0.000000,12385000.000000,0.000000,0.000000,6497000.000000,-167743000.000000,2507000.000000,189292000.000000,-3344000.000000,-13659531000.000000,-13659531000.000000,-13659531000.000000,0.000000,0.000000,-5.675000,15316067000.000000,-13653214000.000000,47690000.000000,0.000000,1.659000,-0.280000,-0.280000,71472000.000000,0.000000,23.650000,1.591000,1.587000,210554000.000000,-15008287000.000000,2406840000.000000,2406840000.000000,333629000.000000,-1.727000,-2.316000,-7.961000,-5.668000,217852000.000000,1300563000.000000,1.000000,161927087.000000,161457123.000000,161457123.000000,14.907000,1435400000.000000,0.000000,-3812000.000000,50939000.000000,8.890000
MRT,2023-03-31,2023-03-31,2023-03-31,2023-Q1,905363000.000000,4211785273.000000,2025-05-01,-40997000.000000,4309147000.000000,6215310500.000000,1286707000.000000,3022440000.000000,0.398000,14.063000,-187557000.000000,888579000.000000,888579000.000000,747069000.000000,-7054236000.000000,3.374000,0.881000,1591345000.000000,11247000.000000,1580098000.000000,1591345000.000000,100047000.000000,277747000.000000,0.000000,0.000000,0.000000,-7036192000.000000,-6758445000.000000,-2.735000,-6758445000.000000,-7036192000.000000,-7057755000.000000,-43.600000,-43.600000,-43.600000,2291226000.000000,4184070500.000000,2291226000.000000,4886390273.000000,-1.000000,-0.723000,46638000.000000,0.286000,1.000000,1723665000.000000,0.698000,2889138000.000000,21563000.000000,1741431000.000000,1708981500.000000,45801000.000000,0.000000,0.000000,0.000000,2017921000.000000,381344000.000000,1636577000.000000,55429000.000000,0.000000,8147000.000000,3921000.000000,0.000000,7034000.000000,-185800000.000000,2507000.000000,234195000.000000,-3294000.000000,-7054236000.000000,-7054236000.000000,-7054236000.000000,0.000000,0.000000,-2.855000,8784602000.000000,-7060937000.000000,38625000.000000,0.000000,1.838000,-0.597000,-0.594000,69309000.000000,0.000000,25.900000,1.705000,1.708000,215981000.000000,-15077515000.000000,2470734000.000000,2470734000.000000,333202000.000000,-1.135000,-1.686000,-4.117000,-2.848000,203454000.000000,1349136000.000000,1.000000,162617192.000000,162922691.000000,162922691.000000,15.165000,1420009000.000000,0.000000,-3519000.000000,50613000.000000,8.716000
MRT,2023-06-30,2023-06-30,2023-06-30,2023-Q2,937570000.000000,4144139617.000000,2025-05-01,-38780000.000000,4316405000.000000,5268718000.000000,1320964000.000000,2995441000.000000,0.480000,13.980000,-179290000.000000,958695000.000000,958695000.000000,755139000.000000,-4017952000.000000,3.445000,0.881000,1573790000.000000,0.000000,1573790000.000000,1573790000.000000,121625000.000000,292480000.000000,0.000000,0.000000,0.000000,-3999399000.000000,-3706919000.000000,-1.465000,-3706919000.000000,-3999399000.000000,-4021235000.000000,-24.780000,-24.780000,-24.780000,2295144000.000000,3236694000.000000,2295144000.000000,4846905617.000000,-1.000000,-1.308000,63618000.000000,0.388000,1.000000,1775622000.000000,0.702000,2857295000.000000,21836000.000000,1690811000.000000,1702289750.000000,34054000.000000,0.000000,0.000000,0.000000,2021261000.000000,383394000.000000,1637867000.000000,77951000.000000,0.000000,11545000.000000,0.000000,0.000000,12576000.000000,-177533000.000000,2507000.000000,242908000.000000,-417000.000000,-4017952000.000000,-4017952000.000000,-4017952000.000000,0.000000,0.000000,-1.588000,5811652000.000000,-4036030000.000000,16071000.000000,0.000000,1.806000,-1.031000,-1.022000,65216000.000000,0.000000,25.320000,1.638000,1.643000,215181000.000000,-15142692000.000000,2530761000.000000,2530761000.000000,341815000.000000,-0.763000,-1.241000,-2.349000,-1.580000,208179000.000000,1371761000.000000,1.000000,163670601.000000,164171372.000000,164171372.000000,15.415000,1459110000.000000,0.000000,-3283000.000000,48097000.000000,8.888000
MRT,2023-09-30,2023-09-30,2023-09-30,2023-Q3,984451000.000000,3066459799.000000,2025-05-01,-41520000.000000,4327973000.000000,4324720000.000000,1387091000.000000,2940882000.000000,0.596000,13.893000,-173732000.000000,1030527000.000000,1030527000.000000,755480000.000000,-4001549000.000000,3.445000,0.887000,1572186000.000000,0.000000,1572186000.000000,1572186000.000000,112344000.000000,323896000.000000,0.000000,0.000000,0.000000,-3984812000.000000,-3660916000.000000,-1.419000,-3660916000.000000,-3984812000.000000,-4006145000.000000,-24.680000,-24.680000,-24.680000,2294050000.000000,2297041250.000000,2294050000.000000,3681554799.000000,-1.000000,-1.006000,111756000.000000,0.677000,1.000000,1824117000.000000,0.707000,2801492000.000000,21333000.000000,1665500000.000000,1697130250.000000,35916000.000000,0.000000,0.000000,0.000000,2033923000.000000,402640000.000000,1631283000.000000,128766000.000000,0.000000,13373000.000000,0.000000,0.000000,17010000.000000,-173732000.000000,0.000000,285488000.000000,2130000.000000,-4001549000.000000,-4001549000.000000,-4001549000.000000,0.000000,0.000000,-1.551000,5853142000.000000,-4029025000.000000,25998000.000000,0.000000,1.337000,-0.766000,-0.753000,64938000.000000,0.000000,18.590000,1.189000,1.190000,205866000.000000,-15199765000.000000,2579597000.000000,2579597000.000000,341514000.000000,-0.925000,-1.742000,-2.348000,-1.545000,205481000.000000,1380294000.000000,1.000000,164952114.000000,165119379.000000,165119379.000000,15.623000,1526481000.000000,0.000000,-4596000.000000,44252000.000000,9.245000
MRT,2023-12-31,2023-12-31,2023-12-31,2023-Q4,1068432000.000000,3567759923.000000,2025-05-01,-36990000.000000,4392369000.000000,4336473500.000000,1489048000.000000,2903321000.000000,0.600000,14.134000,-156348000.000000,1123675000.000000,1123675000.000000,760031000.000000,-220368000.000000,3.540000,0.888000,1581525000.000000,0.000000,1581525000.000000,1581525000.000000,109282000.000000,348721000.000000,0.000000,0.000000,0.000000,-197326000.000000,151395000.000000,0.058000,151395000.000000,-197326000.000000,-219608000.000000,-1.340000,-1.340000,-1.340000,2326073000.000000,2301623250.000000,2326073000.000000,4109418923.000000,-21.000000,27.144000,193673000.000000,1.177000,1.000000,1842384000.000000,0.708000,2750971000.000000,22282000.000000,1678632000.000000,1694093500.000000,29513000.000000,0.000000,0.000000,0.000000,2066296000.000000,420616000.000000,1645680000.000000,204528000.000000,0.000000,11132000.000000,0.000000,0.000000,10854000.000000,-156347000.000000,0.000000,350021000.000000,965000.000000,-220368000.000000,-220368000.000000,-220368000.000000,0.000000,0.000000,-0.085000,2090937000.000000,-248553000.000000,43637000.000000,0.000000,1.534000,-16.190000,-16.082000,72092000.000000,0.000000,21.550000,1.371000,1.363000,217423000.000000,-15228655000.000000,2602415000.000000,2602415000.000000,348521000.000000,-0.051000,-0.096000,-0.116000,-0.076000,201550000.000000,1367293000.000000,1.000000,165557305.000000,164578219.000000,164578219.000000,15.813000,1641398000.000000,0.000000,760000.000000,49452000.000000,9.973000
MRT,2024-03-31,2024-03-31,2024-03-31,2024-Q1,1097421000.000000,2522288387.000000,2025-05-01,-38629000.000000,4320756000.000000,4339375750.000000,1486265000.000000,2834491000.000000,0.604000,13.646000,-146236000.000000,1097935000.000000,1097935000.000000,764462000.000000,-233029000.000000,3.822000,0.888000,1579517000.000000,0.000000,1579517000.000000,1579517000.000000,116231000.000000,376387000.000000,0.000000,0.000000,0.000000,-207592000.000000,168795000.000000,0.064000,168795000.000000,-207592000.000000,-230260000.000000,-1.410000,-1.410000,-1.410000,2288898000.000000,2301041250.000000,2288898000.000000,2980138387.000000,-14.000000,17.655000,199549000.000000,1.190000,1.000000,1854840000.000000,0.708000,2687428000.000000,22668000.000000,1726066000.000000,1690252250.000000,32268000.000000,0.000000,0.000000,0.000000,2031858000.000000,388844000.000000,1643014000.000000,208802000.000000,0.000000,9752000.000000,0.000000,0.000000,9252000.000000,-146235000.000000,0.000000,345785000.000000,554000.000000,-233029000.000000,-233029000.000000,-233029000.000000,0.000000,0.000000,-0.089000,2113413000.000000,-258573000.000000,37674000.000000,0.000000,1.102000,-10.824000,-10.709000,67056000.000000,0.000000,15.100000,0.963000,0.967000,214293000.000000,-15310544000.000000,2619302000.000000,2619302000.000000,342924000.000000,-0.054000,-0.101000,-0.123000,-0.079000,197837000.000000,1371258000.000000,1.000000,167038966.000000,167730746.000000,167730746.000000,15.616000,1633328000.000000,0.000000,2769000.000000,47472000.000000,9.738000
MRT,2024-06-30,2024-06-30,2024-06-30,2024-Q2,615928000.000000,1658572312.000000,2025-05-01,-38966000.000000,3523638000.000000,4141184000.000000,1546655000.000000,1976983000.000000,0.630000,8.824000,-137414000.000000,1162383000.000000,1162383000.000000,761981000.000000,-1005523000.000000,1.662000,1.346000,1578124000.000000,550722000.000000,1027402000.000000,1578124000.000000,107177000.000000,397053000.000000,0.000000,0.000000,0.000000,-975437000.000000,-578384000.000000,-0.222000,-578384000.000000,-975437000.000000,-997918000.000000,-5.930000,-5.930000,-5.930000,1502086000.000000,2102776750.000000,1502086000.000000,2140154312.000000,-2.000000,-3.700000,195872000.000000,1.151000,1.000000,1847359000.000000,0.708000,1830688000.000000,22481000.000000,1177964000.000000,1562040500.000000,34896000.000000,0.000000,0.000000,0.000000,2021552000.000000,930727000.000000,1090825000.000000,204722000.000000,0.000000,10495000.000000,0.000000,0.000000,8849000.000000,-137413000.000000,0.000000,333286000.000000,-1034000.000000,-1005523000.000000,-1005523000.000000,-1005523000.000000,0.000000,0.000000,-0.385000,2875435000.000000,-1028076000.000000,56111000.000000,0.000000,1.104000,-1.649000,-1.649000,64868000.000000,0.000000,9.780000,0.636000,0.638000,218420000.000000,-16148215000.000000,2609340000.000000,2609340000.000000,332366000.000000,-0.243000,-0.478000,-0.624000,-0.374000,184219000.000000,1343391000.000000,1.000000,169588171.000000,170229583.000000,170229583.000000,15.328000,1692950000.000000,0.000000,7605000.000000,50673000.000000,9.945000
MRT,2024-09-30,2024-09-30,2024-09-30,2024-Q3,677255000.000000,1571781451.000000,2025-05-01,-37106000.000000,3528581000.000000,3941336000.000000,1608636000.000000,1919945000.000000,0.657000,8.791000,-130915000.000000,1243866000.000000,1243866000.000000,755766000.000000,-981726000.000000,1.727000,1.340000,1578170000.000000,550723000.000000,1027447000.000000,1578170000.000000,98794000.000000,392018000.000000,0.000000,0.000000,0.000000,-948362000.000000,-556344000.000000,-0.215000,-556344000.000000,-948362000.000000,-970857000.000000,-5.770000,-5.770000,-5.770000,1507702000.000000,1906189750.000000,1507702000.000000,1987522451.000000,-2.000000,-3.572000,206945000.000000,1.207000,1.000000,1833844000.000000,0.708000,1779888000.000000,22495000.000000,1151616000.000000,1433569500.000000,36993000.000000,0.000000,0.000000,0.000000,2020879000.000000,931381000.000000,1089498000.000000,211425000.000000,0.000000,7544000.000000,0.000000,0.000000,4479000.000000,-130914000.000000,0.000000,337860000.000000,1914000.000000,-981726000.000000,-981726000.000000,-981726000.000000,0.000000,0.000000,-0.379000,2841596000.000000,-1007752000.000000,37801000.000000,0.000000,1.043000,-1.601000,-1.591000,62145000.000000,0.000000,9.180000,0.607000,0.608000,212039000.000000,-16181491000.000000,2589610000.000000,2589610000.000000,320460000.000000,-0.249000,-0.515000,-0.662000,-0.366000,165302000.000000,1328386000.000000,1.000000,171218023.000000,171496282.000000,171496282.000000,15.100000,1748693000.000000,0.000000,10869000.000000,50846000.000000,10.197000
MRT,2024-12-31,2024-12-31,2024-12-31,2024-Q4,722372000.000000,1564995512.000000,2025-05-01,-38388000.000000,3516524000.000000,3722374750.000000,1663907000.000000,1852617000.000000,0.690000,8.742000,-124052000.000000,1298327000.000000,1298327000.000000,751270000.000000,-1001245000.000000,1.767000,1.358000,1574276000.000000,550723000.000000,1023553000.000000,1574276000.000000,89082000.000000,382843000.000000,0.000000,0.000000,0.000000,-969850000.000000,-587007000.000000,-0.228000,-587007000.000000,-969850000.000000,-993653000.000000,-5.870000,-5.870000,-5.870000,1491079000.000000,1697441250.000000,1491079000.000000,1899299512.000000,-2.000000,-3.236000,169628000.000000,0.995000,1.000000,1818304000.000000,0.708000,1714550000.000000,23803000.000000,1136388000.000000,1298008500.000000,38138000.000000,0.000000,0.000000,0.000000,2025445000.000000,941535000.000000,1083910000.000000,177940000.000000,0.000000,8314000.000000,0.000000,0.000000,8312000.000000,-124052000.000000,0.000000,293680000.000000,-3288000.000000,-1001245000.000000,-1001245000.000000,-1001245000.000000,0.000000,0.000000,-0.390000,2839190000.000000,-1020886000.000000,33130000.000000,0.000000,1.050000,-1.563000,-1.549000,56579000.000000,0.000000,9.090000,0.609000,0.603000,214146000.000000,-16229900000.000000,2569574000.000000,2569574000.000000,307274000.000000,-0.269000,-0.590000,-0.747000,-0.377000,145951000.000000,1346270000.000000,1.000000,172166723.000000,170564088.000000,170564088.000000,15.065000,1801974000.000000,0.000000,7592000.000000,49851000.000000,10.565000
MRT,2025-03-31,2025-03-31,2025-03-31,2025-Q1,649406000.000000,1382429375.000000,2025-05-01,-37245000.000000,3444445000.000000,3503297000.000000,1601829000.000000,1842616000.000000,0.729000,8.194000,-120125000.000000,1193332000.000000,1193332000.000000,753561000.000000,-1012368000.000000,1.682000,1.414000,1576812000.000000,550724000.000000,1026088000.000000,1576812000.000000,84179000.000000,372511000.000000,0.000000,0.000000,0.000000,-1001802000.000000,-629291000.000000,-0.247000,-629291000.000000,-1001802000.000000,-1025721000.000000,-5.900000,-5.900000,-5.900000,1427030000.000000,1481974250.000000,1427030000.000000,1658378375.000000,-2.000000,-2.635000,180554000.000000,1.037000,1.000000,1799251000.000000,0.705000,1676571000.000000,23919000.000000,1198931000.000000,1166224750.000000,38012000.000000,0.000000,0.000000,0.000000,2017415000.000000,952423000.000000,1064992000.000000,96201000.000000,-64608000.000000,7436000.000000,0.000000,0.000000,7330000.000000,-211808000.000000,-27075000.000000,300679000.000000,-804000.000000,-1012368000.000000,-1012368000.000000,-1012368000.000000,0.000000,0.000000,-0.397000,2853626000.000000,-1054375000.000000,52054000.000000,0.000000,0.969000,-1.366000,-1.349000,57229000.000000,0.000000,7.960000,0.542000,0.543000,232971000.000000,-16322912000.000000,2552812000.000000,2552812000.000000,295844000.000000,-0.289000,-0.683000,-0.859000,-0.392000,128789000.000000,1326532000.000000,1.000000,173672032.000000,174154128.000000,174154128.000000,14.658000,1767874000.000000,0.000000,-13353000.000000,24336000.000000,10.151000
MRY,2013-12-31,2013-12-31,2013-12-31,2013-FY,1685000.000000,,2025-05-01,0.000000,27386000.000000,,6826000.000000,20560000.000000,,-45.368000,-1294000.000000,3212000.000000,3212000.000000,4186000.000000,-6019000.000000,1.328000,-1.494000,3000000.000000,0.000000,3000000.000000,3000000.000000,0.000000,754000.000000,0.000000,,0.000000,-5869000.000000,-5115000.000000,-0.257000,-5115000.000000,-5869000.000000,-5925000.000000,-8.050000,-8.050000,-8.050000,-55452000.000000,,-55452000.000000,,,,-7347000.000000,-6.011000,1.000000,15720000.000000,0.790000,20136000.000000,56000.000000,1897000.000000,,0.000000,0.000000,0.000000,0.000000,82838000.000000,5141000.000000,77697000.000000,-5482000.000000,-16462000.000000,524000.000000,3000000.000000,0.000000,18327000.000000,-17756000.000000,0.000000,-6053000.000000,0.000000,-6019000.000000,-6019000.000000,-6019000.000000,0.000000,0.000000,-0.302000,21589000.000000,-5869000.000000,67000.000000,0.000000,,,,331000.000000,0.000000,,,,2610000.000000,-55453000.000000,19906000.000000,19906000.000000,3532000.000000,,,,-0.295000,298000.000000,17303000.000000,1.000000,,1222268.000000,1222268.000000,16.286000,7250000.000000,8000.000000,94000.000000,102000.000000,5.932000
MRY,2014-12-31,2014-12-31,2014-12-31,2014-FY,44175000.000000,,2025-05-01,0.000000,91839000.000000,59612500.000000,54494000.000000,37345000.000000,0.730000,-34.407000,-1734000.000000,46436000.000000,46436000.000000,9929000.000000,-17037000.000000,5.281000,-2.360000,25873000.000000,833000.000000,25040000.000000,25873000.000000,0.000000,2320000.000000,0.000000,,0.000000,-15150000.000000,-12830000.000000,-0.295000,-12830000.000000,-15150000.000000,-16649000.000000,-10.250000,-10.250000,-10.250000,-67535000.000000,-61493500.000000,-67535000.000000,,,,-13093000.000000,-6.670000,1.000000,33599000.000000,0.772000,35984000.000000,1499000.000000,24973000.000000,13435000.000000,0.000000,0.000000,0.000000,0.000000,159374000.000000,10319000.000000,149055000.000000,43224000.000000,-13844000.000000,379000.000000,19700000.000000,0.000000,70161000.000000,-15578000.000000,0.000000,-11359000.000000,0.000000,-17037000.000000,-17037000.000000,-17037000.000000,0.000000,0.000000,-0.391000,48749000.000000,-15150000.000000,2210000.000000,0.000000,,,,1065000.000000,0.000000,,,,6839000.000000,-72490000.000000,43528000.000000,43528000.000000,7573000.000000,-0.286000,0.277000,-1.128000,-0.348000,533000.000000,38660000.000000,1.000000,35796346.000000,1962845.000000,1962845.000000,22.176000,55855000.000000,0.000000,388000.000000,482000.000000,28.456000
MRY,2015-12-31,2015-12-31,2015-12-31,2015-FY,133592000.000000,690628219.000000,2025-05-01,-42000.000000,229737000.000000,160788000.000000,151578000.000000,78159000.000000,0.481000,8.965000,-6275000.000000,55066000.000000,55066000.000000,21041000.000000,-58020000.000000,8.428000,0.287000,26477000.000000,1250000.000000,25227000.000000,26477000.000000,0.000000,4863000.000000,0.000000,0.000000,0.000000,-55785000.000000,-50922000.000000,-0.658000,-50922000.000000,-55785000.000000,-57984000.000000,-2.910000,-2.910000,-2.910000,178564000.000000,55514500.000000,178564000.000000,663677219.000000,-12.000000,-13.033000,-53456000.000000,-2.684000,1.000000,56343000.000000,0.728000,71607000.000000,2199000.000000,111555000.000000,68264000.000000,0.000000,82282000.000000,82282000.000000,0.000000,51173000.000000,17986000.000000,33187000.000000,8630000.000000,-17767000.000000,163546000.000000,468000.000000,0.000000,164014000.000000,-108203000.000000,-82619000.000000,-47181000.000000,0.000000,-58020000.000000,-58020000.000000,-58020000.000000,0.000000,0.000000,-0.750000,112128000.000000,-55785000.000000,2213000.000000,0.000000,3.868000,-11.903000,-6.172000,6259000.000000,0.000000,17.960000,8.925000,4.623000,12134000.000000,-130510000.000000,77384000.000000,77384000.000000,14210000.000000,-0.361000,-1.045000,-0.817000,-0.721000,3075000.000000,92504000.000000,1.000000,38453687.000000,19917348.000000,19917348.000000,3.885000,158130000.000000,0.000000,36000.000000,1185000.000000,7.939000
MRY,2016-12-31,2016-12-31,2016-12-31,2016-FY,61644000.000000,759535854.000000,2025-05-01,-1000.000000,303670000.000000,258577750.000000,82717000.000000,220953000.000000,0.476000,5.454000,-2108000.000000,50015000.000000,50015000.000000,31971000.000000,-74216000.000000,3.925000,0.315000,44424000.000000,2000000.000000,42424000.000000,44424000.000000,0.000000,8270000.000000,0.000000,0.000000,0.000000,-71118000.000000,-62848000.000000,-0.510000,-62848000.000000,-71118000.000000,-73706000.000000,-1.750000,-1.750000,-1.750000,230870000.000000,197558250.000000,230870000.000000,759972854.000000,-11.000000,-12.092000,-53983000.000000,-1.275000,1.000000,91186000.000000,0.740000,213059000.000000,2588000.000000,63947000.000000,84953750.000000,0.000000,15793000.000000,15793000.000000,0.000000,72800000.000000,21073000.000000,51727000.000000,-5051000.000000,-37013000.000000,2774000.000000,17824000.000000,0.000000,20678000.000000,26146000.000000,66571000.000000,-51875000.000000,0.000000,-74216000.000000,-74216000.000000,-74216000.000000,0.000000,0.000000,-0.603000,153850000.000000,-62664000.000000,2236000.000000,0.000000,3.290000,-10.234000,-9.429000,7479000.000000,0.000000,16.500000,6.167000,5.671000,13806000.000000,-204726000.000000,123157000.000000,123157000.000000,21815000.000000,-0.287000,-0.376000,-0.837000,-0.577000,7723000.000000,116806000.000000,1.000000,46032476.000000,42330908.000000,42330908.000000,2.909000,90611000.000000,0.000000,510000.000000,1694000.000000,2.141000
MRY,2017-12-31,2017-12-31,2017-12-31,2017-FY,115909000.000000,1985100434.000000,2025-05-01,4089000.000000,824391000.000000,698353500.000000,156239000.000000,668152000.000000,0.334000,10.084000,-2633000.000000,42817000.000000,42817000.000000,61623000.000000,-106782000.000000,3.874000,0.475000,207370000.000000,0.000000,207370000.000000,207370000.000000,0.000000,19095000.000000,0.000000,0.000000,0.000000,-89516000.000000,-70421000.000000,-0.302000,-70421000.000000,-89516000.000000,-107007000.000000,-1.930000,-1.930000,-1.930000,558903000.000000,437122750.000000,558903000.000000,2273312434.000000,-25.000000,-32.282000,-37074000.000000,-0.669000,1.000000,171656000.000000,0.736000,658331000.000000,17491000.000000,290283000.000000,280535750.000000,0.000000,79489000.000000,79489000.000000,0.000000,265488000.000000,40330000.000000,225158000.000000,-7389000.000000,-379356000.000000,271544000.000000,203961000.000000,0.000000,475431000.000000,-448379000.000000,-63508000.000000,-34441000.000000,191000.000000,-106782000.000000,-106782000.000000,-106782000.000000,0.000000,0.000000,-0.458000,247050000.000000,-75394000.000000,3884000.000000,0.000000,3.552000,-18.590000,-18.057000,8963000.000000,0.000000,34.850000,8.510000,8.280000,27094000.000000,-311577000.000000,233279000.000000,233279000.000000,34459000.000000,-0.153000,-0.244000,-0.319000,-0.384000,30597000.000000,180300000.000000,1.000000,56961275.000000,55427460.000000,55427460.000000,4.209000,166060000.000000,0.000000,-225000.000000,12906000.000000,2.996000
MRY,2018-12-31,2018-12-31,2018-12-31,2018-FY,470297000.000000,3475182080.000000,2025-05-01,-13070000.000000,1528876000.000000,1270372750.000000,532736000.000000,996140000.000000,0.329000,15.386000,-8407000.000000,423989000.000000,423989000.000000,128735000.000000,-97084000.000000,8.532000,0.509000,414683000.000000,0.000000,414683000.000000,414683000.000000,0.000000,35602000.000000,0.000000,0.000000,0.000000,-70854000.000000,-35252000.000000,-0.084000,-35252000.000000,-70854000.000000,-96966000.000000,-1.470000,-1.470000,-1.470000,1013119000.000000,822784750.000000,1013119000.000000,3426281080.000000,-48.000000,-97.194000,-13267000.000000,-0.201000,1.000000,289172000.000000,0.692000,984591000.000000,26112000.000000,472540000.000000,400702750.000000,0.000000,54545000.000000,54545000.000000,0.000000,515757000.000000,62439000.000000,453318000.000000,383256000.000000,-276912000.000000,364729000.000000,279162000.000000,0.000000,645612000.000000,-257496000.000000,27823000.000000,-4860000.000000,-2084000.000000,-97084000.000000,-97084000.000000,-97084000.000000,0.000000,0.000000,-0.232000,365526000.000000,-76354000.000000,7769000.000000,0.000000,3.430000,-35.796000,-33.721000,10148000.000000,0.000000,49.570000,8.316000,7.810000,43571000.000000,-408661000.000000,417907000.000000,417907000.000000,54373000.000000,-0.076000,-0.118000,-0.177000,-0.170000,43769000.000000,265160000.000000,1.000000,70106558.000000,65844908.000000,65844908.000000,6.347000,544285000.000000,0.000000,118000.000000,32444000.000000,8.266000
MRY,2019-12-31,2019-12-31,2019-12-31,2019-FY,497821000.000000,6059849756.000000,2025-05-01,-17239000.000000,1602827000.000000,1572056250.000000,588002000.000000,1014825000.000000,0.352000,14.114000,-10900000.000000,514353000.000000,514353000.000000,184465000.000000,-98864000.000000,6.520000,0.581000,465404000.000000,0.000000,465404000.000000,465404000.000000,14765000.000000,44952000.000000,0.000000,0.000000,0.000000,-80100000.000000,-35148000.000000,-0.064000,-35148000.000000,-80100000.000000,-109455000.000000,-1.380000,-1.380000,-1.380000,1014025000.000000,1002990250.000000,1014025000.000000,6044220756.000000,-75.000000,-171.965000,18969000.000000,0.264000,1.000000,368842000.000000,0.667000,971532000.000000,29355000.000000,492165000.000000,507736250.000000,0.000000,2711000.000000,2711000.000000,0.000000,588802000.000000,90181000.000000,498621000.000000,89976000.000000,-11187000.000000,36663000.000000,0.000000,0.000000,35094000.000000,25013000.000000,47100000.000000,29869000.000000,388000.000000,-98864000.000000,-98864000.000000,-98864000.000000,0.000000,0.000000,-0.179000,449284000.000000,-80442000.000000,9075000.000000,0.000000,5.976000,-61.295000,-60.667000,36748000.000000,0.000000,83.720000,10.952000,10.871000,56948000.000000,-507525000.000000,553307000.000000,553307000.000000,64644000.000000,-0.063000,-0.099000,-0.158000,-0.145000,66702000.000000,339068000.000000,1.000000,72382343.000000,71844535.000000,71844535.000000,7.701000,631295000.000000,0.000000,-10591000.000000,21678000.000000,8.787000
MRY,2020-12-31,2020-12-31,2020-12-31,2020-FY,726958000.000000,28986351170.000000,2025-05-01,18518000.000000,17755281000.000000,6306642750.000000,1059607000.000000,16695674000.000000,0.173000,175.494000,-26042000.000000,733324000.000000,733324000.000000,390829000.000000,-485136000.000000,3.185000,0.118000,1488673000.000000,56013000.000000,1432660000.000000,1488673000.000000,54805000.000000,78087000.000000,0.000000,0.000000,0.000000,-516043000.000000,-437956000.000000,-0.400000,-437956000.000000,-516043000.000000,-575993000.000000,-5.360000,-5.360000,-5.360000,15883804000.000000,5102486500.000000,15883804000.000000,28806372170.000000,-56.000000,-65.775000,-79553000.000000,-0.879000,1.000000,703133000.000000,0.643000,16602119000.000000,59950000.000000,1575862000.000000,1024709500.000000,56498000.000000,53245000.000000,53245000.000000,0.000000,1871477000.000000,332649000.000000,1538828000.000000,214650000.000000,-567429000.000000,59036000.000000,729142000.000000,0.000000,859136000.000000,-590975000.000000,2496000.000000,-53511000.000000,4321000.000000,-485136000.000000,-485136000.000000,-485136000.000000,0.000000,0.000000,-0.443000,1209554000.000000,-506421000.000000,46030000.000000,0.000000,1.825000,-59.749000,-37.306000,75198000.000000,0.000000,199.960000,26.497000,16.544000,169281000.000000,-992661000.000000,1093962000.000000,1093962000.000000,164941000.000000,-0.077000,-0.095000,-0.504000,-0.472000,475531000.000000,886882000.000000,1.000000,144960748.000000,90509229.000000,90509229.000000,12.087000,1153162000.000000,0.000000,-90857000.000000,102103000.000000,12.741000
MRY,2021-12-31,2021-12-31,2021-12-31,2021-FY,894426000.000000,14699157213.000000,2025-05-01,-6285000.000000,17734608000.000000,17645166000.000000,1225439000.000000,16509169000.000000,0.115000,102.242000,-63934000.000000,893480000.000000,893480000.000000,650258000.000000,-428793000.000000,3.702000,0.105000,1290048000.000000,13313000.000000,1276735000.000000,1290048000.000000,79403000.000000,219621000.000000,0.000000,0.000000,0.000000,-303515000.000000,-83894000.000000,-0.041000,-83894000.000000,-303515000.000000,-384656000.000000,-2.730000,-2.730000,-2.730000,16045757000.000000,15965976750.000000,16045757000.000000,15151436213.000000,-50.000000,-180.602000,130056000.000000,0.829000,1.000000,1382449000.000000,0.680000,16414452000.000000,81141000.000000,1385711000.000000,1437491000.000000,73079000.000000,2537000.000000,2537000.000000,0.000000,1688851000.000000,331013000.000000,1357838000.000000,161956000.000000,-78663000.000000,42591000.000000,0.000000,0.000000,40947000.000000,-72981000.000000,60901000.000000,193990000.000000,-1800000.000000,-428793000.000000,-428793000.000000,-428793000.000000,0.000000,0.000000,-0.211000,1648080000.000000,-265631000.000000,47257000.000000,0.000000,0.916000,-34.280000,-33.634000,74014000.000000,0.000000,91.820000,7.231000,7.089000,168956000.000000,-1421454000.000000,2032707000.000000,2032707000.000000,311884000.000000,-0.024000,-0.027000,-0.211000,-0.149000,302586000.000000,1105314000.000000,1.000000,160086661.000000,156939349.000000,156939349.000000,12.952000,1320156000.000000,0.000000,44137000.000000,75777000.000000,8.412000
MRY,2022-12-31,2022-12-31,2022-12-31,2022-FY,915619000.000000,3829575608.000000,2025-05-01,-42776000.000000,4345355000.000000,7911108000.000000,1315388000.000000,3029967000.000000,0.304000,14.293000,-172764000.000000,918182000.000000,918182000.000000,743987000.000000,-13659531000.000000,3.290000,0.883000,1573330000.000000,0.000000,1573330000.000000,1573330000.000000,113786000.000000,267784000.000000,0.000000,0.000000,0.000000,-13641399000.000000,-13373615000.000000,-5.557000,-13373615000.000000,-13641399000.000000,-13663343000.000000,-84.600000,-84.600000,-84.600000,2307745000.000000,5896916500.000000,2307745000.000000,4523413608.000000,0.000000,-0.338000,16528000.000000,0.102000,1.000000,1662853000.000000,0.691000,2909955000.000000,21944000.000000,1690779000.000000,1713467000.000000,56342000.000000,0.000000,0.000000,0.000000,2037610000.000000,399769000.000000,1637841000.000000,28046000.000000,0.000000,12385000.000000,0.000000,0.000000,6497000.000000,-167743000.000000,2507000.000000,189292000.000000,-3344000.000000,-13659531000.000000,-13659531000.000000,-13659531000.000000,0.000000,0.000000,-5.675000,15316067000.000000,-13653214000.000000,47690000.000000,0.000000,1.659000,-0.280000,-0.280000,71472000.000000,0.000000,23.650000,1.591000,1.587000,210554000.000000,-15008287000.000000,2406840000.000000,2406840000.000000,333629000.000000,-1.727000,-2.316000,-7.961000,-5.668000,217852000.000000,1300563000.000000,1.000000,161927087.000000,161457123.000000,161457123.000000,14.907000,1435400000.000000,0.000000,-3812000.000000,50939000.000000,8.890000
MRY,2023-12-31,2023-12-31,2023-12-31,2023-FY,1068432000.000000,3567759923.000000,2025-05-01,-36990000.000000,4392369000.000000,4336473500.000000,1489048000.000000,2903321000.000000,0.600000,14.134000,-156348000.000000,1123675000.000000,1123675000.000000,760031000.000000,-220368000.000000,3.540000,0.888000,1581525000.000000,0.000000,1581525000.000000,1581525000.000000,109282000.000000,348721000.000000,0.000000,0.000000,0.000000,-197326000.000000,151395000.000000,0.058000,151395000.000000,-197326000.000000,-219608000.000000,-1.340000,-1.340000,-1.340000,2326073000.000000,2301623250.000000,2326073000.000000,4109418923.000000,-21.000000,27.144000,193673000.000000,1.177000,1.000000,1842384000.000000,0.708000,2750971000.000000,22282000.000000,1678632000.000000,1694093500.000000,29513000.000000,0.000000,0.000000,0.000000,2066296000.000000,420616000.000000,1645680000.000000,204528000.000000,0.000000,11132000.000000,0.000000,0.000000,10854000.000000,-156347000.000000,0.000000,350021000.000000,965000.000000,-220368000.000000,-220368000.000000,-220368000.000000,0.000000,0.000000,-0.085000,2090937000.000000,-248553000.000000,43637000.000000,0.000000,1.534000,-16.190000,-16.082000,72092000.000000,0.000000,21.550000,1.371000,1.363000,217423000.000000,-15228655000.000000,2602415000.000000,2602415000.000000,348521000.000000,-0.051000,-0.096000,-0.116000,-0.076000,201550000.000000,1367293000.000000,1.000000,165557305.000000,164578219.000000,164578219.000000,15.813000,1641398000.000000,0.000000,760000.000000,49452000.000000,9.973000
MRY,2024-12-31,2024-12-31,2024-12-31,2024-FY,722372000.000000,1564995512.000000,2025-05-01,-38388000.000000,3516524000.000000,3722374750.000000,1663907000.000000,1852617000.000000,0.690000,8.742000,-124052000.000000,1298327000.000000,1298327000.000000,751270000.000000,-1001245000.000000,1.767000,1.358000,1574276000.000000,550723000.000000,1023553000.000000,1574276000.000000,89082000.000000,382843000.000000,0.000000,0.000000,0.000000,-969850000.000000,-587007000.000000,-0.228000,-587007000.000000,-969850000.000000,-993653000.000000,-5.870000,-5.870000,-5.870000,1491079000.000000,1697441250.000000,1491079000.000000,1899299512.000000,-2.000000,-3.236000,169628000.000000,0.995000,1.000000,1818304000.000000,0.708000,1714550000.000000,23803000.000000,1136388000.000000,1298008500.000000,38138000.000000,0.000000,0.000000,0.000000,2025445000.000000,941535000.000000,1083910000.000000,177940000.000000,0.000000,8314000.000000,0.000000,0.000000,8312000.000000,-124052000.000000,0.000000,293680000.000000,-3288000.000000,-1001245000.000000,-1001245000.000000,-1001245000.000000,0.000000,0.000000,-0.390000,2839190000.000000,-1020886000.000000,33130000.000000,0.000000,1.050000,-1.563000,-1.549000,56579000.000000,0.000000,9.090000,0.609000,0.603000,214146000.000000,-16229900000.000000,2569574000.000000,2569574000.000000,307274000.000000,-0.269000,-0.590000,-0.747000,-0.377000,145951000.000000,1346270000.000000,1.000000,172166723.000000,170564088.000000,170564088.000000,15.065000,1801974000.000000,0.000000,7592000.000000,49851000.000000,10.565000
