dimension,calendardate,datekey,reportperiod,fiscalperiod,workingcapital,marketcap,lastupdated,accoci,assets,assetsavg,assetsc,assetsnc,assetturnover,bvps,capex,cashneq,cashnequsd,cor,consolinc,currentratio,de,debt,debtc,debtnc,debtusd,deferredrev,depamor,deposits,divyield,dps,ebit,ebitda,ebitdamargin,ebitdausd,ebitusd,ebt,eps,epsdil,epsusd,equity,equityavg,equityusd,ev,evebit,evebitda,fcf,fcfps,fxusd,gp,grossmargin,intangibles,intexp,invcap,invcapavg,inventory,investments,investmentsc,investmentsnc,liabilities,liabilitiesc,liabilitiesnc,ncf,ncfbus,ncfcommon,ncfdebt,ncfdiv,ncff,ncfi,ncfinv,ncfo,ncfx,netinc,netinccmn,netinccmnusd,netincdis,netincnci,netmargin,opex,opinc,payables,payoutratio,pb,pe,pe1,ppnenet,prefdivis,price,ps,ps1,receivables,retearn,revenue,revenueusd,rnd,roa,roe,roic,ros,sbcomp,sgna,sharefactor,sharesbas,shareswa,shareswadil,sps,tangibles,taxassets,taxexp,taxliabilities,tbvps
ARQ,2014-03-31,2014-07-17,2014-03-31,2014-Q1,53572000.000000,,2025-04-29,0.000000,56777000.000000,,56660000.000000,117000.000000,,-22.604000,-3000.000000,55464000.000000,55464000.000000,0.000000,-5790000.000000,18.348000,-0.084000,0.000000,0.000000,0.000000,0.000000,0.000000,11000.000000,0.000000,,0.000000,-5790000.000000,-5779000.000000,,-5779000.000000,-5790000.000000,-5790000.000000,-3.700000,-3.700000,-3.700000,-37358000.000000,,-37358000.000000,,,,-5619000.000000,-3.400000,1.000000,0.000000,,0.000000,0.000000,-1775000.000000,,0.000000,0.000000,0.000000,0.000000,3124000.000000,3088000.000000,36000.000000,47359000.000000,0.000000,2000.000000,0.000000,0.000000,52978000.000000,-3000.000000,0.000000,-5616000.000000,0.000000,-5790000.000000,-6116000.000000,-6116000.000000,0.000000,0.000000,,5790000.000000,-5790000.000000,1626000.000000,0.000000,,,,78000.000000,326000.000000,,,,0.000000,-37465000.000000,0.000000,0.000000,4173000.000000,,,,,160000.000000,1617000.000000,1.000000,24961926.000000,1652726.000000,1652726.000000,0.000000,56777000.000000,0.000000,0.000000,0.000000,34.354000
ARQ,2014-06-30,2014-08-14,2014-06-30,2014-Q2,47612000.000000,740760588.000000,2025-04-29,0.000000,51651000.000000,,51543000.000000,108000.000000,,-26.340000,-2000.000000,49166000.000000,49166000.000000,0.000000,-6192000.000000,13.112000,-0.089000,0.000000,0.000000,0.000000,0.000000,0.000000,11000.000000,0.000000,0.000000,0.000000,-6192000.000000,-6181000.000000,,-6181000.000000,-6192000.000000,-6192000.000000,-4.570000,-4.570000,-4.570000,-44792000.000000,,-44792000.000000,691594588.000000,,,-5275000.000000,-3.102000,1.000000,0.000000,,0.000000,0.000000,-1446000.000000,,0.000000,0.000000,0.000000,0.000000,3971000.000000,3931000.000000,40000.000000,-6298000.000000,0.000000,0.000000,0.000000,0.000000,-1023000.000000,-2000.000000,0.000000,-5273000.000000,0.000000,-6192000.000000,-7769000.000000,-7769000.000000,0.000000,0.000000,,6188000.000000,-6188000.000000,1862000.000000,0.000000,-16.538000,,,69000.000000,1577000.000000,28.810000,,,0.000000,-44792000.000000,0.000000,0.000000,4381000.000000,,,,,462000.000000,1807000.000000,1.000000,25711926.000000,1700517.000000,1700517.000000,0.000000,51651000.000000,0.000000,0.000000,0.000000,30.374000
ARQ,2014-09-30,2014-11-13,2014-09-30,2014-Q3,132780000.000000,904289362.000000,2025-04-29,0.000000,137963000.000000,,137790000.000000,173000.000000,,6.788000,-78000.000000,136766000.000000,136766000.000000,0.000000,-9468000.000000,27.503000,0.038000,0.000000,0.000000,0.000000,0.000000,0.000000,13000.000000,0.000000,0.000000,0.000000,-9468000.000000,-9455000.000000,,-9455000.000000,-9468000.000000,-9468000.000000,-0.500000,-0.500000,-0.500000,132919000.000000,,132919000.000000,767523362.000000,,,-7564000.000000,-0.386000,1.000000,0.000000,,0.000000,0.000000,-3813000.000000,,0.000000,0.000000,0.000000,0.000000,5044000.000000,5010000.000000,34000.000000,87600000.000000,0.000000,96292000.000000,0.000000,0.000000,95164000.000000,-78000.000000,0.000000,-7486000.000000,0.000000,-9468000.000000,-9859000.000000,-9859000.000000,0.000000,0.000000,,9470000.000000,-9470000.000000,2157000.000000,0.000000,6.803000,,,134000.000000,391000.000000,35.060000,,,0.000000,-54484000.000000,0.000000,0.000000,6601000.000000,,,,,691000.000000,2869000.000000,1.000000,25792623.000000,19581624.000000,19581624.000000,0.000000,137963000.000000,0.000000,0.000000,0.000000,7.046000
ARQ,2014-12-31,2015-03-06,2014-12-31,2014-Q4,121065000.000000,1109257410.000000,2025-04-29,0.000000,129665000.000000,,128822000.000000,843000.000000,,5.650000,-45000.000000,127805000.000000,127805000.000000,0.000000,-12361000.000000,16.607000,0.064000,0.000000,0.000000,0.000000,0.000000,0.000000,16000.000000,0.000000,0.000000,0.000000,-12361000.000000,-12345000.000000,,-12345000.000000,-12361000.000000,-12361000.000000,1.410000,1.410000,1.410000,121885000.000000,,121885000.000000,981452410.000000,-29.000000,-29.071000,-8712000.000000,-0.404000,1.000000,0.000000,,0.000000,0.000000,-5897000.000000,,0.000000,0.000000,0.000000,0.000000,7780000.000000,7757000.000000,23000.000000,-8961000.000000,0.000000,1000.000000,0.000000,0.000000,-249000.000000,-45000.000000,0.000000,-8667000.000000,0.000000,-12361000.000000,-12361000.000000,-12361000.000000,0.000000,0.000000,,12361000.000000,-12361000.000000,2429000.000000,0.000000,9.101000,-30.723000,-25.737000,163000.000000,0.000000,42.980000,,,0.000000,-66845000.000000,0.000000,0.000000,8945000.000000,,,,,1326000.000000,3416000.000000,1.000000,25808688.000000,21574347.000000,21574347.000000,0.000000,129665000.000000,641000.000000,0.000000,641000.000000,6.010000
ARQ,2014-12-31,2015-04-13,2014-12-31,2014-Q4,121065000.000000,1348503948.000000,2025-04-29,0.000000,129665000.000000,,128822000.000000,843000.000000,,5.650000,-45000.000000,127805000.000000,127805000.000000,0.000000,-12361000.000000,16.607000,0.064000,0.000000,0.000000,0.000000,0.000000,0.000000,16000.000000,0.000000,0.000000,0.000000,-12361000.000000,-12345000.000000,,-12345000.000000,-12361000.000000,-12361000.000000,1.410000,1.410000,1.410000,121885000.000000,,121885000.000000,1220698948.000000,-36.000000,-36.158000,-8712000.000000,-0.404000,1.000000,0.000000,,0.000000,0.000000,-5897000.000000,,0.000000,0.000000,0.000000,0.000000,7780000.000000,7757000.000000,23000.000000,-8961000.000000,0.000000,1000.000000,0.000000,0.000000,-249000.000000,-45000.000000,0.000000,-8667000.000000,0.000000,-12361000.000000,-12361000.000000,-12361000.000000,0.000000,0.000000,,12361000.000000,-12361000.000000,2429000.000000,0.000000,11.064000,-37.350000,-31.287000,163000.000000,0.000000,52.250000,,,0.000000,-66845000.000000,0.000000,0.000000,8945000.000000,,,,,1326000.000000,3416000.000000,1.000000,25808688.000000,21574347.000000,21574347.000000,0.000000,129665000.000000,641000.000000,0.000000,641000.000000,6.010000
ARQ,2015-03-31,2015-05-15,2015-03-31,2015-Q1,105584000.000000,1657749714.000000,2025-04-29,0.000000,115478000.000000,,114529000.000000,949000.000000,,4.151000,-110000.000000,113201000.000000,113201000.000000,0.000000,-16871000.000000,12.804000,0.084000,0.000000,0.000000,0.000000,0.000000,0.000000,22000.000000,0.000000,0.000000,0.000000,-16871000.000000,-16849000.000000,,-16849000.000000,-16871000.000000,-16871000.000000,-0.660000,-0.660000,-0.660000,106510000.000000,,106510000.000000,1544548714.000000,-34.000000,-34.453000,-14716000.000000,-0.574000,1.000000,0.000000,,0.000000,0.000000,-6668000.000000,,0.000000,0.000000,0.000000,0.000000,8968000.000000,8945000.000000,23000.000000,-14604000.000000,0.000000,147000.000000,0.000000,0.000000,112000.000000,-110000.000000,0.000000,-14606000.000000,0.000000,-16871000.000000,-16871000.000000,-16871000.000000,0.000000,0.000000,,16897000.000000,-16897000.000000,2782000.000000,0.000000,15.564000,-35.377000,-13.528000,269000.000000,0.000000,58.440000,,,0.000000,-83716000.000000,0.000000,0.000000,12900000.000000,,,,,1349000.000000,3997000.000000,1.000000,28366696.000000,25655883.000000,25655883.000000,0.000000,115478000.000000,641000.000000,0.000000,641000.000000,4.501000
ARQ,2015-06-30,2015-08-12,2015-06-30,2015-Q2,216508000.000000,1800463612.000000,2025-04-29,0.000000,228473000.000000,,227508000.000000,965000.000000,,7.805000,-71000.000000,224273000.000000,224273000.000000,0.000000,-25027000.000000,20.683000,0.051000,0.000000,0.000000,0.000000,0.000000,0.000000,32000.000000,0.000000,0.000000,0.000000,-25027000.000000,-24995000.000000,,-24995000.000000,-25027000.000000,-25027000.000000,-0.900000,-0.900000,-0.900000,217451000.000000,,217451000.000000,1576190612.000000,-25.000000,-24.766000,-18514000.000000,-0.665000,1.000000,0.000000,,0.000000,0.000000,-6800000.000000,,0.000000,0.000000,0.000000,0.000000,11022000.000000,11000000.000000,22000.000000,111072000.000000,0.000000,130009000.000000,0.000000,0.000000,129586000.000000,-71000.000000,0.000000,-18443000.000000,0.000000,-25027000.000000,-25027000.000000,-25027000.000000,0.000000,0.000000,,25059000.000000,-25059000.000000,5195000.000000,0.000000,8.280000,-28.080000,-96.108000,285000.000000,0.000000,62.470000,,,0.000000,-108743000.000000,0.000000,0.000000,18603000.000000,,,,,5398000.000000,6456000.000000,1.000000,28821252.000000,27860332.000000,27860332.000000,0.000000,228473000.000000,641000.000000,0.000000,641000.000000,8.201000
ARQ,2015-09-30,2015-11-06,2015-09-30,2015-Q3,197190000.000000,1502291616.000000,2025-04-29,0.000000,208410000.000000,,207481000.000000,929000.000000,,6.894000,21000.000000,204916000.000000,204916000.000000,0.000000,-24035000.000000,20.161000,0.052000,0.000000,0.000000,0.000000,0.000000,0.000000,29000.000000,0.000000,0.000000,0.000000,-24035000.000000,-24006000.000000,,-24006000.000000,-24035000.000000,-24035000.000000,-0.840000,-0.840000,-0.840000,198104000.000000,,198104000.000000,1297375616.000000,-17.000000,-16.592000,-19494000.000000,-0.678000,1.000000,0.000000,,0.000000,0.000000,-6797000.000000,,0.000000,0.000000,0.000000,0.000000,10306000.000000,10291000.000000,15000.000000,-19357000.000000,0.000000,227000.000000,0.000000,0.000000,137000.000000,21000.000000,0.000000,-19515000.000000,0.000000,-24035000.000000,-24035000.000000,-24035000.000000,0.000000,0.000000,,24082000.000000,-24082000.000000,3246000.000000,0.000000,7.583000,-19.188000,-52.576000,249000.000000,0.000000,52.050000,,,0.000000,-132778000.000000,0.000000,0.000000,17478000.000000,,,,,4407000.000000,6604000.000000,1.000000,28862471.000000,28737743.000000,28737743.000000,0.000000,208410000.000000,641000.000000,0.000000,641000.000000,7.252000
ARQ,2015-12-31,2016-02-29,2015-12-31,2015-Q4,173184000.000000,941452298.000000,2025-04-29,0.000000,189016000.000000,,188491000.000000,525000.000000,,6.026000,-38000.000000,186792000.000000,186792000.000000,0.000000,-28562000.000000,12.314000,0.088000,0.000000,0.000000,0.000000,0.000000,0.000000,32000.000000,0.000000,0.000000,0.000000,-28562000.000000,-28530000.000000,,-28530000.000000,-28562000.000000,-28562000.000000,-1.000000,-1.000000,-1.000000,173695000.000000,,173695000.000000,754660298.000000,-8.000000,-7.996000,-18155000.000000,-0.630000,1.000000,0.000000,,0.000000,0.000000,-13083000.000000,,0.000000,0.000000,0.000000,0.000000,15321000.000000,15307000.000000,14000.000000,-18124000.000000,0.000000,67000.000000,0.000000,0.000000,31000.000000,-38000.000000,0.000000,-18117000.000000,0.000000,-28562000.000000,-28562000.000000,-28562000.000000,0.000000,0.000000,,28612000.000000,-28612000.000000,5159000.000000,0.000000,5.420000,-9.963000,-8.647000,286000.000000,0.000000,29.400000,,,0.000000,-161340000.000000,0.000000,0.000000,20376000.000000,,,,,4086000.000000,8236000.000000,1.000000,32022187.000000,28822327.000000,28822327.000000,0.000000,189016000.000000,0.000000,0.000000,0.000000,6.558000
ARQ,2016-03-31,2016-05-06,2016-03-31,2016-Q1,286636000.000000,1084709795.000000,2025-04-29,0.000000,303510000.000000,,302606000.000000,904000.000000,,9.086000,-341000.000000,299719000.000000,299719000.000000,0.000000,-30543000.000000,18.948000,0.056000,0.000000,0.000000,0.000000,0.000000,0.000000,41000.000000,0.000000,0.000000,0.000000,-30543000.000000,-30502000.000000,,-30502000.000000,-30543000.000000,-30543000.000000,-0.970000,-0.970000,-0.970000,287500000.000000,,287500000.000000,784990795.000000,-7.000000,-7.266000,-27776000.000000,-0.878000,1.000000,0.000000,,0.000000,0.000000,-12179000.000000,,0.000000,0.000000,0.000000,0.000000,16010000.000000,15970000.000000,40000.000000,112927000.000000,0.000000,141302000.000000,0.000000,0.000000,140703000.000000,-341000.000000,0.000000,-27435000.000000,0.000000,-30543000.000000,-30543000.000000,-30543000.000000,0.000000,0.000000,,30714000.000000,-30714000.000000,4540000.000000,0.000000,3.773000,-10.028000,-9.119000,865000.000000,0.000000,33.830000,,,0.000000,-191883000.000000,0.000000,0.000000,23581000.000000,,,,,3714000.000000,7133000.000000,1.000000,32063547.000000,31643216.000000,31643216.000000,0.000000,303510000.000000,0.000000,0.000000,0.000000,9.592000
ARQ,2016-06-30,2016-08-09,2016-06-30,2016-Q2,255768000.000000,1182985577.000000,2025-04-29,39000.000000,275630000.000000,,274107000.000000,1523000.000000,,8.022000,-494000.000000,189567000.000000,189567000.000000,0.000000,-34747000.000000,14.947000,0.072000,0.000000,0.000000,0.000000,0.000000,0.000000,75000.000000,0.000000,0.000000,0.000000,-34747000.000000,-34672000.000000,,-34672000.000000,-34747000.000000,-34747000.000000,-1.080000,-1.080000,-1.080000,257209000.000000,,257209000.000000,993418577.000000,-8.000000,-8.440000,-27165000.000000,-0.847000,1.000000,0.000000,,0.000000,0.000000,67724000.000000,,0.000000,83292000.000000,83292000.000000,0.000000,18421000.000000,18339000.000000,82000.000000,-110677000.000000,0.000000,10000.000000,0.000000,0.000000,10000.000000,-84016000.000000,-82997000.000000,-26671000.000000,0.000000,-34747000.000000,-34747000.000000,-34747000.000000,0.000000,0.000000,,35006000.000000,-35006000.000000,5957000.000000,0.000000,4.599000,-10.035000,-9.476000,959000.000000,0.000000,36.860000,,,0.000000,-226630000.000000,0.000000,0.000000,26096000.000000,,,,,4465000.000000,8910000.000000,1.000000,32094020.000000,32062298.000000,32062298.000000,0.000000,275630000.000000,0.000000,0.000000,0.000000,8.597000
ARQ,2016-09-30,2016-11-03,2016-09-30,2016-Q3,412358000.000000,1438741306.000000,2025-04-29,-35000.000000,436301000.000000,,434688000.000000,1613000.000000,,12.547000,-66000.000000,320642000.000000,320642000.000000,0.000000,-37796000.000000,19.467000,0.055000,0.000000,0.000000,0.000000,0.000000,0.000000,83000.000000,0.000000,0.000000,0.000000,-37796000.000000,-37713000.000000,,-37713000.000000,-37796000.000000,-37796000.000000,-1.150000,-1.150000,-1.150000,413737000.000000,,413737000.000000,1118099306.000000,-8.000000,-8.508000,-30862000.000000,-0.936000,1.000000,0.000000,,0.000000,0.000000,93329000.000000,,0.000000,111192000.000000,111192000.000000,0.000000,22564000.000000,22330000.000000,234000.000000,131075000.000000,0.000000,189591000.000000,0.000000,0.000000,189591000.000000,-27720000.000000,-27654000.000000,-30796000.000000,0.000000,-37796000.000000,-37796000.000000,-37796000.000000,0.000000,0.000000,,38064000.000000,-38064000.000000,5237000.000000,0.000000,3.477000,-10.929000,-9.217000,1049000.000000,0.000000,38.710000,,,0.000000,-264426000.000000,0.000000,0.000000,29075000.000000,,,,,4748000.000000,8989000.000000,1.000000,37167174.000000,32975897.000000,32975897.000000,0.000000,436301000.000000,0.000000,0.000000,0.000000,13.231000
ARQ,2016-12-31,2017-02-24,2016-12-31,2016-Q4,367410000.000000,2321932214.000000,2025-04-29,-102000.000000,404531000.000000,,402579000.000000,1952000.000000,,9.875000,-520000.000000,169081000.000000,169081000.000000,0.000000,-55901000.000000,11.447000,0.098000,0.000000,0.000000,0.000000,0.000000,0.000000,82000.000000,0.000000,0.000000,0.000000,-55901000.000000,-55819000.000000,,-55819000.000000,-55901000.000000,-55901000.000000,-1.550000,-1.550000,-1.550000,368517000.000000,,368517000.000000,2152851214.000000,-14.000000,-13.565000,-34296000.000000,-0.919000,1.000000,0.000000,,0.000000,0.000000,200281000.000000,,0.000000,228962000.000000,228962000.000000,0.000000,36014000.000000,35169000.000000,845000.000000,-151561000.000000,0.000000,678000.000000,0.000000,0.000000,678000.000000,-118463000.000000,-117943000.000000,-33776000.000000,0.000000,-55901000.000000,-55901000.000000,-55901000.000000,0.000000,0.000000,,56378000.000000,-56378000.000000,12817000.000000,0.000000,6.301000,-14.605000,-13.116000,1388000.000000,0.000000,62.300000,,,0.000000,-320327000.000000,0.000000,0.000000,42004000.000000,,,,,10093000.000000,14374000.000000,1.000000,37270180.000000,37316568.000000,37316568.000000,0.000000,404531000.000000,0.000000,0.000000,0.000000,10.841000
ARQ,2017-03-31,2017-05-10,2017-03-31,2017-Q1,317162000.000000,2478673201.000000,2025-04-29,-81000.000000,351168000.000000,,349044000.000000,2124000.000000,,8.544000,-245000.000000,146024000.000000,146024000.000000,0.000000,-56778000.000000,10.948000,0.103000,0.000000,0.000000,0.000000,0.000000,0.000000,130000.000000,0.000000,0.000000,0.000000,-56778000.000000,-56648000.000000,,-56648000.000000,-56778000.000000,-56778000.000000,-1.520000,-1.520000,-1.520000,318446000.000000,,318446000.000000,2332649201.000000,-13.000000,-12.619000,-55455000.000000,-1.488000,1.000000,0.000000,,0.000000,0.000000,173262000.000000,,0.000000,197104000.000000,197104000.000000,0.000000,32722000.000000,31882000.000000,840000.000000,-23057000.000000,0.000000,553000.000000,0.000000,0.000000,553000.000000,31600000.000000,31845000.000000,-55210000.000000,0.000000,-56778000.000000,-56778000.000000,-56778000.000000,0.000000,0.000000,,57480000.000000,-57480000.000000,8230000.000000,0.000000,7.784000,-13.382000,-12.523000,1560000.000000,0.000000,66.370000,,,0.000000,-377105000.000000,0.000000,0.000000,45200000.000000,,,,,6208000.000000,12280000.000000,1.000000,37346289.000000,37269148.000000,37269148.000000,0.000000,351168000.000000,0.000000,0.000000,0.000000,9.422000
ARQ,2017-06-30,2017-08-03,2017-06-30,2017-Q2,258839000.000000,2935380986.000000,2025-04-29,-67000.000000,293412000.000000,,291120000.000000,2292000.000000,,6.967000,-76000.000000,134299000.000000,134299000.000000,0.000000,-70202000.000000,9.018000,0.127000,0.000000,0.000000,0.000000,0.000000,0.000000,130000.000000,0.000000,0.000000,0.000000,-70202000.000000,-70072000.000000,,-70072000.000000,-70202000.000000,-70202000.000000,-1.880000,-1.880000,-1.880000,260304000.000000,,260304000.000000,2801081986.000000,-13.000000,-12.718000,-59152000.000000,-1.583000,1.000000,0.000000,,0.000000,0.000000,126832000.000000,,0.000000,152478000.000000,152478000.000000,0.000000,33108000.000000,32281000.000000,827000.000000,-12010000.000000,0.000000,2758000.000000,0.000000,0.000000,2758000.000000,44308000.000000,44669000.000000,-59076000.000000,0.000000,-70202000.000000,-70202000.000000,-70202000.000000,0.000000,0.000000,,70854000.000000,-70854000.000000,6042000.000000,0.000000,11.277000,-13.302000,-12.852000,1443000.000000,0.000000,78.400000,,,0.000000,-447306000.000000,0.000000,0.000000,55900000.000000,,,,,9350000.000000,14954000.000000,1.000000,37441084.000000,37361129.000000,37361129.000000,0.000000,293412000.000000,0.000000,0.000000,0.000000,7.853000
ARQ,2017-09-30,2017-11-02,2017-09-30,2017-Q3,198506000.000000,2348355697.000000,2025-04-29,-15000.000000,251085000.000000,,248343000.000000,2742000.000000,,5.339000,-235000.000000,135765000.000000,135765000.000000,0.000000,-73719000.000000,4.983000,0.255000,0.000000,0.000000,0.000000,0.000000,0.000000,136000.000000,0.000000,0.000000,0.000000,-73719000.000000,-73583000.000000,,-73583000.000000,-73719000.000000,-73719000.000000,-1.970000,-1.970000,-1.970000,200052000.000000,,200052000.000000,2212590697.000000,-9.000000,-8.639000,-46327000.000000,-1.236000,1.000000,0.000000,,0.000000,0.000000,65483000.000000,,0.000000,108535000.000000,108535000.000000,0.000000,51033000.000000,49837000.000000,1196000.000000,1466000.000000,0.000000,3687000.000000,0.000000,0.000000,3687000.000000,43871000.000000,44106000.000000,-46092000.000000,0.000000,-73719000.000000,-73719000.000000,-73719000.000000,0.000000,0.000000,,74373000.000000,-74373000.000000,13030000.000000,0.000000,11.739000,-9.152000,-9.040000,1893000.000000,0.000000,62.560000,,,0.000000,-521025000.000000,0.000000,0.000000,58286000.000000,,,,,9731000.000000,16087000.000000,1.000000,37537655.000000,37470912.000000,37470912.000000,0.000000,251085000.000000,0.000000,0.000000,0.000000,6.701000
ARQ,2017-12-31,2018-02-22,2017-12-31,2017-Q4,473124000.000000,7113891876.000000,2025-04-29,-29000.000000,529937000.000000,,525075000.000000,4862000.000000,,11.783000,-804000.000000,307084000.000000,307084000.000000,0.000000,-69422000.000000,10.107000,0.115000,0.000000,0.000000,0.000000,0.000000,0.000000,135000.000000,0.000000,0.000000,0.000000,-69422000.000000,-69287000.000000,,-69287000.000000,-69422000.000000,-69422000.000000,-1.720000,-1.720000,-1.720000,475475000.000000,,475475000.000000,6806807876.000000,-25.000000,-25.249000,-59703000.000000,-1.480000,1.000000,0.000000,,0.000000,0.000000,170902000.000000,,0.000000,212613000.000000,212613000.000000,0.000000,54462000.000000,51951000.000000,2511000.000000,171319000.000000,0.000000,334999000.000000,0.000000,0.000000,334820000.000000,-104602000.000000,-103798000.000000,-58899000.000000,0.000000,-69422000.000000,-69422000.000000,-69422000.000000,0.000000,0.000000,,70449000.000000,-70449000.000000,9350000.000000,0.000000,14.962000,-26.336000,-21.918000,4013000.000000,0.000000,155.400000,,,0.000000,-590447000.000000,0.000000,0.000000,50891000.000000,,,,,10245000.000000,19558000.000000,1.000000,45777940.000000,40351306.000000,40351306.000000,0.000000,529937000.000000,0.000000,0.000000,0.000000,13.133000
ARQ,2018-03-31,2018-05-03,2018-03-31,2018-Q1,1057216000.000000,6890394046.000000,2025-04-29,-185000.000000,1100652000.000000,,1095088000.000000,5564000.000000,,23.898000,-652000.000000,558824000.000000,558824000.000000,0.000000,-74598000.000000,28.916000,0.039000,0.000000,0.000000,0.000000,0.000000,0.000000,247000.000000,0.000000,0.000000,0.000000,-74598000.000000,-74351000.000000,,-74351000.000000,-74598000.000000,-74598000.000000,-1.680000,-1.680000,-1.680000,1059276000.000000,,1059276000.000000,6331570046.000000,-22.000000,-22.039000,-79223000.000000,-1.787000,1.000000,0.000000,,0.000000,0.000000,503956000.000000,,0.000000,525958000.000000,525958000.000000,0.000000,41376000.000000,37872000.000000,3504000.000000,251740000.000000,0.000000,644251000.000000,0.000000,0.000000,643112000.000000,-312801000.000000,-312149000.000000,-78571000.000000,0.000000,-74598000.000000,-74598000.000000,-74598000.000000,0.000000,0.000000,,78119000.000000,-78119000.000000,8350000.000000,0.000000,6.505000,-23.930000,-20.432000,4295000.000000,0.000000,148.130000,,,0.000000,-665045000.000000,0.000000,0.000000,49270000.000000,,,,,15817000.000000,28849000.000000,1.000000,46515858.000000,44325371.000000,44325371.000000,0.000000,1100652000.000000,0.000000,0.000000,0.000000,24.831000
ARQ,2018-06-30,2018-08-07,2018-06-30,2018-Q2,1075850000.000000,7055641555.000000,2025-04-29,-145000.000000,1129483000.000000,,1123769000.000000,5714000.000000,,23.157000,-402000.000000,327099000.000000,327099000.000000,0.000000,-16978000.000000,23.451000,0.048000,0.000000,0.000000,0.000000,0.000000,0.000000,246000.000000,0.000000,0.000000,0.000000,-16978000.000000,-16732000.000000,-0.186000,-16732000.000000,-16978000.000000,-16978000.000000,-0.360000,-0.360000,-0.360000,1077763000.000000,,1077763000.000000,6728542555.000000,-29.000000,-28.760000,-537000.000000,-0.012000,1.000000,90000000.000000,1.000000,0.000000,0.000000,754465000.000000,,0.000000,766603000.000000,766603000.000000,0.000000,51720000.000000,47919000.000000,3801000.000000,-231725000.000000,0.000000,6645000.000000,0.000000,0.000000,6540000.000000,-238130000.000000,-237728000.000000,-135000.000000,0.000000,-16978000.000000,-16978000.000000,-16978000.000000,0.000000,0.000000,-0.189000,112147000.000000,-22147000.000000,8338000.000000,0.000000,6.547000,-30.060000,-26.387000,4445000.000000,0.000000,151.200000,78.396000,78.190000,18378000.000000,-682023000.000000,90000000.000000,90000000.000000,68980000.000000,,,,,29028000.000000,43167000.000000,1.000000,46664296.000000,46541716.000000,46541716.000000,1.934000,1129483000.000000,0.000000,0.000000,0.000000,24.268000
ARQ,2018-09-30,2018-11-06,2018-09-30,2018-Q3,985386000.000000,6013748937.000000,2025-04-29,-257000.000000,1046999000.000000,,1039912000.000000,7087000.000000,,21.164000,-998000.000000,255042000.000000,255042000.000000,0.000000,-122918000.000000,19.072000,0.059000,0.000000,0.000000,0.000000,0.000000,0.000000,287000.000000,0.000000,0.000000,0.000000,-122918000.000000,-122631000.000000,,-122631000.000000,-122918000.000000,-122918000.000000,-2.630000,-2.630000,-2.630000,988505000.000000,,988505000.000000,5758706937.000000,-20.000000,-20.349000,-81185000.000000,-1.738000,1.000000,0.000000,,0.000000,0.000000,737431000.000000,,0.000000,768278000.000000,768278000.000000,0.000000,58494000.000000,54526000.000000,3968000.000000,-72057000.000000,0.000000,8078000.000000,0.000000,0.000000,8078000.000000,52000.000000,1050000.000000,-80187000.000000,0.000000,-122918000.000000,-122918000.000000,-122918000.000000,0.000000,0.000000,,128745000.000000,-128745000.000000,5879000.000000,0.000000,6.084000,-21.181000,-20.072000,5168000.000000,0.000000,128.260000,66.819000,66.562000,0.000000,-804941000.000000,0.000000,0.000000,75052000.000000,,,,,25478000.000000,53693000.000000,1.000000,46887174.000000,46706770.000000,46706770.000000,0.000000,1046999000.000000,0.000000,0.000000,0.000000,22.416000
ARQ,2018-12-31,2019-02-19,2018-12-31,2018-Q4,858665000.000000,7202821888.000000,2025-04-29,-515000.000000,952705000.000000,,944695000.000000,8010000.000000,,18.406000,-808000.000000,193310000.000000,193310000.000000,0.000000,-158388000.000000,10.981000,0.104000,0.000000,0.000000,0.000000,0.000000,0.000000,363000.000000,0.000000,0.000000,0.000000,-158388000.000000,-158025000.000000,-578.846000,-158025000.000000,-158388000.000000,-158388000.000000,-3.400000,-3.400000,-3.400000,862971000.000000,,862971000.000000,7009511888.000000,-19.000000,-18.856000,-102586000.000000,-2.188000,1.000000,273000.000000,1.000000,0.000000,0.000000,673365000.000000,,0.000000,731833000.000000,731833000.000000,0.000000,89734000.000000,86030000.000000,3704000.000000,-61732000.000000,0.000000,1628000.000000,0.000000,0.000000,1628000.000000,38418000.000000,39226000.000000,-101778000.000000,0.000000,-158388000.000000,-158388000.000000,-158388000.000000,0.000000,0.000000,-580.176000,164500000.000000,-164227000.000000,34036000.000000,0.000000,8.347000,-19.317000,-18.929000,5643000.000000,0.000000,152.950000,79.789000,78.143000,0.000000,-963329000.000000,273000.000000,273000.000000,88805000.000000,,,,,31640000.000000,75695000.000000,1.000000,47092657.000000,46884748.000000,46884748.000000,0.006000,952705000.000000,0.000000,0.000000,0.000000,20.320000
ARQ,2019-03-31,2019-05-02,2019-03-31,2019-Q1,1303156000.000000,8465966973.000000,2025-04-29,-106000.000000,1422914000.000000,,1371532000.000000,51382000.000000,,27.211000,-1257000.000000,344662000.000000,344662000.000000,0.000000,-163406000.000000,20.059000,0.078000,34528000.000000,0.000000,34528000.000000,34528000.000000,0.000000,415000.000000,0.000000,0.000000,0.000000,-163406000.000000,-162991000.000000,-350.518000,-162991000.000000,-163406000.000000,-163406000.000000,-3.370000,-3.370000,-3.370000,1319534000.000000,,1319534000.000000,8155832973.000000,-18.000000,-17.715000,-151191000.000000,-3.118000,1.000000,465000.000000,1.000000,0.000000,0.000000,1044404000.000000,,0.000000,1008956000.000000,1008956000.000000,0.000000,103380000.000000,68376000.000000,35004000.000000,151352000.000000,0.000000,576958000.000000,0.000000,0.000000,576196000.000000,-274910000.000000,-273653000.000000,-149934000.000000,0.000000,-163406000.000000,-163406000.000000,-163406000.000000,0.000000,0.000000,-351.411000,170317000.000000,-169852000.000000,13556000.000000,0.000000,6.416000,-18.337000,-16.959000,44637000.000000,0.000000,165.520000,93.301000,88.457000,0.000000,-1126735000.000000,465000.000000,465000.000000,86398000.000000,,,,,44116000.000000,83919000.000000,1.000000,51147698.000000,48491834.000000,48491834.000000,0.010000,1422914000.000000,0.000000,0.000000,0.000000,29.343000
ARQ,2019-06-30,2019-08-06,2019-06-30,2019-Q2,1184617000.000000,8385996244.000000,2025-04-29,1575000.000000,1315547000.000000,,1263570000.000000,51977000.000000,,23.467000,-2181000.000000,168552000.000000,168552000.000000,44000.000000,-168221000.000000,16.004000,0.094000,33309000.000000,0.000000,33309000.000000,33309000.000000,0.000000,505000.000000,0.000000,0.000000,0.000000,-168221000.000000,-167716000.000000,-192.115000,-167716000.000000,-168221000.000000,-168221000.000000,-3.280000,-3.280000,-3.280000,1202875000.000000,,1202875000.000000,8250753244.000000,-13.000000,-13.496000,-135525000.000000,-2.644000,1.000000,829000.000000,0.950000,0.000000,0.000000,1101351000.000000,,0.000000,1070364000.000000,1070364000.000000,0.000000,112672000.000000,78953000.000000,33719000.000000,-176110000.000000,0.000000,15601000.000000,0.000000,0.000000,15343000.000000,-58109000.000000,-55928000.000000,-133344000.000000,0.000000,-168221000.000000,-168221000.000000,-168221000.000000,0.000000,0.000000,-192.693000,177286000.000000,-176457000.000000,12431000.000000,0.000000,6.972000,-13.682000,-12.803000,45587000.000000,0.000000,162.340000,5205.460000,5165.218000,0.000000,-1294956000.000000,873000.000000,873000.000000,89059000.000000,,,,,34767000.000000,88227000.000000,1.000000,51656993.000000,51257640.000000,51257640.000000,0.017000,1315547000.000000,0.000000,0.000000,0.000000,25.665000
ARQ,2019-09-30,2019-11-12,2019-09-30,2019-Q3,1061707000.000000,7334771230.000000,2025-04-29,1777000.000000,1203727000.000000,,1152663000.000000,51064000.000000,,20.909000,-1940000.000000,261548000.000000,261548000.000000,137000.000000,-179958000.000000,12.673000,0.113000,31360000.000000,0.000000,31360000.000000,31360000.000000,0.000000,698000.000000,0.000000,0.000000,0.000000,-179958000.000000,-179260000.000000,-50.213000,-179260000.000000,-179958000.000000,-179958000.000000,-3.480000,-3.480000,-3.480000,1081071000.000000,,1081071000.000000,7104583230.000000,-11.000000,-10.636000,-130642000.000000,-2.527000,1.000000,3433000.000000,0.962000,0.000000,0.000000,882583000.000000,,0.000000,863069000.000000,863069000.000000,0.000000,122656000.000000,90956000.000000,31700000.000000,92996000.000000,0.000000,15402000.000000,0.000000,0.000000,13919000.000000,207779000.000000,209719000.000000,-128702000.000000,0.000000,-179958000.000000,-179958000.000000,-179958000.000000,0.000000,0.000000,-50.408000,190610000.000000,-187177000.000000,5041000.000000,0.000000,6.785000,-10.948000,-10.462000,44879000.000000,0.000000,141.550000,1415.706000,1412.623000,0.000000,-1474914000.000000,3570000.000000,3570000.000000,102108000.000000,,,,,43669000.000000,88502000.000000,1.000000,51817529.000000,51704687.000000,51704687.000000,0.069000,1203727000.000000,0.000000,0.000000,0.000000,23.281000
ARQ,2019-12-31,2020-02-27,2019-12-31,2019-Q4,922965000.000000,2699897351.000000,2025-04-29,1295000.000000,1084150000.000000,,1035093000.000000,49057000.000000,,18.220000,-373000.000000,129072000.000000,129072000.000000,219000.000000,-168653000.000000,9.231000,0.148000,37092000.000000,10244000.000000,26848000.000000,37092000.000000,0.000000,665000.000000,0.000000,0.000000,0.000000,-168653000.000000,-167988000.000000,-85.708000,-167988000.000000,-168653000.000000,-168653000.000000,-3.250000,-3.250000,-3.250000,944655000.000000,,944655000.000000,2607917351.000000,-4.000000,-3.847000,-117099000.000000,-2.259000,1.000000,1741000.000000,0.888000,0.000000,0.000000,880042000.000000,,0.000000,881688000.000000,881688000.000000,0.000000,139495000.000000,112128000.000000,27367000.000000,-132476000.000000,0.000000,2166000.000000,0.000000,0.000000,2166000.000000,-17916000.000000,-17543000.000000,-116726000.000000,0.000000,-168653000.000000,-168653000.000000,-168653000.000000,0.000000,0.000000,-86.047000,176379000.000000,-174638000.000000,15266000.000000,0.000000,2.858000,-3.969000,-3.887000,42897000.000000,0.000000,52.010000,393.113000,384.955000,0.000000,-1643567000.000000,1960000.000000,1960000.000000,91250000.000000,,,,,30679000.000000,85129000.000000,1.000000,51911120.000000,51845881.000000,51845881.000000,0.038000,1084150000.000000,0.000000,0.000000,0.000000,20.911000
ARQ,2020-03-31,2020-05-07,2020-03-31,2020-Q1,827876000.000000,2116170302.000000,2025-04-29,-792000.000000,944973000.000000,,898236000.000000,46737000.000000,,16.360000,-276000.000000,201811000.000000,201811000.000000,170000.000000,-126740000.000000,12.766000,0.113000,35221000.000000,10270000.000000,24951000.000000,35221000.000000,0.000000,669000.000000,0.000000,0.000000,0.000000,-126740000.000000,-126071000.000000,-55.149000,-126071000.000000,-126740000.000000,-126740000.000000,-2.440000,-2.440000,-2.440000,849206000.000000,,849206000.000000,1949580302.000000,-3.000000,-3.041000,-136967000.000000,-2.639000,1.000000,2116000.000000,0.926000,0.000000,0.000000,708023000.000000,,0.000000,673313000.000000,673313000.000000,0.000000,95767000.000000,70360000.000000,25407000.000000,72739000.000000,0.000000,3160000.000000,0.000000,0.000000,3160000.000000,206270000.000000,206546000.000000,-136691000.000000,0.000000,-126740000.000000,-126740000.000000,-126740000.000000,0.000000,0.000000,-55.442000,133740000.000000,-131624000.000000,7910000.000000,0.000000,2.492000,-3.288000,-3.274000,40676000.000000,0.000000,40.760000,243.546000,243.503000,0.000000,-1770307000.000000,2286000.000000,2286000.000000,63610000.000000,,,,,31110000.000000,70130000.000000,1.000000,51917819.000000,51908760.000000,51908760.000000,0.044000,944973000.000000,0.000000,0.000000,0.000000,18.204000
ARQ,2020-06-30,2020-08-10,2020-06-30,2020-Q2,721092000.000000,2770748280.000000,2025-04-29,1709000.000000,827242000.000000,,785384000.000000,41858000.000000,,14.249000,-70000.000000,260595000.000000,260595000.000000,110000.000000,-136347000.000000,12.216000,0.118000,31238000.000000,8577000.000000,22661000.000000,31238000.000000,0.000000,662000.000000,0.000000,0.000000,0.000000,-136347000.000000,-135685000.000000,-124.596000,-135685000.000000,-136347000.000000,-136347000.000000,-2.630000,-2.630000,-2.630000,739915000.000000,,739915000.000000,2541391280.000000,-4.000000,-4.173000,-119054000.000000,-2.293000,1.000000,979000.000000,0.899000,0.000000,0.000000,533593000.000000,,0.000000,498294000.000000,498294000.000000,0.000000,87327000.000000,64292000.000000,23035000.000000,58784000.000000,0.000000,386000.000000,0.000000,0.000000,386000.000000,177382000.000000,177452000.000000,-118984000.000000,0.000000,-136347000.000000,-136347000.000000,-136347000.000000,0.000000,0.000000,-125.204000,139946000.000000,-138967000.000000,2387000.000000,0.000000,3.745000,-4.530000,-4.518000,36076000.000000,0.000000,53.310000,311.145000,310.857000,0.000000,-1906654000.000000,1089000.000000,1089000.000000,73320000.000000,,,,,24032000.000000,38224000.000000,1.000000,51974269.000000,51926074.000000,51926074.000000,0.021000,827242000.000000,0.000000,0.000000,0.000000,15.931000
ARQ,2020-09-30,2020-11-05,2020-09-30,2020-Q3,639219000.000000,4065208627.000000,2025-04-29,946000.000000,738628000.000000,,698884000.000000,39744000.000000,,12.650000,1000.000000,186637000.000000,186637000.000000,149000.000000,-105735000.000000,11.713000,0.123000,29689000.000000,8620000.000000,21069000.000000,29689000.000000,0.000000,650000.000000,0.000000,0.000000,0.000000,-105735000.000000,-105085000.000000,-64.115000,-105085000.000000,-105735000.000000,-105735000.000000,-2.030000,-2.030000,-2.030000,657581000.000000,,657581000.000000,3908260627.000000,-7.000000,-7.307000,-91015000.000000,-1.751000,1.000000,1490000.000000,0.909000,0.000000,0.000000,522015000.000000,,0.000000,484267000.000000,484267000.000000,0.000000,81047000.000000,59665000.000000,21382000.000000,-73958000.000000,0.000000,3545000.000000,0.000000,0.000000,3545000.000000,13513000.000000,13512000.000000,-91016000.000000,0.000000,-105735000.000000,-105735000.000000,-105735000.000000,0.000000,0.000000,-64.512000,108648000.000000,-107158000.000000,4289000.000000,0.000000,6.182000,-7.564000,-7.547000,33950000.000000,0.000000,78.110000,582.909000,582.201000,0.000000,-2012389000.000000,1639000.000000,1639000.000000,74078000.000000,,,,,20108000.000000,35099000.000000,1.000000,52044663.000000,51981468.000000,51981468.000000,0.032000,738628000.000000,0.000000,0.000000,0.000000,14.209000
ARQ,2020-12-31,2021-02-24,2020-12-31,2020-Q4,2055166000.000000,4964799582.000000,2025-04-29,415000.000000,2159246000.000000,,2122370000.000000,36876000.000000,,39.764000,0.000000,1662798000.000000,1662798000.000000,136000.000000,974895000.000000,31.581000,0.042000,28100000.000000,8662000.000000,19438000.000000,28100000.000000,0.000000,649000.000000,0.000000,0.000000,0.000000,974895000.000000,975544000.000000,0.880000,975544000.000000,974895000.000000,974895000.000000,18.760000,18.530000,18.760000,2072334000.000000,,2072334000.000000,3330101582.000000,5.000000,5.471000,1010971000.000000,19.398000,1.000000,1109050000.000000,1.000000,0.000000,0.000000,457344000.000000,,0.000000,438467000.000000,438467000.000000,0.000000,86912000.000000,67204000.000000,19708000.000000,1476161000.000000,0.000000,419671000.000000,0.000000,0.000000,419671000.000000,45519000.000000,45519000.000000,1010971000.000000,0.000000,974895000.000000,974895000.000000,974895000.000000,0.000000,0.000000,0.879000,135074000.000000,973976000.000000,3691000.000000,0.000000,2.396000,8.192000,7.293000,31819000.000000,0.000000,85.040000,4.456000,3.968000,0.000000,-1037494000.000000,1109186000.000000,1109186000.000000,81706000.000000,,,,,20744000.000000,53498000.000000,1.000000,58381933.000000,52115983.000000,56195691.000000,21.283000,2159246000.000000,0.000000,0.000000,0.000000,41.432000
ARQ,2021-03-31,2021-05-04,2021-03-31,2021-Q1,1989855000.000000,4160268481.000000,2025-04-29,-236000.000000,2080698000.000000,,2051866000.000000,28832000.000000,,34.318000,0.000000,900519000.000000,900519000.000000,187000.000000,-95764000.000000,33.089000,0.039000,22717000.000000,7306000.000000,15411000.000000,22717000.000000,0.000000,2582000.000000,0.000000,0.000000,0.000000,-95764000.000000,-93182000.000000,-58.864000,-93182000.000000,-95764000.000000,-95764000.000000,-1.640000,-1.640000,-1.640000,2003276000.000000,,2003276000.000000,3282466481.000000,5.000000,5.116000,-109086000.000000,-1.869000,1.000000,1396000.000000,0.882000,0.000000,0.000000,1140885000.000000,,0.000000,1104767000.000000,1104767000.000000,0.000000,77422000.000000,62011000.000000,15411000.000000,-762279000.000000,0.000000,5623000.000000,0.000000,0.000000,5623000.000000,-658816000.000000,-658816000.000000,-109086000.000000,0.000000,-95764000.000000,-95764000.000000,-95764000.000000,0.000000,0.000000,-60.495000,97903000.000000,-96507000.000000,3285000.000000,0.000000,2.077000,6.531000,5.709000,24171000.000000,0.000000,71.140000,3.736000,3.729000,24766000.000000,-1133258000.000000,1583000.000000,1583000.000000,58056000.000000,,,,,21976000.000000,39847000.000000,1.000000,58480018.000000,58374219.000000,58374219.000000,0.027000,2080698000.000000,0.000000,0.000000,0.000000,35.644000
ARQ,2021-06-30,2021-08-03,2021-06-30,2021-Q2,1916701000.000000,2455953666.000000,2025-04-29,-285000.000000,2015475000.000000,,1988599000.000000,26876000.000000,,32.937000,0.000000,515427000.000000,515427000.000000,148000.000000,-107245000.000000,27.659000,0.045000,21322000.000000,7358000.000000,13964000.000000,21322000.000000,0.000000,893000.000000,0.000000,0.000000,0.000000,-107245000.000000,-106352000.000000,-64.730000,-106352000.000000,-107245000.000000,-107245000.000000,-1.830000,-1.830000,-1.830000,1929512000.000000,,1929512000.000000,1961848666.000000,3.000000,2.924000,-102769000.000000,-1.754000,1.000000,1495000.000000,0.910000,0.000000,0.000000,1449472000.000000,,0.000000,1397157000.000000,1397157000.000000,0.000000,85963000.000000,71898000.000000,14065000.000000,-385092000.000000,0.000000,6861000.000000,0.000000,0.000000,6065000.000000,-288388000.000000,-288388000.000000,-102769000.000000,0.000000,-107245000.000000,-107245000.000000,-107245000.000000,0.000000,0.000000,-65.274000,109516000.000000,-108021000.000000,2917000.000000,0.000000,1.273000,3.687000,3.149000,22008000.000000,0.000000,41.760000,2.205000,2.196000,48438000.000000,-1240503000.000000,1643000.000000,1643000.000000,66170000.000000,,,,,27663000.000000,43346000.000000,1.000000,58811151.000000,58582569.000000,58582569.000000,0.028000,2015475000.000000,0.000000,0.000000,0.000000,34.404000
ARQ,2021-09-30,2021-11-02,2021-09-30,2021-Q3,1822755000.000000,2566642691.000000,2025-04-29,-306000.000000,1927180000.000000,,1901697000.000000,25483000.000000,,31.208000,0.000000,423434000.000000,423434000.000000,131000.000000,-130171000.000000,24.090000,0.050000,19895000.000000,7414000.000000,12481000.000000,19895000.000000,0.000000,374000.000000,0.000000,0.000000,0.000000,-130171000.000000,-129797000.000000,-90.137000,-129797000.000000,-130171000.000000,-130171000.000000,-2.210000,-2.210000,-2.210000,1835654000.000000,,1835654000.000000,2163103691.000000,3.000000,3.347000,-68826000.000000,-1.170000,1.000000,1309000.000000,0.909000,0.000000,0.000000,1444699000.000000,,0.000000,1421004000.000000,1421004000.000000,0.000000,91526000.000000,78942000.000000,12584000.000000,-91993000.000000,0.000000,1816000.000000,0.000000,0.000000,1816000.000000,-24983000.000000,-24983000.000000,-68826000.000000,0.000000,-130171000.000000,-130171000.000000,-130171000.000000,0.000000,0.000000,-90.397000,132203000.000000,-130894000.000000,4733000.000000,0.000000,1.398000,4.000000,3.331000,20339000.000000,0.000000,43.570000,2.304000,2.301000,24185000.000000,-1370674000.000000,1440000.000000,1440000.000000,83497000.000000,,,,,34342000.000000,48706000.000000,1.000000,58908485.000000,58819548.000000,58819548.000000,0.024000,1927180000.000000,0.000000,0.000000,0.000000,32.764000
ARQ,2021-12-31,2022-02-24,2021-12-31,2021-Q4,1715450000.000000,2049755628.000000,2025-04-29,-2660000.000000,1825288000.000000,,1800643000.000000,24645000.000000,,29.356000,-372000.000000,295502000.000000,295502000.000000,87000.000000,-124712000.000000,21.136000,0.056000,18432000.000000,7468000.000000,10964000.000000,18432000.000000,0.000000,333000.000000,0.000000,0.000000,0.000000,-124712000.000000,-124379000.000000,-75.748000,-124379000.000000,-124712000.000000,-124712000.000000,-2.110000,-2.110000,-2.110000,1729031000.000000,,1729031000.000000,1772685628.000000,-4.000000,-3.907000,-97873000.000000,-1.662000,1.000000,1555000.000000,0.947000,0.000000,0.000000,1463025000.000000,,0.000000,1448063000.000000,1448063000.000000,0.000000,96257000.000000,85193000.000000,11064000.000000,-127932000.000000,0.000000,419000.000000,0.000000,0.000000,-170000.000000,-30261000.000000,-29889000.000000,-97501000.000000,0.000000,-124712000.000000,-124712000.000000,-124712000.000000,0.000000,0.000000,-75.951000,127042000.000000,-125487000.000000,10450000.000000,0.000000,1.185000,-4.477000,-4.450000,19125000.000000,0.000000,34.710000,324.945000,322.835000,18506000.000000,-1495386000.000000,1642000.000000,1642000.000000,75443000.000000,,,,,20648000.000000,51599000.000000,1.000000,59053749.000000,58899691.000000,58899691.000000,0.028000,1825288000.000000,0.000000,0.000000,0.000000,30.990000
ARQ,2022-03-31,2022-05-03,2022-03-31,2022-Q1,1604541000.000000,1936779026.000000,2025-04-29,-11201000.000000,1705703000.000000,,1682244000.000000,23459000.000000,,27.419000,-169000.000000,179943000.000000,179943000.000000,286000.000000,-122055000.000000,21.650000,0.054000,16919000.000000,7523000.000000,9396000.000000,16919000.000000,0.000000,275000.000000,0.000000,0.000000,0.000000,-122055000.000000,-121780000.000000,-76.979000,-121780000.000000,-122055000.000000,-122055000.000000,-2.070000,-2.070000,-2.070000,1618502000.000000,,1618502000.000000,1773755026.000000,-4.000000,-3.678000,-107969000.000000,-1.829000,1.000000,1296000.000000,0.819000,0.000000,0.000000,1464976000.000000,,0.000000,1446567000.000000,1446567000.000000,0.000000,87201000.000000,77703000.000000,9498000.000000,-115559000.000000,0.000000,1799000.000000,0.000000,0.000000,1799000.000000,-9558000.000000,-9389000.000000,-107800000.000000,0.000000,-122055000.000000,-122055000.000000,-122055000.000000,0.000000,0.000000,-77.152000,124495000.000000,-123199000.000000,7129000.000000,0.000000,1.197000,-4.000000,-3.989000,17599000.000000,0.000000,32.790000,307.084000,306.890000,19797000.000000,-1617441000.000000,1582000.000000,1582000.000000,78018000.000000,,,,,18553000.000000,46477000.000000,1.000000,59066149.000000,59028858.000000,59028858.000000,0.027000,1705703000.000000,0.000000,0.000000,0.000000,28.896000
ARQ,2022-06-30,2022-08-02,2022-06-30,2022-Q2,1489643000.000000,2094637591.000000,2025-04-29,-13872000.000000,1601377000.000000,,1578884000.000000,22493000.000000,,25.381000,-122000.000000,207779000.000000,207779000.000000,200000.000000,-126260000.000000,17.692000,0.065000,15363000.000000,7563000.000000,7800000.000000,15363000.000000,0.000000,279000.000000,0.000000,0.000000,0.000000,-126260000.000000,-125981000.000000,-83.931000,-125981000.000000,-126260000.000000,-126260000.000000,-2.130000,-2.130000,-2.130000,1504236000.000000,,1504236000.000000,1902221591.000000,-4.000000,-3.790000,-106561000.000000,-1.798000,1.000000,1301000.000000,0.867000,0.000000,0.000000,1319720000.000000,,0.000000,1307197000.000000,1307197000.000000,0.000000,97141000.000000,89241000.000000,7900000.000000,27836000.000000,0.000000,37000.000000,0.000000,0.000000,13000.000000,134262000.000000,134384000.000000,-106439000.000000,0.000000,-126260000.000000,-126260000.000000,-126260000.000000,0.000000,0.000000,-84.117000,129708000.000000,-128407000.000000,5410000.000000,0.000000,1.392000,-4.163000,-4.137000,16317000.000000,0.000000,35.250000,339.763000,338.871000,23722000.000000,-1743701000.000000,1501000.000000,1501000.000000,77297000.000000,,,,,14636000.000000,52411000.000000,1.000000,59422343.000000,59266322.000000,59266322.000000,0.025000,1601377000.000000,0.000000,0.000000,0.000000,27.020000
ARQ,2022-09-30,2022-11-08,2022-09-30,2022-Q3,1365417000.000000,2017431503.000000,2025-04-29,-14883000.000000,1486073000.000000,,1465104000.000000,20969000.000000,,23.223000,-364000.000000,201095000.000000,201095000.000000,184000.000000,-137323000.000000,14.697000,0.077000,13767000.000000,7603000.000000,6164000.000000,13767000.000000,0.000000,278000.000000,0.000000,0.000000,0.000000,-137323000.000000,-137045000.000000,-78.807000,-137045000.000000,-137323000.000000,-137323000.000000,-2.310000,-2.310000,-2.310000,1380122000.000000,,1380122000.000000,1830103503.000000,-4.000000,-3.594000,-119229000.000000,-2.006000,1.000000,1555000.000000,0.894000,0.000000,0.000000,1199058000.000000,,0.000000,1193813000.000000,1193813000.000000,0.000000,105951000.000000,99687000.000000,6264000.000000,-6684000.000000,0.000000,1244000.000000,0.000000,0.000000,1229000.000000,110952000.000000,111316000.000000,-118865000.000000,0.000000,-137323000.000000,-137323000.000000,-137323000.000000,0.000000,0.000000,-78.967000,143035000.000000,-141480000.000000,7077000.000000,0.000000,1.462000,-3.953000,-3.934000,14791000.000000,0.000000,33.910000,312.103000,311.759000,18448000.000000,-1881024000.000000,1739000.000000,1739000.000000,81553000.000000,,,,,13169000.000000,61482000.000000,1.000000,59493704.000000,59428123.000000,59428123.000000,0.029000,1486073000.000000,0.000000,0.000000,0.000000,25.006000
ARQ,2022-12-31,2023-02-16,2022-12-31,2022-Q4,1237721000.000000,2690875416.000000,2025-04-29,-10206000.000000,1356449000.000000,,1336980000.000000,19469000.000000,,21.053000,-282000.000000,163969000.000000,163969000.000000,143000.000000,-147146000.000000,13.470000,0.083000,12134000.000000,7643000.000000,4491000.000000,12134000.000000,0.000000,290000.000000,0.000000,0.000000,0.000000,-147146000.000000,-146856000.000000,-51.259000,-146856000.000000,-147146000.000000,-147146000.000000,-2.470000,-2.470000,-2.470000,1252599000.000000,,1252599000.000000,2539040416.000000,-5.000000,-4.776000,-127214000.000000,-2.138000,1.000000,2722000.000000,0.950000,0.000000,0.000000,1105355000.000000,,0.000000,1109794000.000000,1109794000.000000,0.000000,103850000.000000,99259000.000000,4591000.000000,-37126000.000000,0.000000,33000.000000,0.000000,0.000000,29000.000000,89777000.000000,90059000.000000,-126932000.000000,0.000000,-147146000.000000,-147146000.000000,-147146000.000000,0.000000,0.000000,-51.360000,156624000.000000,-153902000.000000,18950000.000000,0.000000,2.148000,-5.051000,-5.018000,13430000.000000,0.000000,45.060000,350.101000,347.688000,13660000.000000,-2028170000.000000,2865000.000000,2865000.000000,89295000.000000,,,,,15244000.000000,67329000.000000,1.000000,59717608.000000,59496687.000000,59496687.000000,0.048000,1356449000.000000,0.000000,0.000000,0.000000,22.799000
ARQ,2023-03-31,2023-05-02,2023-03-31,2023-Q1,1118745000.000000,2722163928.000000,2025-04-29,-5088000.000000,1220686000.000000,,1203437000.000000,17249000.000000,,18.989000,-225000.000000,207826000.000000,207826000.000000,230000.000000,-146828000.000000,14.210000,0.077000,10447000.000000,7684000.000000,2763000.000000,10447000.000000,0.000000,323000.000000,0.000000,0.000000,0.000000,-146828000.000000,-146505000.000000,-44.476000,-146505000.000000,-146828000.000000,-146828000.000000,-2.460000,-2.460000,-2.460000,1133129000.000000,,1133129000.000000,2524784928.000000,-5.000000,-4.538000,-153907000.000000,-2.579000,1.000000,3064000.000000,0.930000,0.000000,0.000000,938615000.000000,,0.000000,923028000.000000,923028000.000000,0.000000,87557000.000000,84692000.000000,2865000.000000,43857000.000000,0.000000,3301000.000000,0.000000,0.000000,2672000.000000,194867000.000000,195092000.000000,-153682000.000000,0.000000,-146828000.000000,-146828000.000000,-146828000.000000,0.000000,0.000000,-44.574000,158534000.000000,-155470000.000000,12263000.000000,0.000000,2.402000,-4.882000,-4.861000,11725000.000000,0.000000,45.550000,289.623000,289.196000,15002000.000000,-2174998000.000000,3294000.000000,3294000.000000,92826000.000000,,,,,20038000.000000,65708000.000000,1.000000,59762106.000000,59674127.000000,59674127.000000,0.055000,1220686000.000000,0.000000,0.000000,0.000000,20.456000
ARQ,2023-06-30,2023-08-07,2023-06-30,2023-Q2,967220000.000000,1003056045.000000,2025-04-29,-5644000.000000,1082288000.000000,,1064027000.000000,18261000.000000,,16.469000,-112000.000000,122748000.000000,122748000.000000,205000.000000,-160325000.000000,10.991000,0.099000,8728000.000000,7725000.000000,1003000.000000,8728000.000000,0.000000,331000.000000,0.000000,0.000000,0.000000,-160325000.000000,-159994000.000000,-64.670000,-159994000.000000,-160325000.000000,-160325000.000000,-2.680000,-2.680000,-2.680000,984376000.000000,,984376000.000000,889036045.000000,-2.000000,-1.506000,-131630000.000000,-2.202000,1.000000,2269000.000000,0.917000,0.000000,0.000000,871461000.000000,,0.000000,881200000.000000,881200000.000000,0.000000,97912000.000000,96807000.000000,1105000.000000,-85078000.000000,0.000000,855000.000000,0.000000,0.000000,847000.000000,45593000.000000,45705000.000000,-131518000.000000,0.000000,-160325000.000000,-160325000.000000,-160325000.000000,0.000000,0.000000,-64.804000,172726000.000000,-170457000.000000,9283000.000000,0.000000,1.019000,-1.695000,-1.689000,10040000.000000,0.000000,16.750000,96.708000,96.523000,15090000.000000,-2335323000.000000,2474000.000000,2474000.000000,97161000.000000,,,,,11693000.000000,75565000.000000,1.000000,59883943.000000,59769640.000000,59769640.000000,0.041000,1082288000.000000,0.000000,0.000000,0.000000,18.108000
ARQ,2023-09-30,2023-11-07,2023-09-30,2023-Q3,800266000.000000,1177162339.000000,2025-04-29,-3735000.000000,949663000.000000,,933270000.000000,16393000.000000,,13.631000,-328000.000000,150044000.000000,150044000.000000,905000.000000,-201630000.000000,7.017000,0.163000,6967000.000000,6967000.000000,0.000000,6967000.000000,0.000000,330000.000000,0.000000,0.000000,0.000000,-201630000.000000,-201300000.000000,-74.116000,-201300000.000000,-201630000.000000,-201630000.000000,-3.370000,-3.370000,-3.370000,816659000.000000,,816659000.000000,1034085339.000000,-2.000000,-1.580000,-136194000.000000,-2.273000,1.000000,1811000.000000,0.667000,0.000000,0.000000,673582000.000000,,0.000000,727340000.000000,727340000.000000,0.000000,133004000.000000,133004000.000000,0.000000,27296000.000000,0.000000,2774000.000000,0.000000,0.000000,2770000.000000,160392000.000000,160720000.000000,-135866000.000000,0.000000,-201630000.000000,-201630000.000000,-201630000.000000,0.000000,0.000000,-74.238000,213660000.000000,-211849000.000000,11136000.000000,0.000000,1.441000,-1.795000,-1.788000,8468000.000000,0.000000,19.630000,103.724000,103.629000,22513000.000000,-2536953000.000000,2716000.000000,2716000.000000,101919000.000000,,,,,28691000.000000,78142000.000000,1.000000,59967516.000000,59912378.000000,59912378.000000,0.045000,949663000.000000,0.000000,0.000000,0.000000,15.851000
ARQ,2023-12-31,2024-02-14,2023-12-31,2023-Q4,786603000.000000,1547747190.000000,2025-04-29,-814000.000000,882277000.000000,,869350000.000000,12927000.000000,,13.328000,112000.000000,72324000.000000,72324000.000000,820000.000000,-32706000.000000,10.506000,0.103000,5165000.000000,5165000.000000,0.000000,5165000.000000,0.000000,409000.000000,0.000000,0.000000,0.000000,-32706000.000000,-32297000.000000,-0.414000,-32297000.000000,-32706000.000000,-32706000.000000,-0.540000,-0.540000,-0.540000,799530000.000000,,799530000.000000,1480588190.000000,-3.000000,-2.741000,-119407000.000000,-1.991000,1.000000,77152000.000000,0.989000,0.000000,0.000000,732371000.000000,,0.000000,682192000.000000,682192000.000000,0.000000,82747000.000000,82747000.000000,0.000000,-77720000.000000,0.000000,0.000000,0.000000,0.000000,-262000.000000,42061000.000000,41949000.000000,-119519000.000000,0.000000,-32706000.000000,-32706000.000000,-32706000.000000,0.000000,0.000000,-0.419000,119226000.000000,-42074000.000000,10318000.000000,0.000000,1.936000,-2.858000,-2.845000,6379000.000000,0.000000,25.750000,17.902000,17.822000,83009000.000000,-2569659000.000000,77972000.000000,77972000.000000,64330000.000000,,,,,12945000.000000,55109000.000000,1.000000,60106687.000000,59987002.000000,59987002.000000,1.300000,882277000.000000,0.000000,0.000000,0.000000,14.708000
ARQ,2024-03-31,2024-04-25,2024-03-31,2024-Q1,693643000.000000,817271981.000000,2025-04-29,-787000.000000,767600000.000000,,755442000.000000,12158000.000000,,11.737000,0.000000,175485000.000000,175485000.000000,1269000.000000,-108483000.000000,12.224000,0.088000,3306000.000000,3306000.000000,0.000000,3306000.000000,0.000000,336000.000000,0.000000,0.000000,0.000000,-108483000.000000,-108147000.000000,-13.686000,-108147000.000000,-108483000.000000,-108483000.000000,-1.800000,-1.800000,-1.800000,705801000.000000,,705801000.000000,645092981.000000,-1.000000,-1.286000,-37832000.000000,-0.629000,1.000000,6633000.000000,0.839000,0.000000,0.000000,533622000.000000,,0.000000,544360000.000000,544360000.000000,0.000000,61799000.000000,61799000.000000,0.000000,103161000.000000,0.000000,1559000.000000,0.000000,0.000000,1557000.000000,139436000.000000,139436000.000000,-37832000.000000,0.000000,-108483000.000000,-108483000.000000,-108483000.000000,0.000000,0.000000,-13.729000,124308000.000000,-117675000.000000,6479000.000000,0.000000,1.158000,-1.624000,-1.619000,4442000.000000,0.000000,13.580000,8.975000,8.968000,10509000.000000,-2678142000.000000,7902000.000000,7902000.000000,71734000.000000,,,,,13698000.000000,52574000.000000,1.000000,60182031.000000,60136198.000000,60136198.000000,0.131000,767600000.000000,0.000000,0.000000,0.000000,12.764000
ARQ,2024-06-30,2024-07-31,2024-06-30,2024-Q2,617768000.000000,668502077.000000,2025-04-29,-691000.000000,697105000.000000,,686811000.000000,10294000.000000,,10.375000,0.000000,101233000.000000,101233000.000000,1407000.000000,-102854000.000000,9.948000,0.110000,1411000.000000,1411000.000000,0.000000,1411000.000000,0.000000,311000.000000,0.000000,0.000000,0.000000,-102854000.000000,-102543000.000000,-11.849000,-102543000.000000,-102854000.000000,-102854000.000000,-1.700000,-1.700000,-1.700000,628062000.000000,,628062000.000000,568680077.000000,-1.000000,-1.280000,-80437000.000000,-1.329000,1.000000,7247000.000000,0.837000,0.000000,0.000000,528240000.000000,,0.000000,546892000.000000,546892000.000000,0.000000,69043000.000000,69043000.000000,0.000000,-72752000.000000,0.000000,8189000.000000,0.000000,0.000000,8071000.000000,-386000.000000,-386000.000000,-80437000.000000,0.000000,-102854000.000000,-102854000.000000,-102854000.000000,0.000000,0.000000,-11.885000,118547000.000000,-111300000.000000,8650000.000000,0.000000,1.064000,-1.500000,-1.478000,2494000.000000,0.000000,10.950000,6.874000,6.817000,9943000.000000,-2780996000.000000,8654000.000000,8654000.000000,62564000.000000,,,,,17167000.000000,55983000.000000,1.000000,61050418.000000,60538319.000000,60538319.000000,0.143000,697105000.000000,0.000000,0.000000,0.000000,11.515000
ARQ,2024-09-30,2024-10-29,2024-09-30,2024-Q3,544581000.000000,518749270.000000,2025-04-29,901000.000000,622432000.000000,,604987000.000000,17445000.000000,,9.029000,0.000000,100959000.000000,100959000.000000,5278000.000000,-93551000.000000,10.015000,0.128000,10274000.000000,83000.000000,10191000.000000,10274000.000000,0.000000,255000.000000,0.000000,0.000000,0.000000,-93551000.000000,-93296000.000000,-7.859000,-93296000.000000,-93551000.000000,-93551000.000000,-1.530000,-1.530000,-1.530000,551835000.000000,,551835000.000000,428064270.000000,-1.000000,-1.273000,-82365000.000000,-1.348000,1.000000,6593000.000000,0.555000,0.000000,0.000000,471341000.000000,,0.000000,469527000.000000,469527000.000000,0.000000,70597000.000000,60406000.000000,10191000.000000,-274000.000000,0.000000,1436000.000000,0.000000,0.000000,1037000.000000,81054000.000000,81054000.000000,-82365000.000000,0.000000,-93551000.000000,-93551000.000000,-93551000.000000,0.000000,0.000000,-7.881000,107795000.000000,-101202000.000000,7126000.000000,0.000000,0.940000,-1.537000,-1.522000,12270000.000000,0.000000,8.480000,4.876000,4.871000,14871000.000000,-2874547000.000000,11871000.000000,11871000.000000,54576000.000000,,,,,14207000.000000,53219000.000000,1.000000,61173263.000000,61116524.000000,61116524.000000,0.194000,622432000.000000,0.000000,0.000000,0.000000,10.184000
ARQ,2024-12-31,2025-02-11,2024-12-31,2024-Q4,459686000.000000,442048009.000000,2025-04-29,244000.000000,547222000.000000,,531301000.000000,15921000.000000,,7.591000,0.000000,82471000.000000,82471000.000000,1489000.000000,-95778000.000000,7.419000,0.177000,11836000.000000,1318000.000000,10518000.000000,11836000.000000,0.000000,129000.000000,0.000000,0.000000,0.000000,-95778000.000000,-95649000.000000,-7.463000,-95649000.000000,-95778000.000000,-95778000.000000,-1.560000,-1.560000,-1.560000,465089000.000000,,465089000.000000,371413009.000000,-1.000000,-0.929000,-66560000.000000,-1.086000,1.000000,11327000.000000,0.884000,0.000000,0.000000,404972000.000000,,0.000000,423397000.000000,423397000.000000,0.000000,82133000.000000,71615000.000000,10518000.000000,-19988000.000000,0.000000,-1000.000000,0.000000,0.000000,-2000.000000,46574000.000000,46574000.000000,-66560000.000000,0.000000,-95778000.000000,-95778000.000000,-95778000.000000,0.000000,0.000000,-7.473000,113521000.000000,-102194000.000000,12699000.000000,0.000000,0.950000,-1.103000,-1.091000,11643000.000000,0.000000,7.190000,10.718000,10.593000,9134000.000000,-2970325000.000000,12816000.000000,12816000.000000,37022000.000000,,,,,9432000.000000,54645000.000000,1.000000,61480947.000000,61266925.000000,61266925.000000,0.209000,547222000.000000,0.000000,0.000000,0.000000,8.932000
ARQ,2025-03-31,2025-04-29,2025-03-31,2025-Q1,404698000.000000,475917274.000000,2025-04-29,142000.000000,469669000.000000,,454476000.000000,15193000.000000,,6.626000,0.000000,46674000.000000,46674000.000000,655000.000000,-62214000.000000,9.130000,0.146000,11855000.000000,1812000.000000,10043000.000000,11855000.000000,0.000000,112000.000000,0.000000,0.000000,0.000000,-62214000.000000,-62102000.000000,-4.416000,-62102000.000000,-62214000.000000,-62214000.000000,-1.010000,-1.010000,-1.010000,409848000.000000,,409848000.000000,441098274.000000,-1.000000,-1.247000,-81728000.000000,-1.321000,1.000000,13408000.000000,0.953000,0.000000,0.000000,385072000.000000,,0.000000,378630000.000000,378630000.000000,0.000000,59821000.000000,49778000.000000,10043000.000000,-35797000.000000,0.000000,242000.000000,0.000000,0.000000,148000.000000,45783000.000000,45783000.000000,-81728000.000000,0.000000,-62214000.000000,-62214000.000000,-62214000.000000,0.000000,0.000000,-4.424000,80863000.000000,-67455000.000000,5435000.000000,0.000000,1.161000,-1.343000,-1.310000,11135000.000000,0.000000,7.600000,10.040000,9.917000,10729000.000000,-3032539000.000000,14063000.000000,14063000.000000,22759000.000000,,,,,6927000.000000,57591000.000000,1.000000,62620694.000000,61857573.000000,61857573.000000,0.227000,469669000.000000,0.000000,0.000000,0.000000,7.593000
ART,2014-03-31,2014-07-17,2014-03-31,2014-Q1,53572000.000000,,2025-04-29,0.000000,56777000.000000,,56660000.000000,117000.000000,,-22.604000,,55464000.000000,55464000.000000,,,18.348000,-0.084000,0.000000,0.000000,0.000000,0.000000,0.000000,,0.000000,,0.000000,,,,,,,,,,-37358000.000000,,-37358000.000000,,,,,,1.000000,,,0.000000,,-1775000.000000,,0.000000,0.000000,0.000000,0.000000,3124000.000000,3088000.000000,36000.000000,,,,,,,,,,,,,,,,,,,1626000.000000,,,,,78000.000000,,,,,0.000000,-37465000.000000,,,,,,,,,,1.000000,24961926.000000,1652726.000000,,,56777000.000000,0.000000,,0.000000,34.354000
ART,2014-06-30,2014-08-14,2014-06-30,2014-Q2,47612000.000000,740760588.000000,2025-04-29,0.000000,51651000.000000,,51543000.000000,108000.000000,,-26.340000,,49166000.000000,49166000.000000,,,13.112000,-0.089000,0.000000,0.000000,0.000000,0.000000,0.000000,,0.000000,0.000000,0.000000,,,,,,,,,,-44792000.000000,,-44792000.000000,691594588.000000,,,,,1.000000,,,0.000000,,-1446000.000000,,0.000000,0.000000,0.000000,0.000000,3971000.000000,3931000.000000,40000.000000,,,,,,,,,,,,,,,,,,,1862000.000000,,-16.538000,,,69000.000000,,28.810000,,,0.000000,-44792000.000000,,,,,,,,,,1.000000,25711926.000000,1700517.000000,,,51651000.000000,0.000000,,0.000000,30.374000
ART,2014-09-30,2014-11-13,2014-09-30,2014-Q3,132780000.000000,904289362.000000,2025-04-29,0.000000,137963000.000000,,137790000.000000,173000.000000,,6.788000,,136766000.000000,136766000.000000,,,27.503000,0.038000,0.000000,0.000000,0.000000,0.000000,0.000000,,0.000000,0.000000,0.000000,,,,,,,,,,132919000.000000,,132919000.000000,767523362.000000,,,,,1.000000,,,0.000000,,-3813000.000000,,0.000000,0.000000,0.000000,0.000000,5044000.000000,5010000.000000,34000.000000,,,,,,,,,,,,,,,,,,,2157000.000000,,6.803000,,,134000.000000,,35.060000,,,0.000000,-54484000.000000,,,,,,,,,,1.000000,25792623.000000,19581624.000000,,,137963000.000000,0.000000,,0.000000,7.046000
ART,2014-12-31,2015-03-06,2014-12-31,2014-Q4,121065000.000000,1109257410.000000,2025-04-29,0.000000,129665000.000000,94014000.000000,128822000.000000,843000.000000,0.000000,5.650000,-128000.000000,127805000.000000,127805000.000000,0.000000,-33811000.000000,16.607000,0.064000,0.000000,0.000000,0.000000,0.000000,0.000000,51000.000000,0.000000,0.000000,0.000000,-33811000.000000,-33760000.000000,,-33760000.000000,-33811000.000000,-33811000.000000,-1.670000,-1.670000,-1.670000,121885000.000000,43163500.000000,121885000.000000,981452410.000000,-29.000000,-29.071000,-27170000.000000,-1.259000,1.000000,0.000000,,0.000000,0.000000,-5897000.000000,-3232750.000000,0.000000,0.000000,0.000000,0.000000,7780000.000000,7757000.000000,23000.000000,119700000.000000,0.000000,96295000.000000,0.000000,0.000000,146870000.000000,-128000.000000,0.000000,-27042000.000000,0.000000,-33811000.000000,-36105000.000000,-36105000.000000,0.000000,0.000000,,33810000.000000,-33810000.000000,2429000.000000,0.000000,9.101000,-30.723000,-25.737000,163000.000000,2294000.000000,42.980000,,,0.000000,-66845000.000000,0.000000,0.000000,24100000.000000,-0.384000,-0.836000,10.459000,,2639000.000000,9710000.000000,1.000000,25808688.000000,21574347.000000,21574347.000000,0.000000,129665000.000000,641000.000000,0.000000,641000.000000,6.010000
ART,2014-12-31,2015-04-13,2014-12-31,2014-Q4,121065000.000000,1348503948.000000,2025-04-29,0.000000,129665000.000000,94014000.000000,128822000.000000,843000.000000,0.000000,5.650000,-128000.000000,127805000.000000,127805000.000000,0.000000,-33811000.000000,16.607000,0.064000,0.000000,0.000000,0.000000,0.000000,0.000000,51000.000000,0.000000,0.000000,0.000000,-33811000.000000,-33760000.000000,,-33760000.000000,-33811000.000000,-33811000.000000,-1.670000,-1.670000,-1.670000,121885000.000000,43163500.000000,121885000.000000,1220698948.000000,-36.000000,-36.158000,-27170000.000000,-1.259000,1.000000,0.000000,,0.000000,0.000000,-5897000.000000,-3232750.000000,0.000000,0.000000,0.000000,0.000000,7780000.000000,7757000.000000,23000.000000,119700000.000000,0.000000,96295000.000000,0.000000,0.000000,146870000.000000,-128000.000000,0.000000,-27042000.000000,0.000000,-33811000.000000,-36105000.000000,-36105000.000000,0.000000,0.000000,,33810000.000000,-33810000.000000,2429000.000000,0.000000,11.064000,-37.350000,-31.287000,163000.000000,2294000.000000,52.250000,,,0.000000,-66845000.000000,0.000000,0.000000,24100000.000000,-0.384000,-0.836000,10.459000,,2639000.000000,9710000.000000,1.000000,25808688.000000,21574347.000000,21574347.000000,0.000000,129665000.000000,641000.000000,0.000000,641000.000000,6.010000
ART,2015-03-31,2015-05-15,2015-03-31,2015-Q1,105584000.000000,1657749714.000000,2025-04-29,0.000000,115478000.000000,108689250.000000,114529000.000000,949000.000000,0.000000,4.151000,-235000.000000,113201000.000000,113201000.000000,0.000000,-44892000.000000,12.804000,0.084000,0.000000,0.000000,0.000000,0.000000,0.000000,62000.000000,0.000000,0.000000,0.000000,-44892000.000000,-44830000.000000,,-44830000.000000,-44892000.000000,-44892000.000000,-4.320000,-4.320000,-4.320000,106510000.000000,79130500.000000,106510000.000000,1544548714.000000,-34.000000,-34.453000,-36267000.000000,-1.414000,1.000000,0.000000,,0.000000,0.000000,-6668000.000000,-4456000.000000,0.000000,0.000000,0.000000,0.000000,8968000.000000,8945000.000000,23000.000000,57737000.000000,0.000000,96440000.000000,0.000000,0.000000,94004000.000000,-235000.000000,0.000000,-36032000.000000,0.000000,-44892000.000000,-46860000.000000,-46860000.000000,0.000000,0.000000,,44916000.000000,-44916000.000000,2782000.000000,0.000000,15.564000,-35.377000,-13.528000,269000.000000,1968000.000000,58.440000,,,0.000000,-83716000.000000,0.000000,0.000000,32827000.000000,-0.431000,-0.592000,10.075000,,3828000.000000,12089000.000000,1.000000,28366696.000000,25655883.000000,25655883.000000,0.000000,115478000.000000,641000.000000,0.000000,641000.000000,4.501000
ART,2015-06-30,2015-08-12,2015-06-30,2015-Q2,216508000.000000,1800463612.000000,2025-04-29,0.000000,228473000.000000,152894750.000000,227508000.000000,965000.000000,0.000000,7.805000,-304000.000000,224273000.000000,224273000.000000,0.000000,-63727000.000000,20.683000,0.051000,0.000000,0.000000,0.000000,0.000000,0.000000,83000.000000,0.000000,0.000000,0.000000,-63727000.000000,-63644000.000000,,-63644000.000000,-63727000.000000,-63727000.000000,-0.650000,-0.650000,-0.650000,217451000.000000,144691250.000000,217451000.000000,1576190612.000000,-25.000000,-24.766000,-49506000.000000,-1.777000,1.000000,0.000000,,0.000000,0.000000,-6800000.000000,-5794500.000000,0.000000,0.000000,0.000000,0.000000,11022000.000000,11000000.000000,22000.000000,175107000.000000,0.000000,226449000.000000,0.000000,0.000000,224613000.000000,-304000.000000,0.000000,-49202000.000000,0.000000,-63727000.000000,-64118000.000000,-64118000.000000,0.000000,0.000000,,63787000.000000,-63787000.000000,5195000.000000,0.000000,8.280000,-28.080000,-96.108000,285000.000000,391000.000000,62.470000,,,0.000000,-108743000.000000,0.000000,0.000000,47049000.000000,-0.419000,-0.443000,10.998000,,8764000.000000,16738000.000000,1.000000,28821252.000000,27860332.000000,27860332.000000,0.000000,228473000.000000,641000.000000,0.000000,641000.000000,8.201000
ART,2015-09-30,2015-11-06,2015-09-30,2015-Q3,197190000.000000,1502291616.000000,2025-04-29,0.000000,208410000.000000,170506500.000000,207481000.000000,929000.000000,0.000000,6.894000,-205000.000000,204916000.000000,204916000.000000,0.000000,-78294000.000000,20.161000,0.052000,0.000000,0.000000,0.000000,0.000000,0.000000,99000.000000,0.000000,0.000000,0.000000,-78294000.000000,-78195000.000000,,-78195000.000000,-78294000.000000,-78294000.000000,-0.990000,-0.990000,-0.990000,198104000.000000,160987500.000000,198104000.000000,1297375616.000000,-17.000000,-16.592000,-61436000.000000,-2.138000,1.000000,0.000000,,0.000000,0.000000,-6797000.000000,-6540500.000000,0.000000,0.000000,0.000000,0.000000,10306000.000000,10291000.000000,15000.000000,68150000.000000,0.000000,130384000.000000,0.000000,0.000000,129586000.000000,-205000.000000,0.000000,-61231000.000000,0.000000,-78294000.000000,-78294000.000000,-78294000.000000,0.000000,0.000000,,78399000.000000,-78399000.000000,3246000.000000,0.000000,7.583000,-19.188000,-52.576000,249000.000000,0.000000,52.050000,,,0.000000,-132778000.000000,0.000000,0.000000,57926000.000000,-0.459000,-0.486000,11.971000,,12480000.000000,20473000.000000,1.000000,28862471.000000,28737743.000000,28737743.000000,0.000000,208410000.000000,641000.000000,0.000000,641000.000000,7.252000
ART,2015-12-31,2016-02-29,2015-12-31,2015-Q4,173184000.000000,941452298.000000,2025-04-29,0.000000,189016000.000000,185344250.000000,188491000.000000,525000.000000,0.000000,6.253000,-198000.000000,186792000.000000,186792000.000000,0.000000,-94495000.000000,12.314000,0.088000,0.000000,0.000000,0.000000,0.000000,0.000000,115000.000000,0.000000,0.000000,0.000000,-94495000.000000,-94380000.000000,,-94380000.000000,-94495000.000000,-94495000.000000,-3.400000,-3.400000,-3.400000,173695000.000000,173940000.000000,173695000.000000,754660298.000000,-8.000000,-7.996000,-70879000.000000,-2.552000,1.000000,0.000000,,0.000000,0.000000,-13083000.000000,-8337000.000000,0.000000,0.000000,0.000000,0.000000,15321000.000000,15307000.000000,14000.000000,58987000.000000,0.000000,130450000.000000,0.000000,0.000000,129866000.000000,-198000.000000,0.000000,-70681000.000000,0.000000,-94495000.000000,-94495000.000000,-94495000.000000,0.000000,0.000000,,94650000.000000,-94650000.000000,5159000.000000,0.000000,5.420000,-9.963000,-8.647000,286000.000000,0.000000,29.400000,,,0.000000,-161340000.000000,0.000000,0.000000,69357000.000000,-0.510000,-0.543000,11.334000,,15240000.000000,25293000.000000,1.000000,32022187.000000,27778288.000000,27778288.000000,0.000000,189016000.000000,0.000000,0.000000,0.000000,6.804000
ART,2016-03-31,2016-05-06,2016-03-31,2016-Q1,286636000.000000,1084709795.000000,2025-04-29,0.000000,303510000.000000,232352250.000000,302606000.000000,904000.000000,0.000000,9.086000,-429000.000000,299719000.000000,299719000.000000,0.000000,-108167000.000000,18.948000,0.056000,0.000000,0.000000,0.000000,0.000000,0.000000,134000.000000,0.000000,0.000000,0.000000,-108167000.000000,-108033000.000000,,-108033000.000000,-108167000.000000,-108167000.000000,-3.710000,-3.710000,-3.710000,287500000.000000,219187500.000000,287500000.000000,784990795.000000,-7.000000,-7.266000,-83939000.000000,-2.653000,1.000000,0.000000,,0.000000,0.000000,-12179000.000000,-9714750.000000,0.000000,0.000000,0.000000,0.000000,16010000.000000,15970000.000000,40000.000000,186518000.000000,0.000000,271605000.000000,0.000000,0.000000,270457000.000000,-429000.000000,0.000000,-83510000.000000,0.000000,-108167000.000000,-108167000.000000,-108167000.000000,0.000000,0.000000,,108467000.000000,-108467000.000000,4540000.000000,0.000000,3.773000,-10.028000,-9.119000,865000.000000,0.000000,33.830000,,,0.000000,-191883000.000000,0.000000,0.000000,80038000.000000,-0.466000,-0.493000,11.134000,,17605000.000000,28429000.000000,1.000000,32063547.000000,31643216.000000,31643216.000000,0.000000,303510000.000000,0.000000,0.000000,0.000000,9.592000
ART,2016-06-30,2016-08-09,2016-06-30,2016-Q2,255768000.000000,1182985577.000000,2025-04-29,39000.000000,275630000.000000,244141500.000000,274107000.000000,1523000.000000,0.000000,8.022000,-852000.000000,189567000.000000,189567000.000000,0.000000,-117887000.000000,14.947000,0.072000,0.000000,0.000000,0.000000,0.000000,0.000000,177000.000000,0.000000,0.000000,0.000000,-117887000.000000,-117710000.000000,,-117710000.000000,-117887000.000000,-117887000.000000,-3.890000,-3.890000,-3.890000,257209000.000000,229127000.000000,257209000.000000,993418577.000000,-8.000000,-8.440000,-92590000.000000,-2.888000,1.000000,0.000000,,0.000000,0.000000,67724000.000000,8916250.000000,0.000000,83292000.000000,83292000.000000,0.000000,18421000.000000,18339000.000000,82000.000000,-35231000.000000,0.000000,141606000.000000,0.000000,0.000000,140881000.000000,-84374000.000000,-82997000.000000,-91738000.000000,0.000000,-117887000.000000,-117887000.000000,-117887000.000000,0.000000,0.000000,,118414000.000000,-118414000.000000,5957000.000000,0.000000,4.599000,-10.035000,-9.476000,959000.000000,0.000000,36.860000,,,0.000000,-226630000.000000,0.000000,0.000000,87531000.000000,-0.483000,-0.515000,-13.222000,,16672000.000000,30883000.000000,1.000000,32094020.000000,32062298.000000,32062298.000000,0.000000,275630000.000000,0.000000,0.000000,0.000000,8.597000
ART,2016-09-30,2016-11-03,2016-09-30,2016-Q3,412358000.000000,1438741306.000000,2025-04-29,-35000.000000,436301000.000000,301114250.000000,434688000.000000,1613000.000000,0.000000,12.547000,-939000.000000,320642000.000000,320642000.000000,0.000000,-131648000.000000,19.467000,0.055000,0.000000,0.000000,0.000000,0.000000,0.000000,231000.000000,0.000000,0.000000,0.000000,-131648000.000000,-131417000.000000,,-131417000.000000,-131648000.000000,-131648000.000000,-4.200000,-4.200000,-4.200000,413737000.000000,283035250.000000,413737000.000000,1118099306.000000,-8.000000,-8.508000,-103958000.000000,-3.153000,1.000000,0.000000,,0.000000,0.000000,93329000.000000,33947750.000000,0.000000,111192000.000000,111192000.000000,0.000000,22564000.000000,22330000.000000,234000.000000,115201000.000000,0.000000,330970000.000000,0.000000,0.000000,330335000.000000,-112115000.000000,-110651000.000000,-103019000.000000,0.000000,-131648000.000000,-131648000.000000,-131648000.000000,0.000000,0.000000,,132396000.000000,-132396000.000000,5237000.000000,0.000000,3.477000,-10.929000,-9.217000,1049000.000000,0.000000,38.710000,,,0.000000,-264426000.000000,0.000000,0.000000,99128000.000000,-0.437000,-0.465000,-3.878000,,17013000.000000,33268000.000000,1.000000,37167174.000000,32975897.000000,32975897.000000,0.000000,436301000.000000,0.000000,0.000000,0.000000,13.231000
ART,2016-12-31,2017-02-24,2016-12-31,2016-Q4,367410000.000000,2321932214.000000,2025-04-29,-102000.000000,404531000.000000,354993000.000000,402579000.000000,1952000.000000,0.000000,11.003000,-1421000.000000,169081000.000000,169081000.000000,0.000000,-158987000.000000,11.447000,0.098000,0.000000,0.000000,0.000000,0.000000,0.000000,281000.000000,0.000000,0.000000,0.000000,-158987000.000000,-158706000.000000,,-158706000.000000,-158987000.000000,-158987000.000000,-4.750000,-4.750000,-4.750000,368517000.000000,331740750.000000,368517000.000000,2152851214.000000,-14.000000,-13.565000,-120099000.000000,-3.586000,1.000000,0.000000,,0.000000,0.000000,200281000.000000,87288750.000000,0.000000,228962000.000000,228962000.000000,0.000000,36014000.000000,35169000.000000,845000.000000,-18236000.000000,0.000000,331581000.000000,0.000000,0.000000,330982000.000000,-230540000.000000,-228594000.000000,-118678000.000000,0.000000,-158987000.000000,-158987000.000000,-158987000.000000,0.000000,0.000000,,160163000.000000,-160163000.000000,12817000.000000,0.000000,6.301000,-14.605000,-13.116000,1388000.000000,0.000000,62.300000,,,0.000000,-320327000.000000,0.000000,0.000000,120756000.000000,-0.448000,-0.479000,-1.821000,,23020000.000000,39407000.000000,1.000000,37270180.000000,33492795.000000,33492795.000000,0.000000,404531000.000000,0.000000,0.000000,0.000000,12.078000
ART,2017-03-31,2017-05-10,2017-03-31,2017-Q1,317162000.000000,2478673201.000000,2025-04-29,-81000.000000,351168000.000000,366907500.000000,349044000.000000,2124000.000000,0.000000,8.544000,-1325000.000000,146024000.000000,146024000.000000,0.000000,-185222000.000000,10.948000,0.103000,0.000000,0.000000,0.000000,0.000000,0.000000,370000.000000,0.000000,0.000000,0.000000,-185222000.000000,-184852000.000000,,-184852000.000000,-185222000.000000,-185222000.000000,-5.300000,-5.300000,-5.300000,318446000.000000,339477250.000000,318446000.000000,2332649201.000000,-13.000000,-12.619000,-147778000.000000,-3.965000,1.000000,0.000000,,0.000000,0.000000,173262000.000000,133649000.000000,0.000000,197104000.000000,197104000.000000,0.000000,32722000.000000,31882000.000000,840000.000000,-154220000.000000,0.000000,190832000.000000,0.000000,0.000000,190832000.000000,-198599000.000000,-196749000.000000,-146453000.000000,0.000000,-185222000.000000,-185222000.000000,-185222000.000000,0.000000,0.000000,,186928000.000000,-186928000.000000,8230000.000000,0.000000,7.784000,-13.382000,-12.523000,1560000.000000,0.000000,66.370000,,,0.000000,-377105000.000000,0.000000,0.000000,142375000.000000,-0.505000,-0.546000,-1.386000,,25514000.000000,44553000.000000,1.000000,37346289.000000,37269148.000000,37269148.000000,0.000000,351168000.000000,0.000000,0.000000,0.000000,9.422000
ART,2017-06-30,2017-08-03,2017-06-30,2017-Q2,258839000.000000,2935380986.000000,2025-04-29,-67000.000000,293412000.000000,371353000.000000,291120000.000000,2292000.000000,0.000000,6.967000,-907000.000000,134299000.000000,134299000.000000,0.000000,-220677000.000000,9.018000,0.127000,0.000000,0.000000,0.000000,0.000000,0.000000,425000.000000,0.000000,0.000000,0.000000,-220677000.000000,-220252000.000000,,-220252000.000000,-220677000.000000,-220677000.000000,-6.100000,-6.100000,-6.100000,260304000.000000,340251000.000000,260304000.000000,2801081986.000000,-13.000000,-12.718000,-179765000.000000,-4.812000,1.000000,0.000000,,0.000000,0.000000,126832000.000000,148426000.000000,0.000000,152478000.000000,152478000.000000,0.000000,33108000.000000,32281000.000000,827000.000000,-55553000.000000,0.000000,193580000.000000,0.000000,0.000000,193580000.000000,-70275000.000000,-69083000.000000,-178858000.000000,0.000000,-220677000.000000,-220677000.000000,-220677000.000000,0.000000,0.000000,,222776000.000000,-222776000.000000,6042000.000000,0.000000,11.277000,-13.302000,-12.852000,1443000.000000,0.000000,78.400000,,,0.000000,-447306000.000000,0.000000,0.000000,172179000.000000,-0.594000,-0.649000,-1.487000,,30399000.000000,50597000.000000,1.000000,37441084.000000,37361129.000000,37361129.000000,0.000000,293412000.000000,0.000000,0.000000,0.000000,7.853000
ART,2017-09-30,2017-11-02,2017-09-30,2017-Q3,198506000.000000,2348355697.000000,2025-04-29,-15000.000000,251085000.000000,325049000.000000,248343000.000000,2742000.000000,0.000000,5.339000,-1076000.000000,135765000.000000,135765000.000000,0.000000,-256600000.000000,4.983000,0.255000,0.000000,0.000000,0.000000,0.000000,0.000000,478000.000000,0.000000,0.000000,0.000000,-256600000.000000,-256122000.000000,,-256122000.000000,-256600000.000000,-256600000.000000,-6.920000,-6.920000,-6.920000,200052000.000000,286829750.000000,200052000.000000,2212590697.000000,-9.000000,-8.639000,-195230000.000000,-5.210000,1.000000,0.000000,,0.000000,0.000000,65483000.000000,141464500.000000,0.000000,108535000.000000,108535000.000000,0.000000,51033000.000000,49837000.000000,1196000.000000,-185162000.000000,0.000000,7676000.000000,0.000000,0.000000,7676000.000000,1316000.000000,2677000.000000,-194154000.000000,0.000000,-256600000.000000,-256600000.000000,-256600000.000000,0.000000,0.000000,,259085000.000000,-259085000.000000,13030000.000000,0.000000,11.739000,-9.152000,-9.040000,1893000.000000,0.000000,62.560000,,,0.000000,-521025000.000000,0.000000,0.000000,201390000.000000,-0.789000,-0.895000,-1.814000,,35382000.000000,57695000.000000,1.000000,37537655.000000,37470912.000000,37470912.000000,0.000000,251085000.000000,0.000000,0.000000,0.000000,6.701000
ART,2017-12-31,2018-02-22,2017-12-31,2017-Q4,473124000.000000,7113891876.000000,2025-04-29,-29000.000000,529937000.000000,356400500.000000,525075000.000000,4862000.000000,0.000000,12.475000,-1360000.000000,307084000.000000,307084000.000000,0.000000,-270120000.000000,10.107000,0.115000,0.000000,0.000000,0.000000,0.000000,0.000000,531000.000000,0.000000,0.000000,0.000000,-270120000.000000,-269589000.000000,,-269589000.000000,-270120000.000000,-270120000.000000,-7.090000,-7.090000,-7.090000,475475000.000000,313569250.000000,475475000.000000,6806807876.000000,-25.000000,-25.249000,-220637000.000000,-5.789000,1.000000,0.000000,,0.000000,0.000000,170902000.000000,134119750.000000,0.000000,212613000.000000,212613000.000000,0.000000,54462000.000000,51951000.000000,2511000.000000,137718000.000000,0.000000,341997000.000000,0.000000,0.000000,341818000.000000,15177000.000000,16822000.000000,-219277000.000000,0.000000,-270120000.000000,-270120000.000000,-270120000.000000,0.000000,0.000000,,273155000.000000,-273155000.000000,9350000.000000,0.000000,14.962000,-26.336000,-21.918000,4013000.000000,0.000000,155.400000,,,0.000000,-590447000.000000,0.000000,0.000000,210277000.000000,-0.758000,-0.861000,-2.014000,,35534000.000000,62878000.000000,1.000000,45777940.000000,38113678.000000,38113678.000000,0.000000,529937000.000000,0.000000,0.000000,0.000000,13.904000
ART,2018-03-31,2018-05-03,2018-03-31,2018-Q1,1057216000.000000,6890394046.000000,2025-04-29,-185000.000000,1100652000.000000,543771500.000000,1095088000.000000,5564000.000000,0.000000,23.898000,-1767000.000000,558824000.000000,558824000.000000,0.000000,-287941000.000000,28.916000,0.039000,0.000000,0.000000,0.000000,0.000000,0.000000,648000.000000,0.000000,0.000000,0.000000,-287941000.000000,-287293000.000000,,-287293000.000000,-287941000.000000,-287941000.000000,-7.250000,-7.250000,-7.250000,1059276000.000000,498776750.000000,1059276000.000000,6331570046.000000,-22.000000,-22.039000,-244405000.000000,-5.514000,1.000000,0.000000,,0.000000,0.000000,503956000.000000,216793250.000000,0.000000,525958000.000000,525958000.000000,0.000000,41376000.000000,37872000.000000,3504000.000000,412515000.000000,0.000000,985695000.000000,0.000000,0.000000,984377000.000000,-329224000.000000,-327172000.000000,-242638000.000000,0.000000,-287941000.000000,-287941000.000000,-287941000.000000,0.000000,0.000000,,293795000.000000,-293795000.000000,8350000.000000,0.000000,6.505000,-23.930000,-20.432000,4295000.000000,0.000000,148.130000,,,0.000000,-665045000.000000,0.000000,0.000000,214347000.000000,-0.530000,-0.577000,-1.328000,,45143000.000000,79448000.000000,1.000000,46515858.000000,44325371.000000,44325371.000000,0.000000,1100652000.000000,0.000000,0.000000,0.000000,24.831000
ART,2018-06-30,2018-08-07,2018-06-30,2018-Q2,1075850000.000000,7055641555.000000,2025-04-29,-145000.000000,1129483000.000000,752789250.000000,1123769000.000000,5714000.000000,0.120000,23.157000,-2093000.000000,327099000.000000,327099000.000000,0.000000,-234717000.000000,23.451000,0.048000,0.000000,0.000000,0.000000,0.000000,0.000000,764000.000000,0.000000,0.000000,0.000000,-234717000.000000,-233953000.000000,-2.599000,-233953000.000000,-234717000.000000,-234717000.000000,-5.730000,-5.730000,-5.730000,1077763000.000000,703141500.000000,1077763000.000000,6728542555.000000,-29.000000,-28.760000,-185790000.000000,-3.992000,1.000000,90000000.000000,1.000000,0.000000,0.000000,754465000.000000,373701500.000000,0.000000,766603000.000000,766603000.000000,0.000000,51720000.000000,47919000.000000,3801000.000000,192800000.000000,0.000000,989582000.000000,0.000000,0.000000,988159000.000000,-611662000.000000,-609569000.000000,-183697000.000000,0.000000,-234717000.000000,-234717000.000000,-234717000.000000,0.000000,0.000000,-2.608000,335088000.000000,-245088000.000000,8338000.000000,0.000000,6.547000,-30.060000,-26.387000,4445000.000000,0.000000,151.200000,78.396000,78.190000,18378000.000000,-682023000.000000,90000000.000000,90000000.000000,227427000.000000,-0.312000,-0.334000,-0.628000,-2.608000,64821000.000000,107661000.000000,1.000000,46664296.000000,46541716.000000,46541716.000000,1.934000,1129483000.000000,0.000000,0.000000,0.000000,24.268000
ART,2018-09-30,2018-11-06,2018-09-30,2018-Q3,985386000.000000,6013748937.000000,2025-04-29,-257000.000000,1046999000.000000,951767750.000000,1039912000.000000,7087000.000000,0.095000,21.164000,-2856000.000000,255042000.000000,255042000.000000,0.000000,-283916000.000000,19.072000,0.059000,0.000000,0.000000,0.000000,0.000000,0.000000,915000.000000,0.000000,0.000000,0.000000,-283916000.000000,-283001000.000000,-3.144000,-283001000.000000,-283916000.000000,-283916000.000000,-6.390000,-6.390000,-6.390000,988505000.000000,900254750.000000,988505000.000000,5758706937.000000,-20.000000,-20.349000,-220648000.000000,-4.724000,1.000000,90000000.000000,1.000000,0.000000,0.000000,737431000.000000,541688500.000000,0.000000,768278000.000000,768278000.000000,0.000000,58494000.000000,54526000.000000,3968000.000000,119277000.000000,0.000000,993973000.000000,0.000000,0.000000,992550000.000000,-655481000.000000,-652625000.000000,-217792000.000000,0.000000,-283916000.000000,-283916000.000000,-283916000.000000,0.000000,0.000000,-3.155000,389460000.000000,-299460000.000000,5879000.000000,0.000000,6.084000,-21.181000,-20.072000,5168000.000000,0.000000,128.260000,66.819000,66.562000,0.000000,-804941000.000000,90000000.000000,90000000.000000,244193000.000000,-0.298000,-0.315000,-0.524000,-3.155000,80568000.000000,145267000.000000,1.000000,46887174.000000,46706770.000000,46706770.000000,1.927000,1046999000.000000,0.000000,0.000000,0.000000,22.416000
ART,2018-12-31,2019-02-19,2018-12-31,2018-Q4,858665000.000000,7202821888.000000,2025-04-29,-515000.000000,952705000.000000,1057459750.000000,944695000.000000,8010000.000000,0.085000,18.711000,-2860000.000000,193310000.000000,193310000.000000,0.000000,-372882000.000000,10.981000,0.104000,0.000000,0.000000,0.000000,0.000000,0.000000,1143000.000000,0.000000,0.000000,0.000000,-372882000.000000,-371739000.000000,-4.118000,-371739000.000000,-372882000.000000,-372882000.000000,-8.080000,-8.080000,-8.080000,862971000.000000,997128750.000000,862971000.000000,7009511888.000000,-19.000000,-18.856000,-263531000.000000,-5.714000,1.000000,90273000.000000,1.000000,0.000000,0.000000,673365000.000000,667304250.000000,0.000000,731833000.000000,731833000.000000,0.000000,89734000.000000,86030000.000000,3704000.000000,-113774000.000000,0.000000,660602000.000000,0.000000,0.000000,659358000.000000,-512461000.000000,-509601000.000000,-260671000.000000,0.000000,-372882000.000000,-372882000.000000,-372882000.000000,0.000000,0.000000,-4.131000,483511000.000000,-393238000.000000,34036000.000000,0.000000,8.347000,-19.317000,-18.929000,5643000.000000,0.000000,152.950000,79.789000,78.143000,0.000000,-963329000.000000,90273000.000000,90273000.000000,282107000.000000,-0.353000,-0.374000,-0.559000,-4.131000,101963000.000000,201404000.000000,1.000000,47092657.000000,46121194.000000,46121194.000000,1.957000,952705000.000000,0.000000,0.000000,0.000000,20.657000
ART,2019-03-31,2019-05-02,2019-03-31,2019-Q1,1303156000.000000,8465966973.000000,2025-04-29,-106000.000000,1422914000.000000,1138025250.000000,1371532000.000000,51382000.000000,0.080000,27.211000,-3465000.000000,344662000.000000,344662000.000000,0.000000,-461690000.000000,20.059000,0.078000,34528000.000000,0.000000,34528000.000000,34528000.000000,0.000000,1311000.000000,0.000000,0.000000,0.000000,-461690000.000000,-460379000.000000,-5.074000,-460379000.000000,-461690000.000000,-461690000.000000,-9.760000,-9.760000,-9.760000,1319534000.000000,1062193250.000000,1319534000.000000,8155832973.000000,-18.000000,-17.715000,-335499000.000000,-6.919000,1.000000,90738000.000000,1.000000,0.000000,0.000000,1044404000.000000,802416250.000000,0.000000,1008956000.000000,1008956000.000000,0.000000,103380000.000000,68376000.000000,35004000.000000,-214162000.000000,0.000000,593309000.000000,0.000000,0.000000,592442000.000000,-474570000.000000,-471105000.000000,-332034000.000000,0.000000,-461690000.000000,-461690000.000000,-461690000.000000,0.000000,0.000000,-5.088000,575709000.000000,-484971000.000000,13556000.000000,0.000000,6.416000,-18.337000,-16.959000,44637000.000000,0.000000,165.520000,93.301000,88.457000,0.000000,-1126735000.000000,90738000.000000,90738000.000000,319235000.000000,-0.406000,-0.435000,-0.575000,-5.088000,130262000.000000,256474000.000000,1.000000,51147698.000000,48491834.000000,48491834.000000,1.871000,1422914000.000000,0.000000,0.000000,0.000000,29.343000
ART,2019-06-30,2019-08-06,2019-06-30,2019-Q2,1184617000.000000,8385996244.000000,2025-04-29,1575000.000000,1315547000.000000,1184541250.000000,1263570000.000000,51977000.000000,0.001000,23.467000,-5244000.000000,168552000.000000,168552000.000000,44000.000000,-612933000.000000,16.004000,0.094000,33309000.000000,0.000000,33309000.000000,33309000.000000,0.000000,1570000.000000,0.000000,0.000000,0.000000,-612933000.000000,-611363000.000000,-379.493000,-611363000.000000,-612933000.000000,-612933000.000000,-12.680000,-12.680000,-12.680000,1202875000.000000,1093471250.000000,1202875000.000000,8250753244.000000,-13.000000,-13.496000,-470487000.000000,-9.179000,1.000000,1567000.000000,0.973000,0.000000,0.000000,1101351000.000000,889137750.000000,0.000000,1070364000.000000,1070364000.000000,0.000000,112672000.000000,78953000.000000,33719000.000000,-158547000.000000,0.000000,602265000.000000,0.000000,0.000000,601245000.000000,-294549000.000000,-289305000.000000,-465243000.000000,0.000000,-612933000.000000,-612933000.000000,-612933000.000000,0.000000,0.000000,-380.467000,640848000.000000,-639281000.000000,12431000.000000,0.000000,6.972000,-13.682000,-12.803000,45587000.000000,0.000000,162.340000,5205.460000,5165.218000,0.000000,-1294956000.000000,1611000.000000,1611000.000000,339314000.000000,-0.517000,-0.561000,-0.689000,-380.467000,136001000.000000,301534000.000000,1.000000,51656993.000000,51257640.000000,51257640.000000,0.031000,1315547000.000000,0.000000,0.000000,0.000000,25.665000
ART,2019-09-30,2019-11-12,2019-09-30,2019-Q3,1061707000.000000,7334771230.000000,2025-04-29,1777000.000000,1203727000.000000,1223723250.000000,1152663000.000000,51064000.000000,0.004000,20.909000,-6186000.000000,261548000.000000,261548000.000000,181000.000000,-669973000.000000,12.673000,0.113000,31360000.000000,0.000000,31360000.000000,31360000.000000,0.000000,1981000.000000,0.000000,0.000000,0.000000,-669973000.000000,-667992000.000000,-128.931000,-667992000.000000,-669973000.000000,-669973000.000000,-13.530000,-13.530000,-13.530000,1081071000.000000,1116612750.000000,1081071000.000000,7104583230.000000,-11.000000,-10.636000,-519944000.000000,-10.056000,1.000000,5000000.000000,0.965000,0.000000,0.000000,882583000.000000,925425750.000000,0.000000,863069000.000000,863069000.000000,0.000000,122656000.000000,90956000.000000,31700000.000000,6506000.000000,0.000000,609589000.000000,0.000000,0.000000,607086000.000000,-86822000.000000,-80636000.000000,-513758000.000000,0.000000,-669973000.000000,-669973000.000000,-669973000.000000,0.000000,0.000000,-129.313000,702713000.000000,-697713000.000000,5041000.000000,0.000000,6.785000,-10.948000,-10.462000,44879000.000000,0.000000,141.550000,1415.706000,1412.623000,0.000000,-1474914000.000000,5181000.000000,5181000.000000,366370000.000000,-0.547000,-0.600000,-0.724000,-129.313000,154192000.000000,336343000.000000,1.000000,51817529.000000,51704687.000000,51704687.000000,0.100000,1203727000.000000,0.000000,0.000000,0.000000,23.281000
ART,2019-12-31,2020-02-27,2019-12-31,2019-Q4,922965000.000000,2699897351.000000,2025-04-29,1295000.000000,1084150000.000000,1256584500.000000,1035093000.000000,49057000.000000,0.005000,18.583000,-5751000.000000,129072000.000000,129072000.000000,400000.000000,-680238000.000000,9.231000,0.148000,37092000.000000,10244000.000000,26848000.000000,37092000.000000,0.000000,2283000.000000,0.000000,0.000000,0.000000,-680238000.000000,-677955000.000000,-98.712000,-677955000.000000,-680238000.000000,-680238000.000000,-13.380000,-13.380000,-13.380000,944655000.000000,1137033750.000000,944655000.000000,2607917351.000000,-4.000000,-3.847000,-534457000.000000,-10.514000,1.000000,6468000.000000,0.942000,0.000000,0.000000,880042000.000000,977095000.000000,0.000000,881688000.000000,881688000.000000,0.000000,139495000.000000,112128000.000000,27367000.000000,-64238000.000000,0.000000,610127000.000000,0.000000,0.000000,607624000.000000,-143156000.000000,-137405000.000000,-528706000.000000,0.000000,-680238000.000000,-680238000.000000,-680238000.000000,0.000000,0.000000,-99.045000,714592000.000000,-708124000.000000,15266000.000000,0.000000,2.858000,-3.969000,-3.887000,42897000.000000,0.000000,52.010000,393.113000,384.955000,0.000000,-1643567000.000000,6868000.000000,6868000.000000,368815000.000000,-0.541000,-0.598000,-0.696000,-99.045000,153231000.000000,345777000.000000,1.000000,51911120.000000,50833837.000000,50833837.000000,0.135000,1084150000.000000,0.000000,0.000000,0.000000,21.327000
ART,2020-03-31,2020-05-07,2020-03-31,2020-Q1,827876000.000000,2116170302.000000,2025-04-29,-792000.000000,944973000.000000,1137099250.000000,898236000.000000,46737000.000000,0.008000,16.360000,-4770000.000000,201811000.000000,201811000.000000,570000.000000,-643572000.000000,12.766000,0.113000,35221000.000000,10270000.000000,24951000.000000,35221000.000000,0.000000,2537000.000000,0.000000,0.000000,0.000000,-643572000.000000,-641035000.000000,-73.775000,-641035000.000000,-643572000.000000,-643572000.000000,-12.450000,-12.450000,-12.450000,849206000.000000,1019451750.000000,849206000.000000,1949580302.000000,-3.000000,-3.041000,-520233000.000000,-10.022000,1.000000,8119000.000000,0.934000,0.000000,0.000000,708023000.000000,892999750.000000,0.000000,673313000.000000,673313000.000000,0.000000,95767000.000000,70360000.000000,25407000.000000,-142851000.000000,0.000000,36329000.000000,0.000000,0.000000,34588000.000000,338024000.000000,342794000.000000,-515463000.000000,0.000000,-643572000.000000,-643572000.000000,-643572000.000000,0.000000,0.000000,-74.067000,678015000.000000,-669896000.000000,7910000.000000,0.000000,2.492000,-3.288000,-3.274000,40676000.000000,0.000000,40.760000,243.546000,243.503000,0.000000,-1770307000.000000,8689000.000000,8689000.000000,346027000.000000,-0.566000,-0.631000,-0.721000,-74.067000,140225000.000000,331988000.000000,1.000000,51917819.000000,51908760.000000,51908760.000000,0.167000,944973000.000000,0.000000,0.000000,0.000000,18.204000
ART,2020-06-30,2020-08-10,2020-06-30,2020-Q2,721092000.000000,2770748280.000000,2025-04-29,1709000.000000,827242000.000000,1015023000.000000,785384000.000000,41858000.000000,0.009000,14.249000,-2659000.000000,260595000.000000,260595000.000000,636000.000000,-611698000.000000,12.216000,0.118000,31238000.000000,8577000.000000,22661000.000000,31238000.000000,0.000000,2694000.000000,0.000000,0.000000,0.000000,-611698000.000000,-609004000.000000,-68.389000,-609004000.000000,-611698000.000000,-611698000.000000,-11.800000,-11.800000,-11.800000,739915000.000000,903711750.000000,739915000.000000,2541391280.000000,-4.000000,-4.173000,-503762000.000000,-9.702000,1.000000,8269000.000000,0.929000,0.000000,0.000000,533593000.000000,751060250.000000,0.000000,498294000.000000,498294000.000000,0.000000,87327000.000000,64292000.000000,23035000.000000,92043000.000000,0.000000,21114000.000000,0.000000,0.000000,19631000.000000,573515000.000000,576174000.000000,-501103000.000000,0.000000,-611698000.000000,-611698000.000000,-611698000.000000,0.000000,0.000000,-68.692000,640675000.000000,-632406000.000000,2387000.000000,0.000000,3.745000,-4.530000,-4.518000,36076000.000000,0.000000,53.310000,311.145000,310.857000,0.000000,-1906654000.000000,8905000.000000,8905000.000000,330288000.000000,-0.603000,-0.677000,-0.814000,-68.692000,129490000.000000,281985000.000000,1.000000,51974269.000000,51926074.000000,51926074.000000,0.171000,827242000.000000,0.000000,0.000000,0.000000,15.931000
ART,2020-09-30,2020-11-05,2020-09-30,2020-Q3,639219000.000000,4065208627.000000,2025-04-29,946000.000000,738628000.000000,898748250.000000,698884000.000000,39744000.000000,0.008000,12.650000,-718000.000000,186637000.000000,186637000.000000,648000.000000,-537475000.000000,11.713000,0.123000,29689000.000000,8620000.000000,21069000.000000,29689000.000000,0.000000,2646000.000000,0.000000,0.000000,0.000000,-537475000.000000,-534829000.000000,-76.689000,-534829000.000000,-537475000.000000,-537475000.000000,-10.350000,-10.350000,-10.350000,657581000.000000,797839250.000000,657581000.000000,3908260627.000000,-7.000000,-7.307000,-464135000.000000,-8.929000,1.000000,6326000.000000,0.907000,0.000000,0.000000,522015000.000000,660918250.000000,0.000000,484267000.000000,484267000.000000,0.000000,81047000.000000,59665000.000000,21382000.000000,-74911000.000000,0.000000,9257000.000000,0.000000,0.000000,9257000.000000,379249000.000000,379967000.000000,-463417000.000000,0.000000,-537475000.000000,-537475000.000000,-537475000.000000,0.000000,0.000000,-77.068000,558713000.000000,-552387000.000000,4289000.000000,0.000000,6.182000,-7.564000,-7.547000,33950000.000000,0.000000,78.110000,582.909000,582.201000,0.000000,-2012389000.000000,6974000.000000,6974000.000000,302258000.000000,-0.598000,-0.674000,-0.813000,-77.068000,105929000.000000,228582000.000000,1.000000,52044663.000000,51981468.000000,51981468.000000,0.134000,738628000.000000,0.000000,0.000000,0.000000,14.209000
ART,2020-12-31,2021-02-24,2020-12-31,2020-Q4,2055166000.000000,4964799582.000000,2025-04-29,415000.000000,2159246000.000000,1167522250.000000,2122370000.000000,36876000.000000,0.954000,39.865000,-345000.000000,1662798000.000000,1662798000.000000,565000.000000,606073000.000000,31.581000,0.042000,28100000.000000,8662000.000000,19438000.000000,28100000.000000,0.000000,2630000.000000,0.000000,0.000000,0.000000,606073000.000000,608703000.000000,0.546000,608703000.000000,606073000.000000,606073000.000000,11.660000,11.430000,11.660000,2072334000.000000,1079759000.000000,2072334000.000000,3330101582.000000,5.000000,5.471000,663935000.000000,12.772000,1.000000,1113635000.000000,0.999000,0.000000,0.000000,457344000.000000,555243750.000000,0.000000,438467000.000000,438467000.000000,0.000000,86912000.000000,67204000.000000,19708000.000000,1533726000.000000,0.000000,426762000.000000,0.000000,0.000000,426762000.000000,442684000.000000,443029000.000000,664280000.000000,0.000000,606073000.000000,606073000.000000,606073000.000000,0.000000,0.000000,0.544000,517409000.000000,596226000.000000,3691000.000000,0.000000,2.396000,8.192000,7.293000,31819000.000000,0.000000,85.040000,4.456000,3.968000,0.000000,-1037494000.000000,1114200000.000000,1114200000.000000,292714000.000000,0.519000,0.561000,1.092000,0.544000,95994000.000000,196952000.000000,1.000000,58381933.000000,51983188.000000,53003115.000000,21.434000,2159246000.000000,0.000000,0.000000,0.000000,41.537000
ART,2021-03-31,2021-05-04,2021-03-31,2021-Q1,1989855000.000000,4160268481.000000,2025-04-29,-236000.000000,2080698000.000000,1451453500.000000,2051866000.000000,28832000.000000,0.767000,34.318000,-69000.000000,900519000.000000,900519000.000000,582000.000000,637049000.000000,33.089000,0.039000,22717000.000000,7306000.000000,15411000.000000,22717000.000000,0.000000,4543000.000000,0.000000,0.000000,0.000000,637049000.000000,641592000.000000,0.576000,641592000.000000,637049000.000000,637049000.000000,12.460000,12.230000,12.460000,2003276000.000000,1368276500.000000,2003276000.000000,3282466481.000000,5.000000,5.116000,691816000.000000,11.851000,1.000000,1112915000.000000,0.999000,0.000000,0.000000,1140885000.000000,663459250.000000,0.000000,1104767000.000000,1104767000.000000,0.000000,77422000.000000,62011000.000000,15411000.000000,698708000.000000,0.000000,429225000.000000,0.000000,0.000000,429225000.000000,-422402000.000000,-422333000.000000,691885000.000000,0.000000,637049000.000000,637049000.000000,637049000.000000,0.000000,0.000000,0.572000,481571000.000000,631344000.000000,3285000.000000,0.000000,2.077000,6.531000,5.709000,24171000.000000,0.000000,71.140000,3.736000,3.729000,24766000.000000,-1133258000.000000,1113497000.000000,1113497000.000000,287160000.000000,0.439000,0.466000,0.960000,0.572000,86860000.000000,166668000.000000,1.000000,58480018.000000,58374219.000000,58374219.000000,19.075000,2080698000.000000,0.000000,0.000000,0.000000,35.644000
ART,2021-06-30,2021-08-03,2021-06-30,2021-Q2,1916701000.000000,2455953666.000000,2025-04-29,-285000.000000,2015475000.000000,1748511750.000000,1988599000.000000,26876000.000000,0.637000,32.937000,1000.000000,515427000.000000,515427000.000000,620000.000000,666151000.000000,27.659000,0.045000,21322000.000000,7358000.000000,13964000.000000,21322000.000000,0.000000,4774000.000000,0.000000,0.000000,0.000000,666151000.000000,670925000.000000,0.602000,670925000.000000,666151000.000000,666151000.000000,13.260000,13.030000,13.260000,1929512000.000000,1665675750.000000,1929512000.000000,1961848666.000000,3.000000,2.924000,708101000.000000,12.087000,1.000000,1113431000.000000,0.999000,0.000000,0.000000,1449472000.000000,892429000.000000,0.000000,1397157000.000000,1397157000.000000,0.000000,85963000.000000,71898000.000000,14065000.000000,254832000.000000,0.000000,435700000.000000,0.000000,0.000000,434904000.000000,-888172000.000000,-888173000.000000,708100000.000000,0.000000,666151000.000000,666151000.000000,666151000.000000,0.000000,0.000000,0.598000,451141000.000000,662290000.000000,2917000.000000,0.000000,1.273000,3.687000,3.149000,22008000.000000,0.000000,41.760000,2.205000,2.196000,48438000.000000,-1240503000.000000,1114051000.000000,1114051000.000000,280010000.000000,0.381000,0.400000,0.746000,0.598000,90491000.000000,171790000.000000,1.000000,58811151.000000,58582569.000000,58582569.000000,19.017000,2015475000.000000,0.000000,0.000000,0.000000,34.404000
ART,2021-09-30,2021-11-02,2021-09-30,2021-Q3,1822755000.000000,2566642691.000000,2025-04-29,-306000.000000,1927180000.000000,2045649750.000000,1901697000.000000,25483000.000000,0.544000,31.208000,0.000000,423434000.000000,423434000.000000,602000.000000,641715000.000000,24.090000,0.050000,19895000.000000,7414000.000000,12481000.000000,19895000.000000,0.000000,4498000.000000,0.000000,0.000000,0.000000,641715000.000000,646213000.000000,0.580000,646213000.000000,641715000.000000,641715000.000000,13.080000,12.850000,13.080000,1835654000.000000,1960194000.000000,1835654000.000000,2163103691.000000,3.000000,3.347000,730290000.000000,12.416000,1.000000,1113250000.000000,0.999000,0.000000,0.000000,1444699000.000000,1123100000.000000,0.000000,1421004000.000000,1421004000.000000,0.000000,91526000.000000,78942000.000000,12584000.000000,236797000.000000,0.000000,433971000.000000,0.000000,0.000000,433175000.000000,-926668000.000000,-926668000.000000,730290000.000000,0.000000,641715000.000000,641715000.000000,641715000.000000,0.000000,0.000000,0.576000,474696000.000000,638554000.000000,4733000.000000,0.000000,1.398000,4.000000,3.331000,20339000.000000,0.000000,43.570000,2.304000,2.301000,24185000.000000,-1370674000.000000,1113852000.000000,1113852000.000000,289429000.000000,0.314000,0.327000,0.571000,0.576000,104725000.000000,185397000.000000,1.000000,58908485.000000,58819548.000000,58819548.000000,18.937000,1927180000.000000,0.000000,0.000000,0.000000,32.764000
ART,2021-12-31,2022-02-24,2021-12-31,2021-Q4,1715450000.000000,2049755628.000000,2025-04-29,-2660000.000000,1825288000.000000,1962160250.000000,1800643000.000000,24645000.000000,0.003000,29.470000,-372000.000000,295502000.000000,295502000.000000,553000.000000,-457892000.000000,21.136000,0.056000,18432000.000000,7468000.000000,10964000.000000,18432000.000000,0.000000,4182000.000000,0.000000,0.000000,0.000000,-457892000.000000,-453710000.000000,-71.926000,-453710000.000000,-457892000.000000,-457892000.000000,-7.800000,-7.800000,-7.800000,1729031000.000000,1874368250.000000,1729031000.000000,1772685628.000000,-4.000000,-3.907000,-378554000.000000,-6.452000,1.000000,5755000.000000,0.912000,0.000000,0.000000,1463025000.000000,1374520250.000000,0.000000,1448063000.000000,1448063000.000000,0.000000,96257000.000000,85193000.000000,11064000.000000,-1367296000.000000,0.000000,14719000.000000,0.000000,0.000000,13334000.000000,-1002448000.000000,-1002076000.000000,-378182000.000000,0.000000,-457892000.000000,-457892000.000000,-457892000.000000,0.000000,0.000000,-72.589000,466664000.000000,-460909000.000000,10450000.000000,0.000000,1.185000,-4.477000,-4.450000,19125000.000000,0.000000,34.710000,324.945000,322.835000,18506000.000000,-1495386000.000000,6308000.000000,6308000.000000,283166000.000000,-0.233000,-0.244000,-0.333000,-72.589000,104629000.000000,183498000.000000,1.000000,59053749.000000,58670230.000000,58670230.000000,0.108000,1825288000.000000,0.000000,0.000000,0.000000,31.111000
ART,2022-03-31,2022-05-03,2022-03-31,2022-Q1,1604541000.000000,1936779026.000000,2025-04-29,-11201000.000000,1705703000.000000,1868411500.000000,1682244000.000000,23459000.000000,0.003000,27.419000,-541000.000000,179943000.000000,179943000.000000,652000.000000,-484183000.000000,21.650000,0.054000,16919000.000000,7523000.000000,9396000.000000,16919000.000000,0.000000,1875000.000000,0.000000,0.000000,0.000000,-484183000.000000,-482308000.000000,-76.472000,-482308000.000000,-484183000.000000,-484183000.000000,-8.220000,-8.220000,-8.220000,1618502000.000000,1778174750.000000,1618502000.000000,1773755026.000000,-4.000000,-3.678000,-377437000.000000,-6.394000,1.000000,5655000.000000,0.897000,0.000000,0.000000,1464976000.000000,1455543000.000000,0.000000,1446567000.000000,1446567000.000000,0.000000,87201000.000000,77703000.000000,9498000.000000,-720576000.000000,0.000000,10895000.000000,0.000000,0.000000,9510000.000000,-353190000.000000,-352649000.000000,-376896000.000000,0.000000,-484183000.000000,-484183000.000000,-484183000.000000,0.000000,0.000000,-76.769000,493256000.000000,-487601000.000000,7129000.000000,0.000000,1.197000,-4.000000,-3.989000,17599000.000000,0.000000,32.790000,307.084000,306.890000,19797000.000000,-1617441000.000000,6307000.000000,6307000.000000,303128000.000000,-0.259000,-0.272000,-0.333000,-76.769000,101206000.000000,190128000.000000,1.000000,59066149.000000,59028858.000000,59028858.000000,0.107000,1705703000.000000,0.000000,0.000000,0.000000,28.896000
ART,2022-06-30,2022-08-02,2022-06-30,2022-Q2,1489643000.000000,2094637591.000000,2025-04-29,-13872000.000000,1601377000.000000,1764887000.000000,1578884000.000000,22493000.000000,0.003000,25.381000,-663000.000000,207779000.000000,207779000.000000,704000.000000,-503198000.000000,17.692000,0.065000,15363000.000000,7563000.000000,7800000.000000,15363000.000000,0.000000,1261000.000000,0.000000,0.000000,0.000000,-503198000.000000,-501937000.000000,-81.417000,-501937000.000000,-503198000.000000,-503198000.000000,-8.520000,-8.520000,-8.520000,1504236000.000000,1671855750.000000,1504236000.000000,1902221591.000000,-4.000000,-3.790000,-381229000.000000,-6.432000,1.000000,5461000.000000,0.886000,0.000000,0.000000,1319720000.000000,1423105000.000000,0.000000,1307197000.000000,1307197000.000000,0.000000,97141000.000000,89241000.000000,7900000.000000,-307648000.000000,0.000000,4071000.000000,0.000000,0.000000,3458000.000000,69460000.000000,70123000.000000,-380566000.000000,0.000000,-503198000.000000,-503198000.000000,-503198000.000000,0.000000,0.000000,-81.622000,513448000.000000,-507987000.000000,5410000.000000,0.000000,1.392000,-4.163000,-4.137000,16317000.000000,0.000000,35.250000,339.763000,338.871000,23722000.000000,-1743701000.000000,6165000.000000,6165000.000000,314255000.000000,-0.285000,-0.301000,-0.354000,-81.622000,88179000.000000,199193000.000000,1.000000,59422343.000000,59266322.000000,59266322.000000,0.104000,1601377000.000000,0.000000,0.000000,0.000000,27.020000
ART,2022-09-30,2022-11-08,2022-09-30,2022-Q3,1365417000.000000,2017431503.000000,2025-04-29,-14883000.000000,1486073000.000000,1654610250.000000,1465104000.000000,20969000.000000,0.004000,23.223000,-1027000.000000,201095000.000000,201095000.000000,757000.000000,-510350000.000000,14.697000,0.077000,13767000.000000,7603000.000000,6164000.000000,13767000.000000,0.000000,1165000.000000,0.000000,0.000000,0.000000,-510350000.000000,-509185000.000000,-78.772000,-509185000.000000,-510350000.000000,-510350000.000000,-8.620000,-8.620000,-8.620000,1380122000.000000,1557972750.000000,1380122000.000000,1830103503.000000,-4.000000,-3.594000,-431632000.000000,-7.263000,1.000000,5707000.000000,0.883000,0.000000,0.000000,1199058000.000000,1361694750.000000,0.000000,1193813000.000000,1193813000.000000,0.000000,105951000.000000,99687000.000000,6264000.000000,-222339000.000000,0.000000,3499000.000000,0.000000,0.000000,2871000.000000,205395000.000000,206422000.000000,-430605000.000000,0.000000,-510350000.000000,-510350000.000000,-510350000.000000,0.000000,0.000000,-78.953000,524280000.000000,-518573000.000000,7077000.000000,0.000000,1.462000,-3.953000,-3.934000,14791000.000000,0.000000,33.910000,312.103000,311.759000,18448000.000000,-1881024000.000000,6464000.000000,6464000.000000,312311000.000000,-0.308000,-0.328000,-0.375000,-78.953000,67006000.000000,211969000.000000,1.000000,59493704.000000,59428123.000000,59428123.000000,0.109000,1486073000.000000,0.000000,0.000000,0.000000,25.006000
ART,2022-12-31,2023-02-16,2022-12-31,2022-Q4,1237721000.000000,2690875416.000000,2025-04-29,-10206000.000000,1356449000.000000,1537400500.000000,1336980000.000000,19469000.000000,0.005000,21.121000,-937000.000000,163969000.000000,163969000.000000,813000.000000,-532784000.000000,13.470000,0.083000,12134000.000000,7643000.000000,4491000.000000,12134000.000000,0.000000,1122000.000000,0.000000,0.000000,0.000000,-532784000.000000,-531662000.000000,-69.173000,-531662000.000000,-532784000.000000,-532784000.000000,-8.980000,-8.980000,-8.980000,1252599000.000000,1438864750.000000,1252599000.000000,2539040416.000000,-5.000000,-4.776000,-460973000.000000,-7.773000,1.000000,6873000.000000,0.894000,0.000000,0.000000,1105355000.000000,1272277250.000000,0.000000,1109794000.000000,1109794000.000000,0.000000,103850000.000000,99259000.000000,4591000.000000,-131533000.000000,0.000000,3113000.000000,0.000000,0.000000,3070000.000000,325433000.000000,326370000.000000,-460036000.000000,0.000000,-532784000.000000,-532784000.000000,-532784000.000000,0.000000,0.000000,-69.319000,553862000.000000,-546989000.000000,18950000.000000,0.000000,2.148000,-5.051000,-5.018000,13430000.000000,0.000000,45.060000,350.101000,347.688000,13660000.000000,-2028170000.000000,7686000.000000,7686000.000000,326163000.000000,-0.347000,-0.370000,-0.419000,-69.319000,61602000.000000,227699000.000000,1.000000,59717608.000000,59306094.000000,59306094.000000,0.130000,1356449000.000000,0.000000,0.000000,0.000000,22.872000
ART,2023-03-31,2023-05-02,2023-03-31,2023-Q1,1118745000.000000,2722163928.000000,2025-04-29,-5088000.000000,1220686000.000000,1416146250.000000,1203437000.000000,17249000.000000,0.007000,18.989000,-993000.000000,207826000.000000,207826000.000000,757000.000000,-557557000.000000,14.210000,0.077000,10447000.000000,7684000.000000,2763000.000000,10447000.000000,0.000000,1170000.000000,0.000000,0.000000,0.000000,-557557000.000000,-556387000.000000,-59.196000,-556387000.000000,-557557000.000000,-557557000.000000,-9.370000,-9.370000,-9.370000,1133129000.000000,1317521500.000000,1133129000.000000,2524784928.000000,-5.000000,-4.538000,-506911000.000000,-8.495000,1.000000,8642000.000000,0.919000,0.000000,0.000000,938615000.000000,1140687000.000000,0.000000,923028000.000000,923028000.000000,0.000000,87557000.000000,84692000.000000,2865000.000000,27883000.000000,0.000000,4615000.000000,0.000000,0.000000,3943000.000000,529858000.000000,530851000.000000,-505918000.000000,0.000000,-557557000.000000,-557557000.000000,-557557000.000000,0.000000,0.000000,-59.321000,587901000.000000,-579259000.000000,12263000.000000,0.000000,2.402000,-4.882000,-4.861000,11725000.000000,0.000000,45.550000,289.623000,289.196000,15002000.000000,-2174998000.000000,9399000.000000,9399000.000000,340971000.000000,-0.394000,-0.423000,-0.489000,-59.321000,63087000.000000,246930000.000000,1.000000,59762106.000000,59674127.000000,59674127.000000,0.158000,1220686000.000000,0.000000,0.000000,0.000000,20.456000
ART,2023-06-30,2023-08-07,2023-06-30,2023-Q2,967220000.000000,1003056045.000000,2025-04-29,-5644000.000000,1082288000.000000,1286374000.000000,1064027000.000000,18261000.000000,0.008000,16.469000,-983000.000000,122748000.000000,122748000.000000,762000.000000,-591622000.000000,10.991000,0.099000,8728000.000000,7725000.000000,1003000.000000,8728000.000000,0.000000,1222000.000000,0.000000,0.000000,0.000000,-591622000.000000,-590400000.000000,-56.922000,-590400000.000000,-591622000.000000,-591622000.000000,-9.920000,-9.920000,-9.920000,984376000.000000,1187556500.000000,984376000.000000,889036045.000000,-2.000000,-1.506000,-531980000.000000,-8.901000,1.000000,9610000.000000,0.927000,0.000000,0.000000,871461000.000000,1028622250.000000,0.000000,881200000.000000,881200000.000000,0.000000,97912000.000000,96807000.000000,1105000.000000,-85031000.000000,0.000000,5433000.000000,0.000000,0.000000,4777000.000000,441189000.000000,442172000.000000,-530997000.000000,0.000000,-591622000.000000,-591622000.000000,-591622000.000000,0.000000,0.000000,-57.040000,630919000.000000,-621309000.000000,9283000.000000,0.000000,1.019000,-1.695000,-1.689000,10040000.000000,0.000000,16.750000,96.708000,96.523000,15090000.000000,-2335323000.000000,10372000.000000,10372000.000000,360835000.000000,-0.460000,-0.498000,-0.575000,-57.040000,60144000.000000,270084000.000000,1.000000,59883943.000000,59769640.000000,59769640.000000,0.174000,1082288000.000000,0.000000,0.000000,0.000000,18.108000
ART,2023-09-30,2023-11-07,2023-09-30,2023-Q3,800266000.000000,1177162339.000000,2025-04-29,-3735000.000000,949663000.000000,1152271500.000000,933270000.000000,16393000.000000,0.010000,13.631000,-947000.000000,150044000.000000,150044000.000000,1483000.000000,-655929000.000000,7.017000,0.163000,6967000.000000,6967000.000000,0.000000,6967000.000000,0.000000,1274000.000000,0.000000,0.000000,0.000000,-655929000.000000,-654655000.000000,-57.684000,-654655000.000000,-655929000.000000,-655929000.000000,-10.980000,-10.980000,-10.980000,816659000.000000,1046690750.000000,816659000.000000,1034085339.000000,-2.000000,-1.580000,-548945000.000000,-9.162000,1.000000,9866000.000000,0.869000,0.000000,0.000000,673582000.000000,897253250.000000,0.000000,727340000.000000,727340000.000000,0.000000,133004000.000000,133004000.000000,0.000000,-51051000.000000,0.000000,6963000.000000,0.000000,0.000000,6318000.000000,490629000.000000,491576000.000000,-547998000.000000,0.000000,-655929000.000000,-655929000.000000,-655929000.000000,0.000000,0.000000,-57.796000,701544000.000000,-691678000.000000,11136000.000000,0.000000,1.441000,-1.795000,-1.788000,8468000.000000,0.000000,19.630000,103.724000,103.629000,22513000.000000,-2536953000.000000,11349000.000000,11349000.000000,381201000.000000,-0.569000,-0.627000,-0.731000,-57.796000,75666000.000000,286744000.000000,1.000000,59967516.000000,59912378.000000,59912378.000000,0.189000,949663000.000000,0.000000,0.000000,0.000000,15.851000
ART,2023-12-31,2024-02-14,2023-12-31,2023-Q4,786603000.000000,1547747190.000000,2025-04-29,-814000.000000,882277000.000000,1033728500.000000,869350000.000000,12927000.000000,0.084000,13.362000,-553000.000000,72324000.000000,72324000.000000,2159000.000000,-541489000.000000,10.506000,0.103000,5165000.000000,5165000.000000,0.000000,5165000.000000,0.000000,1393000.000000,0.000000,0.000000,0.000000,-541489000.000000,-540096000.000000,-6.247000,-540096000.000000,-541489000.000000,-541489000.000000,-9.050000,-9.050000,-9.050000,799530000.000000,933423500.000000,799530000.000000,1480588190.000000,-3.000000,-2.741000,-541138000.000000,-9.044000,1.000000,84296000.000000,0.975000,0.000000,0.000000,732371000.000000,804007250.000000,0.000000,682192000.000000,682192000.000000,0.000000,82747000.000000,82747000.000000,0.000000,-91645000.000000,0.000000,6930000.000000,0.000000,0.000000,6027000.000000,442913000.000000,443466000.000000,-540585000.000000,0.000000,-541489000.000000,-541489000.000000,-541489000.000000,0.000000,0.000000,-6.263000,664145000.000000,-579849000.000000,10318000.000000,0.000000,1.936000,-2.858000,-2.845000,6379000.000000,0.000000,25.750000,17.902000,17.822000,83009000.000000,-2569659000.000000,86455000.000000,86455000.000000,356235000.000000,-0.524000,-0.580000,-0.673000,-6.263000,73367000.000000,274524000.000000,1.000000,60106687.000000,59836441.000000,59836441.000000,1.445000,882277000.000000,0.000000,0.000000,0.000000,14.745000
ART,2024-03-31,2024-04-25,2024-03-31,2024-Q1,693643000.000000,817271981.000000,2025-04-29,-787000.000000,767600000.000000,920457000.000000,755442000.000000,12158000.000000,0.099000,11.737000,-328000.000000,175485000.000000,175485000.000000,3199000.000000,-503144000.000000,12.224000,0.088000,3306000.000000,3306000.000000,0.000000,3306000.000000,0.000000,1406000.000000,0.000000,0.000000,0.000000,-503144000.000000,-501738000.000000,-5.510000,-501738000.000000,-503144000.000000,-503144000.000000,-8.390000,-8.390000,-8.390000,705801000.000000,826591500.000000,705801000.000000,645092981.000000,-1.000000,-1.286000,-425063000.000000,-7.068000,1.000000,87865000.000000,0.965000,0.000000,0.000000,533622000.000000,702759000.000000,0.000000,544360000.000000,544360000.000000,0.000000,61799000.000000,61799000.000000,0.000000,-32341000.000000,0.000000,5188000.000000,0.000000,0.000000,4912000.000000,387482000.000000,387810000.000000,-424735000.000000,0.000000,-503144000.000000,-503144000.000000,-503144000.000000,0.000000,0.000000,-5.525000,629920000.000000,-542055000.000000,6479000.000000,0.000000,1.158000,-1.624000,-1.619000,4442000.000000,0.000000,13.580000,8.975000,8.968000,10509000.000000,-2678142000.000000,91064000.000000,91064000.000000,335144000.000000,-0.547000,-0.609000,-0.716000,-5.525000,67027000.000000,261390000.000000,1.000000,60182031.000000,60136198.000000,60136198.000000,1.514000,767600000.000000,0.000000,0.000000,0.000000,12.764000
ART,2024-06-30,2024-07-31,2024-06-30,2024-Q2,617768000.000000,668502077.000000,2025-04-29,-691000.000000,697105000.000000,824161250.000000,686811000.000000,10294000.000000,0.118000,10.375000,-216000.000000,101233000.000000,101233000.000000,4401000.000000,-445673000.000000,9.948000,0.110000,1411000.000000,1411000.000000,0.000000,1411000.000000,0.000000,1386000.000000,0.000000,0.000000,0.000000,-445673000.000000,-444287000.000000,-4.569000,-444287000.000000,-445673000.000000,-445673000.000000,-7.410000,-7.410000,-7.410000,628062000.000000,737513000.000000,628062000.000000,568680077.000000,-1.000000,-1.280000,-373870000.000000,-6.176000,1.000000,92843000.000000,0.955000,0.000000,0.000000,528240000.000000,616953750.000000,0.000000,546892000.000000,546892000.000000,0.000000,69043000.000000,69043000.000000,0.000000,-20015000.000000,0.000000,12522000.000000,0.000000,0.000000,12136000.000000,341503000.000000,341719000.000000,-373654000.000000,0.000000,-445673000.000000,-445673000.000000,-445673000.000000,0.000000,0.000000,-4.583000,575741000.000000,-482898000.000000,8650000.000000,0.000000,1.064000,-1.500000,-1.478000,2494000.000000,0.000000,10.950000,6.874000,6.817000,9943000.000000,-2780996000.000000,97244000.000000,97244000.000000,300547000.000000,-0.541000,-0.604000,-0.722000,-4.583000,72501000.000000,241808000.000000,1.000000,61050418.000000,60538319.000000,60538319.000000,1.606000,697105000.000000,0.000000,0.000000,0.000000,11.515000
ART,2024-09-30,2024-10-29,2024-09-30,2024-Q3,544581000.000000,518749270.000000,2025-04-29,901000.000000,622432000.000000,742353500.000000,604987000.000000,17445000.000000,0.143000,9.029000,112000.000000,100959000.000000,100959000.000000,8774000.000000,-337594000.000000,10.015000,0.128000,10274000.000000,83000.000000,10191000.000000,10274000.000000,0.000000,1311000.000000,0.000000,0.000000,0.000000,-337594000.000000,-336283000.000000,-3.161000,-336283000.000000,-337594000.000000,-337594000.000000,-5.570000,-5.570000,-5.570000,551835000.000000,671307000.000000,551835000.000000,428064270.000000,-1.000000,-1.273000,-320041000.000000,-5.237000,1.000000,97625000.000000,0.918000,0.000000,0.000000,471341000.000000,566393500.000000,0.000000,469527000.000000,469527000.000000,0.000000,70597000.000000,60406000.000000,10191000.000000,-47585000.000000,0.000000,11184000.000000,0.000000,0.000000,10403000.000000,262165000.000000,262053000.000000,-320153000.000000,0.000000,-337594000.000000,-337594000.000000,-337594000.000000,0.000000,0.000000,-3.173000,469876000.000000,-372251000.000000,7126000.000000,0.000000,0.940000,-1.537000,-1.522000,12270000.000000,0.000000,8.480000,4.876000,4.871000,14871000.000000,-2874547000.000000,106399000.000000,106399000.000000,253204000.000000,-0.455000,-0.503000,-0.596000,-3.173000,58017000.000000,216885000.000000,1.000000,61173263.000000,61116524.000000,61116524.000000,1.741000,622432000.000000,0.000000,0.000000,0.000000,10.184000
ART,2024-12-31,2025-02-11,2024-12-31,2024-Q4,459686000.000000,442048009.000000,2025-04-29,244000.000000,547222000.000000,658589750.000000,531301000.000000,15921000.000000,0.063000,7.654000,0.000000,82471000.000000,82471000.000000,9444000.000000,-400666000.000000,7.419000,0.177000,11836000.000000,1318000.000000,10518000.000000,11836000.000000,0.000000,1031000.000000,0.000000,0.000000,0.000000,-400666000.000000,-399635000.000000,-9.690000,-399635000.000000,-400666000.000000,-400666000.000000,-6.590000,-6.590000,-6.590000,465089000.000000,587696750.000000,465089000.000000,371413009.000000,-1.000000,-0.929000,-267194000.000000,-4.397000,1.000000,31799000.000000,0.771000,0.000000,0.000000,404972000.000000,484543750.000000,0.000000,423397000.000000,423397000.000000,0.000000,82133000.000000,71615000.000000,10518000.000000,10147000.000000,0.000000,11183000.000000,0.000000,0.000000,10663000.000000,266678000.000000,266678000.000000,-267194000.000000,0.000000,-400666000.000000,-400666000.000000,-400666000.000000,0.000000,0.000000,-9.715000,464169000.000000,-432370000.000000,12699000.000000,0.000000,0.950000,-1.103000,-1.091000,11643000.000000,0.000000,7.190000,10.718000,10.593000,9134000.000000,-2970325000.000000,41243000.000000,41243000.000000,225895000.000000,-0.608000,-0.682000,-0.827000,-9.715000,54504000.000000,216420000.000000,1.000000,61480947.000000,60765913.000000,60765913.000000,0.679000,547222000.000000,0.000000,0.000000,0.000000,9.005000
ART,2025-03-31,2025-04-29,2025-03-31,2025-Q1,404698000.000000,475917274.000000,2025-04-29,142000.000000,469669000.000000,584107000.000000,454476000.000000,15193000.000000,0.081000,6.626000,0.000000,46674000.000000,46674000.000000,8829000.000000,-354397000.000000,9.130000,0.146000,11855000.000000,1812000.000000,10043000.000000,11855000.000000,0.000000,807000.000000,0.000000,0.000000,0.000000,-354397000.000000,-353590000.000000,-7.459000,-353590000.000000,-354397000.000000,-354397000.000000,-5.800000,-5.800000,-5.800000,409848000.000000,513708500.000000,409848000.000000,441098274.000000,-1.000000,-1.247000,-311090000.000000,-5.029000,1.000000,38575000.000000,0.814000,0.000000,0.000000,385072000.000000,447406250.000000,0.000000,378630000.000000,378630000.000000,0.000000,59821000.000000,49778000.000000,10043000.000000,-128811000.000000,0.000000,9866000.000000,0.000000,0.000000,9254000.000000,173025000.000000,173025000.000000,-311090000.000000,0.000000,-354397000.000000,-354397000.000000,-354397000.000000,0.000000,0.000000,-7.476000,420726000.000000,-382151000.000000,5435000.000000,0.000000,1.161000,-1.343000,-1.310000,11135000.000000,0.000000,7.600000,10.040000,9.917000,10729000.000000,-3032539000.000000,47404000.000000,47404000.000000,176921000.000000,-0.607000,-0.690000,-0.792000,-7.476000,47733000.000000,221438000.000000,1.000000,62620694.000000,61857573.000000,61857573.000000,0.766000,469669000.000000,0.000000,0.000000,0.000000,7.593000
ARY,2014-12-31,2015-03-06,2014-12-31,2014-FY,121065000.000000,1109257410.000000,2025-04-29,0.000000,129665000.000000,94014000.000000,128822000.000000,843000.000000,0.000000,5.650000,-128000.000000,127805000.000000,127805000.000000,0.000000,-33811000.000000,16.607000,0.064000,0.000000,0.000000,0.000000,0.000000,0.000000,51000.000000,0.000000,0.000000,0.000000,-33811000.000000,-33760000.000000,,-33760000.000000,-33811000.000000,-33811000.000000,-1.670000,-1.670000,-1.670000,121885000.000000,43163500.000000,121885000.000000,981452410.000000,-29.000000,-29.071000,-27170000.000000,-1.259000,1.000000,0.000000,,0.000000,0.000000,-5897000.000000,-3232750.000000,0.000000,0.000000,0.000000,0.000000,7780000.000000,7757000.000000,23000.000000,119700000.000000,0.000000,96295000.000000,0.000000,0.000000,146870000.000000,-128000.000000,0.000000,-27042000.000000,0.000000,-33811000.000000,-36105000.000000,-36105000.000000,0.000000,0.000000,,33810000.000000,-33810000.000000,2429000.000000,0.000000,9.101000,-30.723000,-25.737000,163000.000000,2294000.000000,42.980000,,,0.000000,-66845000.000000,0.000000,0.000000,24100000.000000,-0.384000,-0.836000,10.459000,,2639000.000000,9710000.000000,1.000000,25808688.000000,21574347.000000,21574347.000000,0.000000,129665000.000000,641000.000000,0.000000,641000.000000,6.010000
ARY,2014-12-31,2015-04-13,2014-12-31,2014-FY,121065000.000000,1348503948.000000,2025-04-29,0.000000,129665000.000000,94014000.000000,128822000.000000,843000.000000,0.000000,5.650000,-128000.000000,127805000.000000,127805000.000000,0.000000,-33811000.000000,16.607000,0.064000,0.000000,0.000000,0.000000,0.000000,0.000000,51000.000000,0.000000,0.000000,0.000000,-33811000.000000,-33760000.000000,,-33760000.000000,-33811000.000000,-33811000.000000,-1.670000,-1.670000,-1.670000,121885000.000000,43163500.000000,121885000.000000,1220698948.000000,-36.000000,-36.158000,-27170000.000000,-1.259000,1.000000,0.000000,,0.000000,0.000000,-5897000.000000,-3232750.000000,0.000000,0.000000,0.000000,0.000000,7780000.000000,7757000.000000,23000.000000,119700000.000000,0.000000,96295000.000000,0.000000,0.000000,146870000.000000,-128000.000000,0.000000,-27042000.000000,0.000000,-33811000.000000,-36105000.000000,-36105000.000000,0.000000,0.000000,,33810000.000000,-33810000.000000,2429000.000000,0.000000,11.064000,-37.350000,-31.287000,163000.000000,2294000.000000,52.250000,,,0.000000,-66845000.000000,0.000000,0.000000,24100000.000000,-0.384000,-0.836000,10.459000,,2639000.000000,9710000.000000,1.000000,25808688.000000,21574347.000000,21574347.000000,0.000000,129665000.000000,641000.000000,0.000000,641000.000000,6.010000
ARY,2015-12-31,2016-02-29,2015-12-31,2015-FY,173184000.000000,941452298.000000,2025-04-29,0.000000,189016000.000000,185344250.000000,188491000.000000,525000.000000,0.000000,6.253000,-198000.000000,186792000.000000,186792000.000000,0.000000,-94495000.000000,12.314000,0.088000,0.000000,0.000000,0.000000,0.000000,0.000000,115000.000000,0.000000,0.000000,0.000000,-94495000.000000,-94380000.000000,,-94380000.000000,-94495000.000000,-94495000.000000,-3.400000,-3.400000,-3.400000,173695000.000000,173940000.000000,173695000.000000,754660298.000000,-8.000000,-7.996000,-70879000.000000,-2.552000,1.000000,0.000000,,0.000000,0.000000,-13083000.000000,-8337000.000000,0.000000,0.000000,0.000000,0.000000,15321000.000000,15307000.000000,14000.000000,58987000.000000,0.000000,130450000.000000,0.000000,0.000000,129866000.000000,-198000.000000,0.000000,-70681000.000000,0.000000,-94495000.000000,-94495000.000000,-94495000.000000,0.000000,0.000000,,94650000.000000,-94650000.000000,5159000.000000,0.000000,5.420000,-9.963000,-8.647000,286000.000000,0.000000,29.400000,,,0.000000,-161340000.000000,0.000000,0.000000,69357000.000000,-0.510000,-0.543000,11.334000,,15240000.000000,25293000.000000,1.000000,32022187.000000,27778288.000000,27778288.000000,0.000000,189016000.000000,0.000000,0.000000,0.000000,6.804000
ARY,2016-12-31,2017-02-24,2016-12-31,2016-FY,367410000.000000,2321932214.000000,2025-04-29,-102000.000000,404531000.000000,354993000.000000,402579000.000000,1952000.000000,0.000000,11.003000,-1421000.000000,169081000.000000,169081000.000000,0.000000,-158987000.000000,11.447000,0.098000,0.000000,0.000000,0.000000,0.000000,0.000000,281000.000000,0.000000,0.000000,0.000000,-158987000.000000,-158706000.000000,,-158706000.000000,-158987000.000000,-158987000.000000,-4.750000,-4.750000,-4.750000,368517000.000000,331740750.000000,368517000.000000,2152851214.000000,-14.000000,-13.565000,-120099000.000000,-3.586000,1.000000,0.000000,,0.000000,0.000000,200281000.000000,87288750.000000,0.000000,228962000.000000,228962000.000000,0.000000,36014000.000000,35169000.000000,845000.000000,-18236000.000000,0.000000,331581000.000000,0.000000,0.000000,330982000.000000,-230540000.000000,-228594000.000000,-118678000.000000,0.000000,-158987000.000000,-158987000.000000,-158987000.000000,0.000000,0.000000,,160163000.000000,-160163000.000000,12817000.000000,0.000000,6.301000,-14.605000,-13.116000,1388000.000000,0.000000,62.300000,,,0.000000,-320327000.000000,0.000000,0.000000,120756000.000000,-0.448000,-0.479000,-1.821000,,23020000.000000,39407000.000000,1.000000,37270180.000000,33492795.000000,33492795.000000,0.000000,404531000.000000,0.000000,0.000000,0.000000,12.078000
ARY,2017-12-31,2018-02-22,2017-12-31,2017-FY,473124000.000000,7113891876.000000,2025-04-29,-29000.000000,529937000.000000,356400500.000000,525075000.000000,4862000.000000,0.000000,12.475000,-1360000.000000,307084000.000000,307084000.000000,0.000000,-270120000.000000,10.107000,0.115000,0.000000,0.000000,0.000000,0.000000,0.000000,531000.000000,0.000000,0.000000,0.000000,-270120000.000000,-269589000.000000,,-269589000.000000,-270120000.000000,-270120000.000000,-7.090000,-7.090000,-7.090000,475475000.000000,313569250.000000,475475000.000000,6806807876.000000,-25.000000,-25.249000,-220637000.000000,-5.789000,1.000000,0.000000,,0.000000,0.000000,170902000.000000,134119750.000000,0.000000,212613000.000000,212613000.000000,0.000000,54462000.000000,51951000.000000,2511000.000000,137718000.000000,0.000000,341997000.000000,0.000000,0.000000,341818000.000000,15177000.000000,16822000.000000,-219277000.000000,0.000000,-270120000.000000,-270120000.000000,-270120000.000000,0.000000,0.000000,,273155000.000000,-273155000.000000,9350000.000000,0.000000,14.962000,-26.336000,-21.918000,4013000.000000,0.000000,155.400000,,,0.000000,-590447000.000000,0.000000,0.000000,210277000.000000,-0.758000,-0.861000,-2.014000,,35534000.000000,62878000.000000,1.000000,45777940.000000,38113678.000000,38113678.000000,0.000000,529937000.000000,0.000000,0.000000,0.000000,13.904000
ARY,2018-12-31,2019-02-19,2018-12-31,2018-FY,858665000.000000,7202821888.000000,2025-04-29,-515000.000000,952705000.000000,1057459750.000000,944695000.000000,8010000.000000,0.085000,18.711000,-2860000.000000,193310000.000000,193310000.000000,0.000000,-372882000.000000,10.981000,0.104000,0.000000,0.000000,0.000000,0.000000,0.000000,1143000.000000,0.000000,0.000000,0.000000,-372882000.000000,-371739000.000000,-4.118000,-371739000.000000,-372882000.000000,-372882000.000000,-8.080000,-8.080000,-8.080000,862971000.000000,997128750.000000,862971000.000000,7009511888.000000,-19.000000,-18.856000,-263531000.000000,-5.714000,1.000000,90273000.000000,1.000000,0.000000,0.000000,673365000.000000,667304250.000000,0.000000,731833000.000000,731833000.000000,0.000000,89734000.000000,86030000.000000,3704000.000000,-113774000.000000,0.000000,660602000.000000,0.000000,0.000000,659358000.000000,-512461000.000000,-509601000.000000,-260671000.000000,0.000000,-372882000.000000,-372882000.000000,-372882000.000000,0.000000,0.000000,-4.131000,483511000.000000,-393238000.000000,34036000.000000,0.000000,8.347000,-19.317000,-18.929000,5643000.000000,0.000000,152.950000,79.789000,78.143000,0.000000,-963329000.000000,90273000.000000,90273000.000000,282107000.000000,-0.353000,-0.374000,-0.559000,-4.131000,101963000.000000,201404000.000000,1.000000,47092657.000000,46121194.000000,46121194.000000,1.957000,952705000.000000,0.000000,0.000000,0.000000,20.657000
ARY,2019-12-31,2020-02-27,2019-12-31,2019-FY,922965000.000000,2699897351.000000,2025-04-29,1295000.000000,1084150000.000000,1256584500.000000,1035093000.000000,49057000.000000,0.005000,18.583000,-5751000.000000,129072000.000000,129072000.000000,400000.000000,-680238000.000000,9.231000,0.148000,37092000.000000,10244000.000000,26848000.000000,37092000.000000,0.000000,2283000.000000,0.000000,0.000000,0.000000,-680238000.000000,-677955000.000000,-98.712000,-677955000.000000,-680238000.000000,-680238000.000000,-13.380000,-13.380000,-13.380000,944655000.000000,1137033750.000000,944655000.000000,2607917351.000000,-4.000000,-3.847000,-534457000.000000,-10.514000,1.000000,6468000.000000,0.942000,0.000000,0.000000,880042000.000000,977095000.000000,0.000000,881688000.000000,881688000.000000,0.000000,139495000.000000,112128000.000000,27367000.000000,-64238000.000000,0.000000,610127000.000000,0.000000,0.000000,607624000.000000,-143156000.000000,-137405000.000000,-528706000.000000,0.000000,-680238000.000000,-680238000.000000,-680238000.000000,0.000000,0.000000,-99.045000,714592000.000000,-708124000.000000,15266000.000000,0.000000,2.858000,-3.969000,-3.887000,42897000.000000,0.000000,52.010000,393.113000,384.955000,0.000000,-1643567000.000000,6868000.000000,6868000.000000,368815000.000000,-0.541000,-0.598000,-0.696000,-99.045000,153231000.000000,345777000.000000,1.000000,51911120.000000,50833837.000000,50833837.000000,0.135000,1084150000.000000,0.000000,0.000000,0.000000,21.327000
ARY,2020-12-31,2021-02-24,2020-12-31,2020-FY,2055166000.000000,4964799582.000000,2025-04-29,415000.000000,2159246000.000000,1167522250.000000,2122370000.000000,36876000.000000,0.954000,39.865000,-345000.000000,1662798000.000000,1662798000.000000,565000.000000,606073000.000000,31.581000,0.042000,28100000.000000,8662000.000000,19438000.000000,28100000.000000,0.000000,2630000.000000,0.000000,0.000000,0.000000,606073000.000000,608703000.000000,0.546000,608703000.000000,606073000.000000,606073000.000000,11.660000,11.430000,11.660000,2072334000.000000,1079759000.000000,2072334000.000000,3330101582.000000,5.000000,5.471000,663935000.000000,12.772000,1.000000,1113635000.000000,0.999000,0.000000,0.000000,457344000.000000,555243750.000000,0.000000,438467000.000000,438467000.000000,0.000000,86912000.000000,67204000.000000,19708000.000000,1533726000.000000,0.000000,426762000.000000,0.000000,0.000000,426762000.000000,442684000.000000,443029000.000000,664280000.000000,0.000000,606073000.000000,606073000.000000,606073000.000000,0.000000,0.000000,0.544000,517409000.000000,596226000.000000,3691000.000000,0.000000,2.396000,8.192000,7.293000,31819000.000000,0.000000,85.040000,4.456000,3.968000,0.000000,-1037494000.000000,1114200000.000000,1114200000.000000,292714000.000000,0.519000,0.561000,1.092000,0.544000,95994000.000000,196952000.000000,1.000000,58381933.000000,51983188.000000,53003115.000000,21.434000,2159246000.000000,0.000000,0.000000,0.000000,41.537000
ARY,2021-12-31,2022-02-24,2021-12-31,2021-FY,1715450000.000000,2049755628.000000,2025-04-29,-2660000.000000,1825288000.000000,1962160250.000000,1800643000.000000,24645000.000000,0.003000,29.470000,-372000.000000,295502000.000000,295502000.000000,553000.000000,-457892000.000000,21.136000,0.056000,18432000.000000,7468000.000000,10964000.000000,18432000.000000,0.000000,4182000.000000,0.000000,0.000000,0.000000,-457892000.000000,-453710000.000000,-71.926000,-453710000.000000,-457892000.000000,-457892000.000000,-7.800000,-7.800000,-7.800000,1729031000.000000,1874368250.000000,1729031000.000000,1772685628.000000,-4.000000,-3.907000,-378554000.000000,-6.452000,1.000000,5755000.000000,0.912000,0.000000,0.000000,1463025000.000000,1374520250.000000,0.000000,1448063000.000000,1448063000.000000,0.000000,96257000.000000,85193000.000000,11064000.000000,-1367296000.000000,0.000000,14719000.000000,0.000000,0.000000,13334000.000000,-1002448000.000000,-1002076000.000000,-378182000.000000,0.000000,-457892000.000000,-457892000.000000,-457892000.000000,0.000000,0.000000,-72.589000,466664000.000000,-460909000.000000,10450000.000000,0.000000,1.185000,-4.477000,-4.450000,19125000.000000,0.000000,34.710000,324.945000,322.835000,18506000.000000,-1495386000.000000,6308000.000000,6308000.000000,283166000.000000,-0.233000,-0.244000,-0.333000,-72.589000,104629000.000000,183498000.000000,1.000000,59053749.000000,58670230.000000,58670230.000000,0.108000,1825288000.000000,0.000000,0.000000,0.000000,31.111000
ARY,2022-12-31,2023-02-16,2022-12-31,2022-FY,1237721000.000000,2690875416.000000,2025-04-29,-10206000.000000,1356449000.000000,1537400500.000000,1336980000.000000,19469000.000000,0.005000,21.121000,-937000.000000,163969000.000000,163969000.000000,813000.000000,-532784000.000000,13.470000,0.083000,12134000.000000,7643000.000000,4491000.000000,12134000.000000,0.000000,1122000.000000,0.000000,0.000000,0.000000,-532784000.000000,-531662000.000000,-69.173000,-531662000.000000,-532784000.000000,-532784000.000000,-8.980000,-8.980000,-8.980000,1252599000.000000,1438864750.000000,1252599000.000000,2539040416.000000,-5.000000,-4.776000,-460973000.000000,-7.773000,1.000000,6873000.000000,0.894000,0.000000,0.000000,1105355000.000000,1272277250.000000,0.000000,1109794000.000000,1109794000.000000,0.000000,103850000.000000,99259000.000000,4591000.000000,-131533000.000000,0.000000,3113000.000000,0.000000,0.000000,3070000.000000,325433000.000000,326370000.000000,-460036000.000000,0.000000,-532784000.000000,-532784000.000000,-532784000.000000,0.000000,0.000000,-69.319000,553862000.000000,-546989000.000000,18950000.000000,0.000000,2.148000,-5.051000,-5.018000,13430000.000000,0.000000,45.060000,350.101000,347.688000,13660000.000000,-2028170000.000000,7686000.000000,7686000.000000,326163000.000000,-0.347000,-0.370000,-0.419000,-69.319000,61602000.000000,227699000.000000,1.000000,59717608.000000,59306094.000000,59306094.000000,0.130000,1356449000.000000,0.000000,0.000000,0.000000,22.872000
ARY,2023-12-31,2024-02-14,2023-12-31,2023-FY,786603000.000000,1547747190.000000,2025-04-29,-814000.000000,882277000.000000,1033728500.000000,869350000.000000,12927000.000000,0.084000,13.362000,-553000.000000,72324000.000000,72324000.000000,2159000.000000,-541489000.000000,10.506000,0.103000,5165000.000000,5165000.000000,0.000000,5165000.000000,0.000000,1393000.000000,0.000000,0.000000,0.000000,-541489000.000000,-540096000.000000,-6.247000,-540096000.000000,-541489000.000000,-541489000.000000,-9.050000,-9.050000,-9.050000,799530000.000000,933423500.000000,799530000.000000,1480588190.000000,-3.000000,-2.741000,-541138000.000000,-9.044000,1.000000,84296000.000000,0.975000,0.000000,0.000000,732371000.000000,804007250.000000,0.000000,682192000.000000,682192000.000000,0.000000,82747000.000000,82747000.000000,0.000000,-91645000.000000,0.000000,6930000.000000,0.000000,0.000000,6027000.000000,442913000.000000,443466000.000000,-540585000.000000,0.000000,-541489000.000000,-541489000.000000,-541489000.000000,0.000000,0.000000,-6.263000,664145000.000000,-579849000.000000,10318000.000000,0.000000,1.936000,-2.858000,-2.845000,6379000.000000,0.000000,25.750000,17.902000,17.822000,83009000.000000,-2569659000.000000,86455000.000000,86455000.000000,356235000.000000,-0.524000,-0.580000,-0.673000,-6.263000,73367000.000000,274524000.000000,1.000000,60106687.000000,59836441.000000,59836441.000000,1.445000,882277000.000000,0.000000,0.000000,0.000000,14.745000
ARY,2024-12-31,2025-02-11,2024-12-31,2024-FY,459686000.000000,442048009.000000,2025-04-29,244000.000000,547222000.000000,658589750.000000,531301000.000000,15921000.000000,0.063000,7.654000,0.000000,82471000.000000,82471000.000000,9444000.000000,-400666000.000000,7.419000,0.177000,11836000.000000,1318000.000000,10518000.000000,11836000.000000,0.000000,1031000.000000,0.000000,0.000000,0.000000,-400666000.000000,-399635000.000000,-9.690000,-399635000.000000,-400666000.000000,-400666000.000000,-6.590000,-6.590000,-6.590000,465089000.000000,587696750.000000,465089000.000000,371413009.000000,-1.000000,-0.929000,-267194000.000000,-4.397000,1.000000,31799000.000000,0.771000,0.000000,0.000000,404972000.000000,484543750.000000,0.000000,423397000.000000,423397000.000000,0.000000,82133000.000000,71615000.000000,10518000.000000,10147000.000000,0.000000,11183000.000000,0.000000,0.000000,10663000.000000,266678000.000000,266678000.000000,-267194000.000000,0.000000,-400666000.000000,-400666000.000000,-400666000.000000,0.000000,0.000000,-9.715000,464169000.000000,-432370000.000000,12699000.000000,0.000000,0.950000,-1.103000,-1.091000,11643000.000000,0.000000,7.190000,10.718000,10.593000,9134000.000000,-2970325000.000000,41243000.000000,41243000.000000,225895000.000000,-0.608000,-0.682000,-0.827000,-9.715000,54504000.000000,216420000.000000,1.000000,61480947.000000,60765913.000000,60765913.000000,0.679000,547222000.000000,0.000000,0.000000,0.000000,9.005000
MRQ,2012-12-31,2012-12-31,2012-12-31,2012-Q4,1407000.000000,,2025-04-29,0.000000,2995000.000000,,2826000.000000,169000.000000,,-11.977000,,2841000.000000,2841000.000000,,,1.992000,-0.106000,0.000000,0.000000,0.000000,0.000000,0.000000,,0.000000,,0.000000,,,,,,,,,,-13394000.000000,,-13394000.000000,,,,,,1.000000,,,0.000000,,-1265000.000000,,0.000000,0.000000,0.000000,0.000000,1419000.000000,1419000.000000,0.000000,,,,,,,,,,,,,,,,,,,1314000.000000,,,,,130000.000000,,,,,0.000000,-13394000.000000,,,,,,,,,,1.000000,,1118288.000000,,,2995000.000000,0.000000,,0.000000,2.678000
MRQ,2013-03-31,2013-03-31,2013-03-31,2013-Q1,,,2025-04-29,,,,,,,,-3000.000000,,,0.000000,-3389000.000000,,,,,,,,11000.000000,,,0.000000,-3389000.000000,-3378000.000000,,-3378000.000000,-3389000.000000,-3389000.000000,-2.390000,-2.390000,-2.390000,,,,,,,-3043000.000000,-2.142000,1.000000,0.000000,,,0.000000,,,,,,,,,,1957000.000000,0.000000,0.000000,0.000000,0.000000,5000000.000000,-3000.000000,0.000000,-3040000.000000,0.000000,-3389000.000000,-3389000.000000,-3389000.000000,0.000000,0.000000,,3389000.000000,-3389000.000000,,0.000000,,,,,0.000000,,,,,,0.000000,0.000000,2583000.000000,,,,,0.000000,806000.000000,1.000000,,1420645.000000,1420645.000000,0.000000,,,0.000000,,
MRQ,2013-06-30,2013-06-30,2013-06-30,2013-Q2,,,2025-04-29,,,,,,,,0.000000,,,0.000000,-4655000.000000,,,,,,,,12000.000000,,,0.000000,-4655000.000000,-4643000.000000,,-4643000.000000,-4655000.000000,-4655000.000000,-3.180000,-3.180000,-3.180000,,,,,,,-4266000.000000,-2.913000,1.000000,0.000000,,,0.000000,,,,,,,,,,-4236000.000000,0.000000,35000.000000,0.000000,0.000000,30000.000000,0.000000,0.000000,-4266000.000000,0.000000,-4655000.000000,-4655000.000000,-4655000.000000,0.000000,0.000000,,4655000.000000,-4655000.000000,,0.000000,,,,,0.000000,,,,,,0.000000,0.000000,3854000.000000,,,,,12000.000000,801000.000000,1.000000,,1464419.000000,1464419.000000,0.000000,,,0.000000,,
MRQ,2013-09-30,2013-09-30,2013-09-30,2013-Q3,,,2025-04-29,,,,,,,,0.000000,,,0.000000,-4519000.000000,,,,,,,,11000.000000,,,0.000000,-4519000.000000,-4508000.000000,,-4508000.000000,-4519000.000000,-4519000.000000,-2.980000,-2.980000,-2.980000,,,,,,,-5171000.000000,-3.414000,1.000000,0.000000,,,0.000000,,,,,,,,,,12321000.000000,0.000000,2000.000000,0.000000,0.000000,17492000.000000,0.000000,0.000000,-5171000.000000,0.000000,-4519000.000000,-4519000.000000,-4519000.000000,0.000000,0.000000,,4519000.000000,-4519000.000000,,0.000000,,,,,0.000000,,,,,,0.000000,0.000000,3408000.000000,,,,,20000.000000,1111000.000000,1.000000,,1514838.000000,1514838.000000,0.000000,,,0.000000,,
MRQ,2013-12-31,2013-12-31,2013-12-31,2013-Q4,6092000.000000,,2025-04-29,0.000000,8532000.000000,,8407000.000000,125000.000000,,-20.125000,0.000000,8105000.000000,8105000.000000,0.000000,-5718000.000000,3.632000,-0.075000,0.000000,0.000000,0.000000,0.000000,0.000000,13000.000000,0.000000,,0.000000,-5718000.000000,-5705000.000000,,-5705000.000000,-5718000.000000,-5718000.000000,-3.700000,-3.700000,-3.700000,-31536000.000000,,-31536000.000000,,,,-5039000.000000,-3.216000,1.000000,0.000000,,0.000000,0.000000,-1888000.000000,,0.000000,0.000000,0.000000,0.000000,2359000.000000,2315000.000000,44000.000000,-4778000.000000,0.000000,14000.000000,0.000000,0.000000,261000.000000,0.000000,0.000000,-5039000.000000,0.000000,-5718000.000000,-5725000.000000,-5725000.000000,0.000000,0.000000,,5715000.000000,-5715000.000000,1988000.000000,0.000000,,,,86000.000000,7000.000000,,,,0.000000,-31675000.000000,0.000000,0.000000,4512000.000000,,,,,29000.000000,1203000.000000,1.000000,,1566991.000000,1566991.000000,0.000000,8532000.000000,0.000000,0.000000,0.000000,5.445000
MRQ,2014-03-31,2014-03-31,2014-03-31,2014-Q1,53572000.000000,,2025-04-29,0.000000,56777000.000000,,56660000.000000,117000.000000,,-22.604000,-3000.000000,55464000.000000,55464000.000000,0.000000,-5790000.000000,18.348000,-0.084000,0.000000,0.000000,0.000000,0.000000,0.000000,11000.000000,0.000000,,0.000000,-5790000.000000,-5779000.000000,,-5779000.000000,-5790000.000000,-5790000.000000,-3.700000,-3.700000,-3.700000,-37358000.000000,,-37358000.000000,,,,-5619000.000000,-3.400000,1.000000,0.000000,,0.000000,0.000000,-1775000.000000,,0.000000,0.000000,0.000000,0.000000,3124000.000000,3088000.000000,36000.000000,47359000.000000,0.000000,2000.000000,0.000000,0.000000,52978000.000000,-3000.000000,0.000000,-5616000.000000,0.000000,-5790000.000000,-6116000.000000,-6116000.000000,0.000000,0.000000,,5790000.000000,-5790000.000000,1626000.000000,0.000000,,,,78000.000000,326000.000000,,,,0.000000,-37465000.000000,0.000000,0.000000,4173000.000000,,,,,160000.000000,1617000.000000,1.000000,24961926.000000,1652726.000000,1652726.000000,0.000000,56777000.000000,0.000000,0.000000,0.000000,34.354000
MRQ,2014-06-30,2014-06-30,2014-06-30,2014-Q2,47612000.000000,,2025-04-29,0.000000,51651000.000000,,51543000.000000,108000.000000,,-26.340000,-2000.000000,49166000.000000,49166000.000000,0.000000,-6192000.000000,13.112000,-0.089000,0.000000,0.000000,0.000000,0.000000,0.000000,11000.000000,0.000000,,0.000000,-6192000.000000,-6181000.000000,,-6181000.000000,-6192000.000000,-6192000.000000,-4.570000,-4.570000,-4.570000,-44792000.000000,,-44792000.000000,,,,-5275000.000000,-3.102000,1.000000,0.000000,,0.000000,0.000000,-1446000.000000,,0.000000,0.000000,0.000000,0.000000,3971000.000000,3931000.000000,40000.000000,-6298000.000000,0.000000,0.000000,0.000000,0.000000,-1023000.000000,-2000.000000,0.000000,-5273000.000000,0.000000,-6192000.000000,-7769000.000000,-7769000.000000,0.000000,0.000000,,6188000.000000,-6188000.000000,1862000.000000,0.000000,,,,69000.000000,1577000.000000,,,,0.000000,-44792000.000000,0.000000,0.000000,4381000.000000,,,,,335000.000000,1807000.000000,1.000000,24961926.000000,1700517.000000,1700517.000000,0.000000,51651000.000000,0.000000,0.000000,0.000000,30.374000
MRQ,2014-09-30,2014-09-30,2014-09-30,2014-Q3,132780000.000000,809925669.000000,2025-04-29,0.000000,137963000.000000,,137790000.000000,173000.000000,,6.788000,-78000.000000,136766000.000000,136766000.000000,0.000000,-9468000.000000,27.503000,0.038000,0.000000,0.000000,0.000000,0.000000,0.000000,13000.000000,0.000000,0.000000,0.000000,-9468000.000000,-9455000.000000,,-9455000.000000,-9468000.000000,-9468000.000000,-0.500000,-0.500000,-0.500000,132919000.000000,,132919000.000000,760759669.000000,-28.000000,-28.052000,-7564000.000000,-0.386000,1.000000,0.000000,,0.000000,0.000000,-3813000.000000,,0.000000,0.000000,0.000000,0.000000,5044000.000000,5010000.000000,34000.000000,87600000.000000,0.000000,96292000.000000,0.000000,0.000000,95164000.000000,-78000.000000,0.000000,-7486000.000000,0.000000,-9468000.000000,-9859000.000000,-9859000.000000,0.000000,0.000000,,9470000.000000,-9470000.000000,2157000.000000,0.000000,6.093000,-27.484000,-2.526000,134000.000000,391000.000000,31.500000,,,0.000000,-54484000.000000,0.000000,0.000000,6601000.000000,,,,,691000.000000,2869000.000000,1.000000,25711926.000000,19581624.000000,19581624.000000,0.000000,137963000.000000,0.000000,0.000000,0.000000,7.046000
MRQ,2014-12-31,2014-12-31,2014-12-31,2014-Q4,121065000.000000,944010002.000000,2025-04-29,0.000000,129665000.000000,,128822000.000000,843000.000000,,5.650000,-45000.000000,127805000.000000,127805000.000000,0.000000,-12361000.000000,16.607000,0.064000,0.000000,0.000000,0.000000,0.000000,0.000000,16000.000000,0.000000,0.000000,0.000000,-12361000.000000,-12345000.000000,,-12345000.000000,-12361000.000000,-12361000.000000,1.410000,1.410000,1.410000,121885000.000000,,121885000.000000,807244002.000000,-24.000000,-23.911000,-8712000.000000,-0.404000,1.000000,0.000000,,0.000000,0.000000,-5897000.000000,,0.000000,0.000000,0.000000,0.000000,7780000.000000,7757000.000000,23000.000000,-8961000.000000,0.000000,1000.000000,0.000000,0.000000,-249000.000000,-45000.000000,0.000000,-8667000.000000,0.000000,-12361000.000000,-12361000.000000,-12361000.000000,0.000000,0.000000,,12361000.000000,-12361000.000000,2429000.000000,0.000000,7.745000,-26.146000,-21.916000,163000.000000,0.000000,36.600000,,,0.000000,-66845000.000000,0.000000,0.000000,8945000.000000,,,,,1326000.000000,3416000.000000,1.000000,25792623.000000,21574347.000000,21574347.000000,0.000000,129665000.000000,641000.000000,0.000000,641000.000000,6.010000
MRQ,2015-03-31,2015-03-31,2015-03-31,2015-Q1,105584000.000000,1296370398.000000,2025-04-29,0.000000,115478000.000000,,114529000.000000,949000.000000,,4.151000,-110000.000000,113201000.000000,113201000.000000,0.000000,-16871000.000000,12.804000,0.084000,0.000000,0.000000,0.000000,0.000000,0.000000,22000.000000,0.000000,0.000000,0.000000,-16871000.000000,-16849000.000000,,-16849000.000000,-16871000.000000,-16871000.000000,-0.660000,-0.660000,-0.660000,106510000.000000,,106510000.000000,1168565398.000000,-26.000000,-26.067000,-14716000.000000,-0.574000,1.000000,0.000000,,0.000000,0.000000,-6668000.000000,,0.000000,0.000000,0.000000,0.000000,8968000.000000,8945000.000000,23000.000000,-14604000.000000,0.000000,147000.000000,0.000000,0.000000,112000.000000,-110000.000000,0.000000,-14606000.000000,0.000000,-16871000.000000,-16871000.000000,-16871000.000000,0.000000,0.000000,,16897000.000000,-16897000.000000,2782000.000000,0.000000,12.171000,-27.665000,-11.627000,269000.000000,0.000000,50.230000,,,0.000000,-83716000.000000,0.000000,0.000000,12900000.000000,,,,,1349000.000000,3997000.000000,1.000000,25808688.000000,25655883.000000,25655883.000000,0.000000,115478000.000000,641000.000000,0.000000,641000.000000,4.501000
MRQ,2015-06-30,2015-06-30,2015-06-30,2015-Q2,216508000.000000,2070768808.000000,2025-04-29,0.000000,228473000.000000,,227508000.000000,965000.000000,,7.805000,-71000.000000,224273000.000000,224273000.000000,0.000000,-25027000.000000,20.683000,0.051000,0.000000,0.000000,0.000000,0.000000,0.000000,32000.000000,0.000000,0.000000,0.000000,-25027000.000000,-24995000.000000,,-24995000.000000,-25027000.000000,-25027000.000000,-0.900000,-0.900000,-0.900000,217451000.000000,,217451000.000000,1957567808.000000,-31.000000,-30.758000,-18514000.000000,-0.665000,1.000000,0.000000,,0.000000,0.000000,-6800000.000000,,0.000000,0.000000,0.000000,0.000000,11022000.000000,11000000.000000,22000.000000,111072000.000000,0.000000,130009000.000000,0.000000,0.000000,129586000.000000,-71000.000000,0.000000,-18443000.000000,0.000000,-25027000.000000,-25027000.000000,-25027000.000000,0.000000,0.000000,,25059000.000000,-25059000.000000,5195000.000000,0.000000,9.523000,-32.296000,-112.308000,285000.000000,0.000000,73.000000,,,0.000000,-108743000.000000,0.000000,0.000000,18603000.000000,,,,,5398000.000000,6456000.000000,1.000000,28366696.000000,27860332.000000,27860332.000000,0.000000,228473000.000000,641000.000000,0.000000,641000.000000,8.201000
MRQ,2015-09-30,2015-09-30,2015-09-30,2015-Q3,197190000.000000,1219715385.000000,2025-04-29,0.000000,208410000.000000,,207481000.000000,929000.000000,,6.894000,21000.000000,204916000.000000,204916000.000000,0.000000,-24035000.000000,20.161000,0.052000,0.000000,0.000000,0.000000,0.000000,0.000000,29000.000000,0.000000,0.000000,0.000000,-24035000.000000,-24006000.000000,,-24006000.000000,-24035000.000000,-24035000.000000,-0.840000,-0.840000,-0.840000,198104000.000000,,198104000.000000,995442385.000000,-13.000000,-12.730000,-19494000.000000,-0.678000,1.000000,0.000000,,0.000000,0.000000,-6797000.000000,,0.000000,0.000000,0.000000,0.000000,10306000.000000,10291000.000000,15000.000000,-19357000.000000,0.000000,227000.000000,0.000000,0.000000,137000.000000,21000.000000,0.000000,-19515000.000000,0.000000,-24035000.000000,-24035000.000000,-24035000.000000,0.000000,0.000000,,24082000.000000,-24082000.000000,3246000.000000,0.000000,6.157000,-15.579000,-42.747000,249000.000000,0.000000,42.320000,,,0.000000,-132778000.000000,0.000000,0.000000,17478000.000000,,,,,4407000.000000,6604000.000000,1.000000,28821252.000000,28737743.000000,28737743.000000,0.000000,208410000.000000,641000.000000,0.000000,641000.000000,7.252000
MRQ,2015-12-31,2015-12-31,2015-12-31,2015-Q4,173184000.000000,1682682059.000000,2025-04-29,0.000000,189016000.000000,,188491000.000000,525000.000000,,6.026000,-38000.000000,186792000.000000,186792000.000000,0.000000,-28562000.000000,12.314000,0.088000,0.000000,0.000000,0.000000,0.000000,0.000000,32000.000000,0.000000,0.000000,0.000000,-28562000.000000,-28530000.000000,,-28530000.000000,-28562000.000000,-28562000.000000,-1.000000,-1.000000,-1.000000,173695000.000000,,173695000.000000,1477766059.000000,-16.000000,-15.658000,-18155000.000000,-0.630000,1.000000,0.000000,,0.000000,0.000000,-13083000.000000,,0.000000,0.000000,0.000000,0.000000,15321000.000000,15307000.000000,14000.000000,-18124000.000000,0.000000,67000.000000,0.000000,0.000000,31000.000000,-38000.000000,0.000000,-18117000.000000,0.000000,-28562000.000000,-28562000.000000,-28562000.000000,0.000000,0.000000,,28612000.000000,-28612000.000000,5159000.000000,0.000000,9.688000,-17.807000,-17.147000,286000.000000,0.000000,58.300000,,,0.000000,-161340000.000000,0.000000,0.000000,20376000.000000,,,,,4086000.000000,8236000.000000,1.000000,28862471.000000,28822327.000000,28822327.000000,0.000000,189016000.000000,0.000000,0.000000,0.000000,6.558000
MRQ,2016-03-31,2016-03-31,2016-03-31,2016-Q1,286636000.000000,1026631315.000000,2025-04-29,0.000000,303510000.000000,,302606000.000000,904000.000000,,9.086000,-341000.000000,299719000.000000,299719000.000000,0.000000,-30543000.000000,18.948000,0.056000,0.000000,0.000000,0.000000,0.000000,0.000000,41000.000000,0.000000,0.000000,0.000000,-30543000.000000,-30502000.000000,,-30502000.000000,-30543000.000000,-30543000.000000,-0.970000,-0.970000,-0.970000,287500000.000000,,287500000.000000,839839315.000000,-8.000000,-7.774000,-27776000.000000,-0.878000,1.000000,0.000000,,0.000000,0.000000,-12179000.000000,,0.000000,0.000000,0.000000,0.000000,16010000.000000,15970000.000000,40000.000000,112927000.000000,0.000000,141302000.000000,0.000000,0.000000,140703000.000000,-341000.000000,0.000000,-27435000.000000,0.000000,-30543000.000000,-30543000.000000,-30543000.000000,0.000000,0.000000,,30714000.000000,-30714000.000000,4540000.000000,0.000000,3.571000,-9.491000,-8.642000,865000.000000,0.000000,32.060000,,,0.000000,-191883000.000000,0.000000,0.000000,23581000.000000,,,,,3714000.000000,7133000.000000,1.000000,32022187.000000,31643216.000000,31643216.000000,0.000000,303510000.000000,0.000000,0.000000,0.000000,9.592000
MRQ,2016-06-30,2016-06-30,2016-06-30,2016-Q2,255768000.000000,966074671.000000,2025-04-29,39000.000000,275630000.000000,,274107000.000000,1523000.000000,,8.022000,-494000.000000,189567000.000000,189567000.000000,0.000000,-34747000.000000,14.947000,0.072000,0.000000,0.000000,0.000000,0.000000,0.000000,75000.000000,0.000000,0.000000,0.000000,-34747000.000000,-34672000.000000,,-34672000.000000,-34747000.000000,-34747000.000000,-1.080000,-1.080000,-1.080000,257209000.000000,,257209000.000000,666355671.000000,-6.000000,-5.661000,-27165000.000000,-0.847000,1.000000,0.000000,,0.000000,0.000000,67724000.000000,,0.000000,83292000.000000,83292000.000000,0.000000,18421000.000000,18339000.000000,82000.000000,-110677000.000000,0.000000,10000.000000,0.000000,0.000000,10000.000000,-84016000.000000,-82997000.000000,-26671000.000000,0.000000,-34747000.000000,-34747000.000000,-34747000.000000,0.000000,0.000000,,35006000.000000,-35006000.000000,5957000.000000,0.000000,3.756000,-8.195000,-7.746000,959000.000000,0.000000,30.130000,,,0.000000,-226630000.000000,0.000000,0.000000,26096000.000000,,,,,4465000.000000,8910000.000000,1.000000,32063547.000000,32062298.000000,32062298.000000,0.000000,275630000.000000,0.000000,0.000000,0.000000,8.597000
MRQ,2016-09-30,2016-09-30,2016-09-30,2016-Q3,412358000.000000,1477929621.000000,2025-04-29,-35000.000000,436301000.000000,,434688000.000000,1613000.000000,,12.547000,-66000.000000,320642000.000000,320642000.000000,0.000000,-37796000.000000,19.467000,0.055000,0.000000,0.000000,0.000000,0.000000,0.000000,83000.000000,0.000000,0.000000,0.000000,-37796000.000000,-37713000.000000,,-37713000.000000,-37796000.000000,-37796000.000000,-1.150000,-1.150000,-1.150000,413737000.000000,,413737000.000000,1288362621.000000,-10.000000,-9.804000,-30862000.000000,-0.936000,1.000000,0.000000,,0.000000,0.000000,93329000.000000,,0.000000,111192000.000000,111192000.000000,0.000000,22564000.000000,22330000.000000,234000.000000,131075000.000000,0.000000,189591000.000000,0.000000,0.000000,189591000.000000,-27720000.000000,-27654000.000000,-30796000.000000,0.000000,-37796000.000000,-37796000.000000,-37796000.000000,0.000000,0.000000,,38064000.000000,-38064000.000000,5237000.000000,0.000000,3.572000,-11.226000,-10.964000,1049000.000000,0.000000,46.050000,,,0.000000,-264426000.000000,0.000000,0.000000,29075000.000000,,,,,4748000.000000,8989000.000000,1.000000,32094020.000000,32975897.000000,32975897.000000,0.000000,436301000.000000,0.000000,0.000000,0.000000,13.231000
MRQ,2016-12-31,2016-12-31,2016-12-31,2016-Q4,367410000.000000,1897755904.000000,2025-04-29,-102000.000000,404531000.000000,,402579000.000000,1952000.000000,,9.875000,-520000.000000,169081000.000000,169081000.000000,0.000000,-55901000.000000,11.447000,0.098000,0.000000,0.000000,0.000000,0.000000,0.000000,82000.000000,0.000000,0.000000,0.000000,-55901000.000000,-55819000.000000,,-55819000.000000,-55901000.000000,-55901000.000000,-1.550000,-1.550000,-1.550000,368517000.000000,,368517000.000000,1577113904.000000,-10.000000,-9.937000,-34296000.000000,-0.919000,1.000000,0.000000,,0.000000,0.000000,200281000.000000,,0.000000,228962000.000000,228962000.000000,0.000000,36014000.000000,35169000.000000,845000.000000,-151036000.000000,0.000000,678000.000000,0.000000,0.000000,678000.000000,-117938000.000000,-117943000.000000,-33776000.000000,0.000000,-55901000.000000,-55901000.000000,-55901000.000000,0.000000,0.000000,,56378000.000000,-56378000.000000,12817000.000000,0.000000,5.150000,-11.937000,-10.749000,1388000.000000,0.000000,51.060000,,,0.000000,-320327000.000000,0.000000,0.000000,42004000.000000,,,,,10093000.000000,14374000.000000,1.000000,37167174.000000,37316568.000000,37316568.000000,0.000000,404531000.000000,0.000000,0.000000,0.000000,10.841000
MRQ,2017-03-31,2017-03-31,2017-03-31,2017-Q1,317162000.000000,2648791693.000000,2025-04-29,-81000.000000,351168000.000000,,349044000.000000,2124000.000000,,8.544000,-245000.000000,146024000.000000,146024000.000000,0.000000,-56778000.000000,10.948000,0.103000,0.000000,0.000000,0.000000,0.000000,0.000000,130000.000000,0.000000,0.000000,0.000000,-56778000.000000,-56648000.000000,,-56648000.000000,-56778000.000000,-56778000.000000,-1.520000,-1.520000,-1.520000,318446000.000000,,318446000.000000,2479710693.000000,-13.000000,-13.415000,-55455000.000000,-1.488000,1.000000,0.000000,,0.000000,0.000000,173262000.000000,,0.000000,197104000.000000,197104000.000000,0.000000,32722000.000000,31882000.000000,840000.000000,-23057000.000000,0.000000,553000.000000,0.000000,0.000000,553000.000000,31600000.000000,31845000.000000,-55210000.000000,0.000000,-56778000.000000,-56778000.000000,-56778000.000000,0.000000,0.000000,,57480000.000000,-57480000.000000,8230000.000000,0.000000,8.318000,-14.301000,-13.409000,1560000.000000,0.000000,71.070000,,,0.000000,-377105000.000000,0.000000,0.000000,45200000.000000,,,,,6208000.000000,12280000.000000,1.000000,37270180.000000,37269148.000000,37269148.000000,0.000000,351168000.000000,0.000000,0.000000,0.000000,9.422000
MRQ,2017-06-30,2017-06-30,2017-06-30,2017-Q2,258839000.000000,2974258456.000000,2025-04-29,-67000.000000,293412000.000000,,291120000.000000,2292000.000000,,6.967000,-76000.000000,134299000.000000,134299000.000000,0.000000,-70202000.000000,9.018000,0.127000,0.000000,0.000000,0.000000,0.000000,0.000000,130000.000000,0.000000,0.000000,0.000000,-70202000.000000,-70072000.000000,,-70072000.000000,-70202000.000000,-70202000.000000,-1.880000,-1.880000,-1.880000,260304000.000000,,260304000.000000,2828234456.000000,-13.000000,-12.841000,-59152000.000000,-1.583000,1.000000,0.000000,,0.000000,0.000000,126832000.000000,,0.000000,152478000.000000,152478000.000000,0.000000,33108000.000000,32281000.000000,827000.000000,-11725000.000000,0.000000,2758000.000000,0.000000,0.000000,2758000.000000,44593000.000000,44669000.000000,-59076000.000000,0.000000,-70202000.000000,-70202000.000000,-70202000.000000,0.000000,0.000000,,70854000.000000,-70854000.000000,6042000.000000,0.000000,11.426000,-13.478000,-13.056000,1443000.000000,0.000000,79.640000,,,0.000000,-447306000.000000,0.000000,0.000000,55900000.000000,,,,,9350000.000000,14954000.000000,1.000000,37346289.000000,37361129.000000,37361129.000000,0.000000,293412000.000000,0.000000,0.000000,0.000000,7.853000
MRQ,2017-09-30,2017-09-30,2017-09-30,2017-Q3,198506000.000000,2332579533.000000,2025-04-29,-15000.000000,251085000.000000,,248343000.000000,2742000.000000,,5.339000,-235000.000000,135765000.000000,135765000.000000,0.000000,-73719000.000000,4.983000,0.255000,0.000000,0.000000,0.000000,0.000000,0.000000,136000.000000,0.000000,0.000000,0.000000,-73719000.000000,-73583000.000000,,-73583000.000000,-73719000.000000,-73719000.000000,-1.970000,-1.970000,-1.970000,200052000.000000,,200052000.000000,2198280533.000000,-9.000000,-8.583000,-46327000.000000,-1.236000,1.000000,0.000000,,0.000000,0.000000,65483000.000000,,0.000000,108535000.000000,108535000.000000,0.000000,51033000.000000,49837000.000000,1196000.000000,1466000.000000,0.000000,3687000.000000,0.000000,0.000000,3687000.000000,43871000.000000,44106000.000000,-46092000.000000,0.000000,-73719000.000000,-73719000.000000,-73719000.000000,0.000000,0.000000,,74373000.000000,-74373000.000000,13030000.000000,0.000000,11.660000,-9.090000,-9.003000,1893000.000000,0.000000,62.300000,,,0.000000,-521025000.000000,0.000000,0.000000,58286000.000000,,,,,9731000.000000,16087000.000000,1.000000,37441084.000000,37470912.000000,37470912.000000,0.000000,251085000.000000,0.000000,0.000000,0.000000,6.701000
MRQ,2017-12-31,2017-12-31,2017-12-31,2017-Q4,473124000.000000,6182827155.000000,2025-04-29,-29000.000000,529937000.000000,,525075000.000000,4862000.000000,,11.783000,-804000.000000,307084000.000000,307084000.000000,0.000000,-69422000.000000,10.107000,0.115000,0.000000,0.000000,0.000000,0.000000,0.000000,135000.000000,0.000000,0.000000,0.000000,-69422000.000000,-69287000.000000,,-69287000.000000,-69422000.000000,-69422000.000000,-1.720000,-1.720000,-1.720000,475475000.000000,,475475000.000000,6047062155.000000,-22.000000,-22.431000,-59703000.000000,-1.480000,1.000000,0.000000,,0.000000,0.000000,170902000.000000,,0.000000,212613000.000000,212613000.000000,0.000000,54462000.000000,51951000.000000,2511000.000000,171319000.000000,0.000000,334999000.000000,0.000000,0.000000,334820000.000000,-104602000.000000,-103798000.000000,-58899000.000000,0.000000,-69422000.000000,-69422000.000000,-69422000.000000,0.000000,0.000000,,70449000.000000,-70449000.000000,9350000.000000,0.000000,13.003000,-22.889000,-23.231000,4013000.000000,0.000000,164.710000,,,0.000000,-590447000.000000,0.000000,0.000000,50891000.000000,,,,,10245000.000000,19558000.000000,1.000000,37537655.000000,40351306.000000,40351306.000000,0.000000,529937000.000000,0.000000,0.000000,0.000000,13.133000
MRQ,2018-03-31,2018-03-31,2018-03-31,2018-Q1,1057216000.000000,7373452796.000000,2025-04-29,-185000.000000,1100652000.000000,,1095088000.000000,5564000.000000,,23.898000,-652000.000000,558824000.000000,558824000.000000,0.000000,-74598000.000000,28.916000,0.039000,0.000000,0.000000,0.000000,0.000000,0.000000,247000.000000,0.000000,0.000000,0.000000,-74598000.000000,-74351000.000000,,-74351000.000000,-74598000.000000,-74598000.000000,-1.680000,-1.680000,-1.680000,1059276000.000000,,1059276000.000000,7066368796.000000,-25.000000,-24.596000,-79223000.000000,-1.787000,1.000000,0.000000,,0.000000,0.000000,503956000.000000,,0.000000,525958000.000000,525958000.000000,0.000000,41376000.000000,37872000.000000,3504000.000000,251740000.000000,0.000000,644251000.000000,0.000000,0.000000,643112000.000000,-312801000.000000,-312149000.000000,-78571000.000000,0.000000,-74598000.000000,-74598000.000000,-74598000.000000,0.000000,0.000000,,78119000.000000,-78119000.000000,8350000.000000,0.000000,6.961000,-25.608000,-22.217000,4295000.000000,0.000000,161.070000,,,0.000000,-665045000.000000,0.000000,0.000000,49270000.000000,,,,,15817000.000000,28849000.000000,1.000000,45777940.000000,44325371.000000,44325371.000000,0.000000,1100652000.000000,0.000000,0.000000,0.000000,24.831000
MRQ,2018-06-30,2018-06-30,2018-06-30,2018-Q2,1075850000.000000,7281127253.000000,2025-04-29,-145000.000000,1129483000.000000,,1123769000.000000,5714000.000000,,23.157000,-402000.000000,327099000.000000,327099000.000000,0.000000,-16978000.000000,23.451000,0.048000,0.000000,0.000000,0.000000,0.000000,0.000000,246000.000000,0.000000,0.000000,0.000000,-16978000.000000,-16732000.000000,-0.186000,-16732000.000000,-16978000.000000,-16978000.000000,-0.360000,-0.360000,-0.360000,1077763000.000000,,1077763000.000000,6722303253.000000,-29.000000,-28.734000,-537000.000000,-0.012000,1.000000,90000000.000000,1.000000,0.000000,0.000000,754465000.000000,,0.000000,766603000.000000,766603000.000000,0.000000,51720000.000000,47919000.000000,3801000.000000,-231725000.000000,0.000000,6645000.000000,0.000000,0.000000,6540000.000000,-238130000.000000,-237728000.000000,-135000.000000,0.000000,-16978000.000000,-16978000.000000,-16978000.000000,0.000000,0.000000,-0.189000,112147000.000000,-22147000.000000,8338000.000000,0.000000,6.756000,-31.021000,-27.318000,4445000.000000,0.000000,156.530000,80.901000,80.946000,18378000.000000,-682023000.000000,90000000.000000,90000000.000000,68980000.000000,,,,,29028000.000000,43167000.000000,1.000000,46515858.000000,46541716.000000,46541716.000000,1.934000,1129483000.000000,0.000000,0.000000,0.000000,24.268000
MRQ,2018-09-30,2018-09-30,2018-09-30,2018-Q3,985386000.000000,6591331810.000000,2025-04-29,-257000.000000,1046999000.000000,,1039912000.000000,7087000.000000,,21.164000,-998000.000000,255042000.000000,255042000.000000,0.000000,-122918000.000000,19.072000,0.059000,0.000000,0.000000,0.000000,0.000000,0.000000,287000.000000,0.000000,0.000000,0.000000,-122918000.000000,-122631000.000000,,-122631000.000000,-122918000.000000,-122918000.000000,-2.630000,-2.630000,-2.630000,988505000.000000,,988505000.000000,6264232810.000000,-22.000000,-22.135000,-81185000.000000,-1.738000,1.000000,0.000000,,0.000000,0.000000,737431000.000000,,0.000000,768278000.000000,768278000.000000,0.000000,58494000.000000,54526000.000000,3968000.000000,-72057000.000000,0.000000,8078000.000000,0.000000,0.000000,8078000.000000,52000.000000,1050000.000000,-80187000.000000,0.000000,-122918000.000000,-122918000.000000,-122918000.000000,0.000000,0.000000,,128745000.000000,-128745000.000000,5879000.000000,0.000000,6.668000,-23.216000,-22.105000,5168000.000000,0.000000,141.250000,73.237000,73.304000,0.000000,-804941000.000000,0.000000,0.000000,75052000.000000,,,,,25478000.000000,53693000.000000,1.000000,46664296.000000,46706770.000000,46706770.000000,0.000000,1046999000.000000,0.000000,0.000000,0.000000,22.416000
MRQ,2018-12-31,2018-12-31,2018-12-31,2018-Q4,858665000.000000,4491322397.000000,2025-04-29,-515000.000000,952705000.000000,,944695000.000000,8010000.000000,,18.406000,-808000.000000,193310000.000000,193310000.000000,0.000000,-158388000.000000,10.981000,0.104000,0.000000,0.000000,0.000000,0.000000,0.000000,363000.000000,0.000000,0.000000,0.000000,-158388000.000000,-158025000.000000,-578.846000,-158025000.000000,-158388000.000000,-158388000.000000,-3.400000,-3.400000,-3.400000,862971000.000000,,862971000.000000,4236280397.000000,-11.000000,-11.396000,-102586000.000000,-2.188000,1.000000,273000.000000,1.000000,0.000000,0.000000,673365000.000000,,0.000000,731833000.000000,731833000.000000,0.000000,89734000.000000,86030000.000000,3704000.000000,-61732000.000000,0.000000,1628000.000000,0.000000,0.000000,1628000.000000,38418000.000000,39226000.000000,-101778000.000000,0.000000,-158388000.000000,-158388000.000000,-158388000.000000,0.000000,0.000000,-580.176000,164500000.000000,-164227000.000000,34036000.000000,0.000000,5.204000,-12.045000,-11.855000,5643000.000000,0.000000,95.790000,49.753000,48.940000,0.000000,-963329000.000000,273000.000000,273000.000000,88805000.000000,,,,,31640000.000000,75695000.000000,1.000000,46887174.000000,46884748.000000,46884748.000000,0.006000,952705000.000000,0.000000,0.000000,0.000000,20.320000
MRQ,2019-03-31,2019-03-31,2019-03-31,2019-Q1,1303156000.000000,7490087096.000000,2025-04-29,-106000.000000,1422914000.000000,,1371532000.000000,51382000.000000,,27.211000,-1257000.000000,344662000.000000,344662000.000000,0.000000,-163406000.000000,20.059000,0.078000,34528000.000000,0.000000,34528000.000000,34528000.000000,0.000000,415000.000000,0.000000,0.000000,0.000000,-163406000.000000,-162991000.000000,-350.518000,-162991000.000000,-163406000.000000,-163406000.000000,-3.370000,-3.370000,-3.370000,1319534000.000000,,1319534000.000000,7296777096.000000,-16.000000,-15.850000,-151191000.000000,-3.118000,1.000000,465000.000000,1.000000,0.000000,0.000000,1044404000.000000,,0.000000,1008956000.000000,1008956000.000000,0.000000,103380000.000000,68376000.000000,35004000.000000,151352000.000000,0.000000,576958000.000000,0.000000,0.000000,576196000.000000,-274910000.000000,-273653000.000000,-149934000.000000,0.000000,-163406000.000000,-163406000.000000,-163406000.000000,0.000000,0.000000,-351.411000,170317000.000000,-169852000.000000,13556000.000000,0.000000,5.676000,-16.223000,-16.296000,44637000.000000,0.000000,159.050000,82.546000,84.999000,0.000000,-1126735000.000000,465000.000000,465000.000000,86398000.000000,,,,,44116000.000000,83919000.000000,1.000000,47092657.000000,48491834.000000,48491834.000000,0.010000,1422914000.000000,0.000000,0.000000,0.000000,29.343000
MRQ,2019-06-30,2019-06-30,2019-06-30,2019-Q2,1184617000.000000,9364632027.000000,2025-04-29,1575000.000000,1315547000.000000,,1263570000.000000,51977000.000000,,23.467000,-2181000.000000,168552000.000000,168552000.000000,44000.000000,-168221000.000000,16.004000,0.094000,33309000.000000,0.000000,33309000.000000,33309000.000000,0.000000,505000.000000,0.000000,0.000000,0.000000,-168221000.000000,-167716000.000000,-192.115000,-167716000.000000,-168221000.000000,-168221000.000000,-3.280000,-3.280000,-3.280000,1202875000.000000,,1202875000.000000,9054498027.000000,-15.000000,-14.810000,-135525000.000000,-2.644000,1.000000,829000.000000,0.950000,0.000000,0.000000,1101351000.000000,,0.000000,1070364000.000000,1070364000.000000,0.000000,112672000.000000,78953000.000000,33719000.000000,-176110000.000000,0.000000,15601000.000000,0.000000,0.000000,15343000.000000,-58109000.000000,-55928000.000000,-133344000.000000,0.000000,-168221000.000000,-168221000.000000,-168221000.000000,0.000000,0.000000,-192.693000,177286000.000000,-176457000.000000,12431000.000000,0.000000,7.785000,-15.278000,-14.439000,45587000.000000,0.000000,183.090000,5812.931000,5825.426000,0.000000,-1294956000.000000,873000.000000,873000.000000,89059000.000000,,,,,34767000.000000,88227000.000000,1.000000,51147698.000000,51257640.000000,51257640.000000,0.017000,1315547000.000000,0.000000,0.000000,0.000000,25.665000
MRQ,2019-09-30,2019-09-30,2019-09-30,2019-Q3,1061707000.000000,7246959548.000000,2025-04-29,1777000.000000,1203727000.000000,,1152663000.000000,51064000.000000,,20.909000,-1940000.000000,261548000.000000,261548000.000000,137000.000000,-179958000.000000,12.673000,0.113000,31360000.000000,0.000000,31360000.000000,31360000.000000,0.000000,698000.000000,0.000000,0.000000,0.000000,-179958000.000000,-179260000.000000,-50.213000,-179260000.000000,-179958000.000000,-179958000.000000,-3.480000,-3.480000,-3.480000,1081071000.000000,,1081071000.000000,7111716548.000000,-11.000000,-10.646000,-130642000.000000,-2.527000,1.000000,3433000.000000,0.962000,0.000000,0.000000,882583000.000000,,0.000000,863069000.000000,863069000.000000,0.000000,122656000.000000,90956000.000000,31700000.000000,92996000.000000,0.000000,15402000.000000,0.000000,0.000000,13919000.000000,207779000.000000,209719000.000000,-128702000.000000,0.000000,-179958000.000000,-179958000.000000,-179958000.000000,0.000000,0.000000,-50.408000,190610000.000000,-187177000.000000,5041000.000000,0.000000,6.704000,-10.817000,-10.369000,44879000.000000,0.000000,140.290000,1398.757000,1400.048000,0.000000,-1474914000.000000,3570000.000000,3570000.000000,102108000.000000,,,,,43669000.000000,88502000.000000,1.000000,51656993.000000,51704687.000000,51704687.000000,0.069000,1203727000.000000,0.000000,0.000000,0.000000,23.281000
MRQ,2019-12-31,2019-12-31,2019-12-31,2019-Q4,922965000.000000,3740707419.000000,2025-04-29,1295000.000000,1084150000.000000,,1035093000.000000,49057000.000000,,18.220000,-373000.000000,129072000.000000,129072000.000000,219000.000000,-168653000.000000,9.231000,0.148000,37092000.000000,10244000.000000,26848000.000000,37092000.000000,0.000000,665000.000000,0.000000,0.000000,0.000000,-168653000.000000,-167988000.000000,-85.708000,-167988000.000000,-168653000.000000,-168653000.000000,-3.250000,-3.250000,-3.250000,944655000.000000,,944655000.000000,3510519419.000000,-5.000000,-5.178000,-117099000.000000,-2.259000,1.000000,1741000.000000,0.888000,0.000000,0.000000,880042000.000000,,0.000000,881688000.000000,881688000.000000,0.000000,139495000.000000,112128000.000000,27367000.000000,-132476000.000000,0.000000,2166000.000000,0.000000,0.000000,2166000.000000,-17916000.000000,-17543000.000000,-116726000.000000,0.000000,-168653000.000000,-168653000.000000,-168653000.000000,0.000000,0.000000,-86.047000,176379000.000000,-174638000.000000,15266000.000000,0.000000,3.960000,-5.499000,-5.395000,42897000.000000,0.000000,72.190000,544.657000,534.318000,0.000000,-1643567000.000000,1960000.000000,1960000.000000,91250000.000000,,,,,30679000.000000,85129000.000000,1.000000,51817529.000000,51845881.000000,51845881.000000,0.038000,1084150000.000000,0.000000,0.000000,0.000000,20.911000
MRQ,2020-03-31,2020-03-31,2020-03-31,2020-Q1,827876000.000000,1490887366.000000,2025-04-29,-792000.000000,944973000.000000,,898236000.000000,46737000.000000,,16.360000,-276000.000000,201811000.000000,201811000.000000,170000.000000,-126740000.000000,12.766000,0.113000,35221000.000000,10270000.000000,24951000.000000,35221000.000000,0.000000,669000.000000,0.000000,0.000000,0.000000,-126740000.000000,-126071000.000000,-55.149000,-126071000.000000,-126740000.000000,-126740000.000000,-2.440000,-2.440000,-2.440000,849206000.000000,,849206000.000000,1398907366.000000,-2.000000,-2.182000,-136967000.000000,-2.639000,1.000000,2116000.000000,0.926000,0.000000,0.000000,708023000.000000,,0.000000,673313000.000000,673313000.000000,0.000000,95767000.000000,70360000.000000,25407000.000000,72739000.000000,0.000000,3160000.000000,0.000000,0.000000,3160000.000000,206270000.000000,206546000.000000,-136691000.000000,0.000000,-126740000.000000,-126740000.000000,-126740000.000000,0.000000,0.000000,-55.442000,133740000.000000,-131624000.000000,7910000.000000,0.000000,1.756000,-2.317000,-2.307000,40676000.000000,0.000000,28.720000,171.583000,171.576000,0.000000,-1770307000.000000,2286000.000000,2286000.000000,63610000.000000,,,,,31110000.000000,70130000.000000,1.000000,51911120.000000,51908760.000000,51908760.000000,0.044000,944973000.000000,0.000000,0.000000,0.000000,18.204000
MRQ,2020-06-30,2020-06-30,2020-06-30,2020-Q2,721092000.000000,2158742914.000000,2025-04-29,1709000.000000,827242000.000000,,785384000.000000,41858000.000000,,14.249000,-70000.000000,260595000.000000,260595000.000000,110000.000000,-136347000.000000,12.216000,0.118000,31238000.000000,8577000.000000,22661000.000000,31238000.000000,0.000000,662000.000000,0.000000,0.000000,0.000000,-136347000.000000,-135685000.000000,-124.596000,-135685000.000000,-136347000.000000,-136347000.000000,-2.630000,-2.630000,-2.630000,739915000.000000,,739915000.000000,1992152914.000000,-3.000000,-3.271000,-119054000.000000,-2.293000,1.000000,979000.000000,0.899000,0.000000,0.000000,533593000.000000,,0.000000,498294000.000000,498294000.000000,0.000000,87327000.000000,64292000.000000,23035000.000000,58784000.000000,0.000000,386000.000000,0.000000,0.000000,386000.000000,177382000.000000,177452000.000000,-118984000.000000,0.000000,-136347000.000000,-136347000.000000,-136347000.000000,0.000000,0.000000,-125.204000,139946000.000000,-138967000.000000,2387000.000000,0.000000,2.918000,-3.529000,-3.524000,36076000.000000,0.000000,41.580000,242.419000,242.458000,0.000000,-1906654000.000000,1089000.000000,1089000.000000,73320000.000000,,,,,24032000.000000,38224000.000000,1.000000,51917819.000000,51926074.000000,51926074.000000,0.021000,827242000.000000,0.000000,0.000000,0.000000,15.931000
MRQ,2020-09-30,2020-09-30,2020-09-30,2020-Q3,639219000.000000,3176667321.000000,2025-04-29,946000.000000,738628000.000000,,698884000.000000,39744000.000000,,12.650000,1000.000000,186637000.000000,186637000.000000,149000.000000,-105735000.000000,11.713000,0.123000,29689000.000000,8620000.000000,21069000.000000,29689000.000000,0.000000,650000.000000,0.000000,0.000000,0.000000,-105735000.000000,-105085000.000000,-64.115000,-105085000.000000,-105735000.000000,-105735000.000000,-2.030000,-2.030000,-2.030000,657581000.000000,,657581000.000000,2947310321.000000,-5.000000,-5.511000,-91015000.000000,-1.751000,1.000000,1490000.000000,0.909000,0.000000,0.000000,522015000.000000,,0.000000,484267000.000000,484267000.000000,0.000000,81047000.000000,59665000.000000,21382000.000000,-73958000.000000,0.000000,3545000.000000,0.000000,0.000000,3545000.000000,13513000.000000,13512000.000000,-91016000.000000,0.000000,-105735000.000000,-105735000.000000,-105735000.000000,0.000000,0.000000,-64.512000,108648000.000000,-107158000.000000,4289000.000000,0.000000,4.831000,-5.910000,-5.905000,33950000.000000,0.000000,61.120000,455.501000,455.565000,0.000000,-2012389000.000000,1639000.000000,1639000.000000,74078000.000000,,,,,20108000.000000,35099000.000000,1.000000,51974269.000000,51981468.000000,51981468.000000,0.032000,738628000.000000,0.000000,0.000000,0.000000,14.209000
MRQ,2020-12-31,2020-12-31,2020-12-31,2020-Q4,2055166000.000000,4502383796.000000,2025-04-29,415000.000000,2159246000.000000,,2122370000.000000,36876000.000000,,39.764000,0.000000,1662798000.000000,1662798000.000000,136000.000000,974895000.000000,31.581000,0.042000,28100000.000000,8662000.000000,19438000.000000,28100000.000000,0.000000,649000.000000,0.000000,0.000000,0.000000,974895000.000000,975544000.000000,0.880000,975544000.000000,974895000.000000,974895000.000000,18.760000,18.530000,18.760000,2072334000.000000,,2072334000.000000,4345435796.000000,7.000000,7.139000,1010971000.000000,19.398000,1.000000,1109050000.000000,1.000000,0.000000,0.000000,457344000.000000,,0.000000,438467000.000000,438467000.000000,0.000000,86912000.000000,67204000.000000,19708000.000000,1476161000.000000,0.000000,419671000.000000,0.000000,0.000000,419671000.000000,45519000.000000,45519000.000000,1010971000.000000,0.000000,974895000.000000,974895000.000000,974895000.000000,0.000000,0.000000,0.879000,135074000.000000,973976000.000000,3691000.000000,0.000000,2.173000,7.429000,7.419000,31819000.000000,0.000000,86.510000,4.041000,4.036000,0.000000,-1037494000.000000,1109186000.000000,1109186000.000000,81706000.000000,,,,,20744000.000000,53498000.000000,1.000000,52044663.000000,52115983.000000,56195691.000000,21.283000,2159246000.000000,0.000000,0.000000,0.000000,41.432000
MRQ,2021-03-31,2021-03-31,2021-03-31,2021-Q1,1989855000.000000,4369887685.000000,2025-04-29,-236000.000000,2080698000.000000,,2051866000.000000,28832000.000000,,34.318000,0.000000,900519000.000000,900519000.000000,187000.000000,-95764000.000000,33.089000,0.039000,22717000.000000,7306000.000000,15411000.000000,22717000.000000,0.000000,2582000.000000,0.000000,0.000000,0.000000,-95764000.000000,-93182000.000000,-58.864000,-93182000.000000,-95764000.000000,-95764000.000000,-1.640000,-1.640000,-1.640000,2003276000.000000,,2003276000.000000,2735189685.000000,4.000000,4.263000,-109086000.000000,-1.869000,1.000000,1396000.000000,0.882000,0.000000,0.000000,1140885000.000000,,0.000000,1104767000.000000,1104767000.000000,0.000000,77422000.000000,62011000.000000,15411000.000000,-762279000.000000,0.000000,5623000.000000,0.000000,0.000000,5623000.000000,-658816000.000000,-658816000.000000,-109086000.000000,0.000000,-95764000.000000,-95764000.000000,-95764000.000000,0.000000,0.000000,-60.495000,97903000.000000,-96507000.000000,3285000.000000,0.000000,2.181000,6.860000,6.007000,24171000.000000,0.000000,74.850000,3.924000,3.924000,24766000.000000,-1133258000.000000,1583000.000000,1583000.000000,58056000.000000,,,,,21976000.000000,39847000.000000,1.000000,58381933.000000,58374219.000000,58374219.000000,0.027000,2080698000.000000,0.000000,0.000000,0.000000,35.644000
MRQ,2021-06-30,2021-06-30,2021-06-30,2021-Q2,1916701000.000000,3322249823.000000,2025-04-29,-285000.000000,2015475000.000000,,1988599000.000000,26876000.000000,,32.937000,0.000000,515427000.000000,515427000.000000,148000.000000,-107245000.000000,27.659000,0.045000,21322000.000000,7358000.000000,13964000.000000,21322000.000000,0.000000,893000.000000,0.000000,0.000000,0.000000,-107245000.000000,-106352000.000000,-64.730000,-106352000.000000,-107245000.000000,-107245000.000000,-1.830000,-1.830000,-1.830000,1929512000.000000,,1929512000.000000,2444447823.000000,4.000000,3.643000,-102769000.000000,-1.754000,1.000000,1495000.000000,0.910000,0.000000,0.000000,1449472000.000000,,0.000000,1397157000.000000,1397157000.000000,0.000000,85963000.000000,71898000.000000,14065000.000000,-385092000.000000,0.000000,6861000.000000,0.000000,0.000000,6065000.000000,-288388000.000000,-288388000.000000,-102769000.000000,0.000000,-107245000.000000,-107245000.000000,-107245000.000000,0.000000,0.000000,-65.274000,109516000.000000,-108021000.000000,2917000.000000,0.000000,1.722000,4.987000,4.284000,22008000.000000,0.000000,56.810000,2.982000,2.987000,48438000.000000,-1240503000.000000,1643000.000000,1643000.000000,66170000.000000,,,,,27663000.000000,43346000.000000,1.000000,58480018.000000,58582569.000000,58582569.000000,0.028000,2015475000.000000,0.000000,0.000000,0.000000,34.404000
MRQ,2021-09-30,2021-09-30,2021-09-30,2021-Q3,1822755000.000000,2605922101.000000,2025-04-29,-306000.000000,1927180000.000000,,1901697000.000000,25483000.000000,,31.208000,0.000000,423434000.000000,423434000.000000,131000.000000,-130171000.000000,24.090000,0.050000,19895000.000000,7414000.000000,12481000.000000,19895000.000000,0.000000,374000.000000,0.000000,0.000000,0.000000,-130171000.000000,-129797000.000000,-90.137000,-129797000.000000,-130171000.000000,-130171000.000000,-2.210000,-2.210000,-2.210000,1835654000.000000,,1835654000.000000,2111817101.000000,3.000000,3.268000,-68826000.000000,-1.170000,1.000000,1309000.000000,0.909000,0.000000,0.000000,1444699000.000000,,0.000000,1421004000.000000,1421004000.000000,0.000000,91526000.000000,78942000.000000,12584000.000000,-91993000.000000,0.000000,1816000.000000,0.000000,0.000000,1816000.000000,-24983000.000000,-24983000.000000,-68826000.000000,0.000000,-130171000.000000,-130171000.000000,-130171000.000000,0.000000,0.000000,-90.397000,132203000.000000,-130894000.000000,4733000.000000,0.000000,1.420000,4.061000,3.388000,20339000.000000,0.000000,44.310000,2.340000,2.340000,24185000.000000,-1370674000.000000,1440000.000000,1440000.000000,83497000.000000,,,,,34342000.000000,48706000.000000,1.000000,58811151.000000,58819548.000000,58819548.000000,0.024000,1927180000.000000,0.000000,0.000000,0.000000,32.764000
MRQ,2021-12-31,2021-12-31,2021-12-31,2021-Q4,1715450000.000000,2505966952.000000,2025-04-29,-2660000.000000,1825288000.000000,,1800643000.000000,24645000.000000,,29.356000,-372000.000000,295502000.000000,295502000.000000,87000.000000,-124712000.000000,21.136000,0.056000,18432000.000000,7468000.000000,10964000.000000,18432000.000000,0.000000,333000.000000,0.000000,0.000000,0.000000,-124712000.000000,-124379000.000000,-75.748000,-124379000.000000,-124712000.000000,-124712000.000000,-2.110000,-2.110000,-2.110000,1729031000.000000,,1729031000.000000,2102427952.000000,-5.000000,-4.634000,-97873000.000000,-1.662000,1.000000,1555000.000000,0.947000,0.000000,0.000000,1463025000.000000,,0.000000,1448063000.000000,1448063000.000000,0.000000,96257000.000000,85193000.000000,11064000.000000,-127932000.000000,0.000000,419000.000000,0.000000,0.000000,-170000.000000,-30261000.000000,-29889000.000000,-97501000.000000,0.000000,-124712000.000000,-124712000.000000,-124712000.000000,0.000000,0.000000,-75.951000,127042000.000000,-125487000.000000,10450000.000000,0.000000,1.449000,-5.473000,-5.454000,19125000.000000,0.000000,42.540000,397.268000,395.661000,18506000.000000,-1495386000.000000,1642000.000000,1642000.000000,75443000.000000,,,,,20648000.000000,51599000.000000,1.000000,58908485.000000,58899691.000000,58899691.000000,0.028000,1825288000.000000,0.000000,0.000000,0.000000,30.990000
MRQ,2022-03-31,2022-03-31,2022-03-31,2022-Q1,1604541000.000000,1954679092.000000,2025-04-29,-11201000.000000,1705703000.000000,,1682244000.000000,23459000.000000,,27.419000,-169000.000000,179943000.000000,179943000.000000,286000.000000,-122055000.000000,21.650000,0.054000,16919000.000000,7523000.000000,9396000.000000,16919000.000000,0.000000,275000.000000,0.000000,0.000000,0.000000,-122055000.000000,-121780000.000000,-76.979000,-121780000.000000,-122055000.000000,-122055000.000000,-2.070000,-2.070000,-2.070000,1618502000.000000,,1618502000.000000,1677609092.000000,-3.000000,-3.478000,-107969000.000000,-1.829000,1.000000,1296000.000000,0.819000,0.000000,0.000000,1464976000.000000,,0.000000,1446567000.000000,1446567000.000000,0.000000,87201000.000000,77703000.000000,9498000.000000,-115559000.000000,0.000000,1799000.000000,0.000000,0.000000,1799000.000000,-9558000.000000,-9389000.000000,-107800000.000000,0.000000,-122055000.000000,-122055000.000000,-122055000.000000,0.000000,0.000000,-77.152000,124495000.000000,-123199000.000000,7129000.000000,0.000000,1.208000,-4.037000,-4.027000,17599000.000000,0.000000,33.100000,309.922000,309.792000,19797000.000000,-1617441000.000000,1582000.000000,1582000.000000,78018000.000000,,,,,18553000.000000,46477000.000000,1.000000,59053749.000000,59028858.000000,59028858.000000,0.027000,1705703000.000000,0.000000,0.000000,0.000000,28.896000
MRQ,2022-06-30,2022-06-30,2022-06-30,2022-Q2,1489643000.000000,1907836613.000000,2025-04-29,-13872000.000000,1601377000.000000,,1578884000.000000,22493000.000000,,25.381000,-122000.000000,207779000.000000,207779000.000000,200000.000000,-126260000.000000,17.692000,0.065000,15363000.000000,7563000.000000,7800000.000000,15363000.000000,0.000000,279000.000000,0.000000,0.000000,0.000000,-126260000.000000,-125981000.000000,-83.931000,-125981000.000000,-126260000.000000,-126260000.000000,-2.130000,-2.130000,-2.130000,1504236000.000000,,1504236000.000000,1744812613.000000,-3.000000,-3.476000,-106561000.000000,-1.798000,1.000000,1301000.000000,0.867000,0.000000,0.000000,1319720000.000000,,0.000000,1307197000.000000,1307197000.000000,0.000000,97141000.000000,89241000.000000,7900000.000000,27836000.000000,0.000000,37000.000000,0.000000,0.000000,13000.000000,134262000.000000,134384000.000000,-106439000.000000,0.000000,-126260000.000000,-126260000.000000,-126260000.000000,0.000000,0.000000,-84.117000,129708000.000000,-128407000.000000,5410000.000000,0.000000,1.268000,-3.791000,-3.791000,16317000.000000,0.000000,32.300000,309.463000,310.511000,23722000.000000,-1743701000.000000,1501000.000000,1501000.000000,77297000.000000,,,,,14636000.000000,52411000.000000,1.000000,59066149.000000,59266322.000000,59266322.000000,0.025000,1601377000.000000,0.000000,0.000000,0.000000,27.020000
MRQ,2022-09-30,2022-09-30,2022-09-30,2022-Q3,1365417000.000000,2326978952.000000,2025-04-29,-14883000.000000,1486073000.000000,,1465104000.000000,20969000.000000,,23.223000,-364000.000000,201095000.000000,201095000.000000,184000.000000,-137323000.000000,14.697000,0.077000,13767000.000000,7603000.000000,6164000.000000,13767000.000000,0.000000,278000.000000,0.000000,0.000000,0.000000,-137323000.000000,-137045000.000000,-78.807000,-137045000.000000,-137323000.000000,-137323000.000000,-2.310000,-2.310000,-2.310000,1380122000.000000,,1380122000.000000,2134562952.000000,-4.000000,-4.192000,-119229000.000000,-2.006000,1.000000,1555000.000000,0.894000,0.000000,0.000000,1199058000.000000,,0.000000,1193813000.000000,1193813000.000000,0.000000,105951000.000000,99687000.000000,6264000.000000,-6684000.000000,0.000000,1244000.000000,0.000000,0.000000,1229000.000000,110952000.000000,111316000.000000,-118865000.000000,0.000000,-137323000.000000,-137323000.000000,-137323000.000000,0.000000,0.000000,-78.967000,143035000.000000,-141480000.000000,7077000.000000,0.000000,1.686000,-4.560000,-4.543000,14791000.000000,0.000000,39.160000,359.991000,360.026000,18448000.000000,-1881024000.000000,1739000.000000,1739000.000000,81553000.000000,,,,,13169000.000000,61482000.000000,1.000000,59422343.000000,59428123.000000,59428123.000000,0.029000,1486073000.000000,0.000000,0.000000,0.000000,25.006000
MRQ,2022-12-31,2022-12-31,2022-12-31,2022-Q4,1237721000.000000,2269089871.000000,2025-04-29,-10206000.000000,1356449000.000000,,1336980000.000000,19469000.000000,,21.053000,-282000.000000,163969000.000000,163969000.000000,143000.000000,-147146000.000000,13.470000,0.083000,12134000.000000,7643000.000000,4491000.000000,12134000.000000,0.000000,290000.000000,0.000000,0.000000,0.000000,-147146000.000000,-146856000.000000,-51.259000,-146856000.000000,-147146000.000000,-147146000.000000,-2.470000,-2.470000,-2.470000,1252599000.000000,,1252599000.000000,2081761871.000000,-4.000000,-3.916000,-127214000.000000,-2.138000,1.000000,2722000.000000,0.950000,0.000000,0.000000,1105355000.000000,,0.000000,1109794000.000000,1109794000.000000,0.000000,103850000.000000,99259000.000000,4591000.000000,-37126000.000000,0.000000,33000.000000,0.000000,0.000000,29000.000000,89777000.000000,90059000.000000,-126932000.000000,0.000000,-147146000.000000,-147146000.000000,-147146000.000000,0.000000,0.000000,-51.360000,156624000.000000,-153902000.000000,18950000.000000,0.000000,1.812000,-4.259000,-4.247000,13430000.000000,0.000000,38.140000,295.224000,294.293000,13660000.000000,-2028170000.000000,2865000.000000,2865000.000000,89295000.000000,,,,,15244000.000000,67329000.000000,1.000000,59493704.000000,59496687.000000,59496687.000000,0.048000,1356449000.000000,0.000000,0.000000,0.000000,22.799000
MRQ,2023-03-31,2023-03-31,2023-03-31,2023-Q1,1118745000.000000,2505750832.000000,2025-04-29,-5088000.000000,1220686000.000000,,1203437000.000000,17249000.000000,,18.989000,-225000.000000,207826000.000000,207826000.000000,230000.000000,-146828000.000000,14.210000,0.077000,10447000.000000,7684000.000000,2763000.000000,10447000.000000,0.000000,323000.000000,0.000000,0.000000,0.000000,-146828000.000000,-146505000.000000,-44.476000,-146505000.000000,-146828000.000000,-146828000.000000,-2.460000,-2.460000,-2.460000,1133129000.000000,,1133129000.000000,2353915832.000000,-4.000000,-4.231000,-153907000.000000,-2.579000,1.000000,3064000.000000,0.930000,0.000000,0.000000,938615000.000000,,0.000000,923028000.000000,923028000.000000,0.000000,87557000.000000,84692000.000000,2865000.000000,43857000.000000,0.000000,3301000.000000,0.000000,0.000000,2672000.000000,194867000.000000,195092000.000000,-153682000.000000,0.000000,-146828000.000000,-146828000.000000,-146828000.000000,0.000000,0.000000,-44.574000,158534000.000000,-155470000.000000,12263000.000000,0.000000,2.211000,-4.494000,-4.478000,11725000.000000,0.000000,41.960000,266.598000,266.403000,15002000.000000,-2174998000.000000,3294000.000000,3294000.000000,92826000.000000,,,,,20038000.000000,65708000.000000,1.000000,59717608.000000,59674127.000000,59674127.000000,0.055000,1220686000.000000,0.000000,0.000000,0.000000,20.456000
MRQ,2023-06-30,2023-06-30,2023-06-30,2023-Q2,967220000.000000,2810014224.000000,2025-04-29,-5644000.000000,1082288000.000000,,1064027000.000000,18261000.000000,,16.469000,-112000.000000,122748000.000000,122748000.000000,205000.000000,-160325000.000000,10.991000,0.099000,8728000.000000,7725000.000000,1003000.000000,8728000.000000,0.000000,331000.000000,0.000000,0.000000,0.000000,-160325000.000000,-159994000.000000,-64.670000,-159994000.000000,-160325000.000000,-160325000.000000,-2.680000,-2.680000,-2.680000,984376000.000000,,984376000.000000,2612635224.000000,-4.000000,-4.425000,-131630000.000000,-2.202000,1.000000,2269000.000000,0.917000,0.000000,0.000000,871461000.000000,,0.000000,881200000.000000,881200000.000000,0.000000,97912000.000000,96807000.000000,1105000.000000,-85078000.000000,0.000000,855000.000000,0.000000,0.000000,847000.000000,45593000.000000,45705000.000000,-131518000.000000,0.000000,-160325000.000000,-160325000.000000,-160325000.000000,0.000000,0.000000,-64.804000,172726000.000000,-170457000.000000,9283000.000000,0.000000,2.855000,-4.750000,-4.740000,10040000.000000,0.000000,47.020000,270.923000,270.957000,15090000.000000,-2335323000.000000,2474000.000000,2474000.000000,97161000.000000,,,,,11693000.000000,75565000.000000,1.000000,59762106.000000,59769640.000000,59769640.000000,0.041000,1082288000.000000,0.000000,0.000000,0.000000,18.108000
MRQ,2023-09-30,2023-09-30,2023-09-30,2023-Q3,800266000.000000,1232411547.000000,2025-04-29,-3735000.000000,949663000.000000,,933270000.000000,16393000.000000,,13.631000,-328000.000000,150044000.000000,150044000.000000,905000.000000,-201630000.000000,7.017000,0.163000,6967000.000000,6967000.000000,0.000000,6967000.000000,0.000000,330000.000000,0.000000,0.000000,0.000000,-201630000.000000,-201300000.000000,-74.116000,-201300000.000000,-201630000.000000,-201630000.000000,-3.370000,-3.370000,-3.370000,816659000.000000,,816659000.000000,1118391547.000000,-2.000000,-1.708000,-136194000.000000,-2.273000,1.000000,1811000.000000,0.667000,0.000000,0.000000,673582000.000000,,0.000000,727340000.000000,727340000.000000,0.000000,133004000.000000,133004000.000000,0.000000,27296000.000000,0.000000,2774000.000000,0.000000,0.000000,2770000.000000,160392000.000000,160720000.000000,-135866000.000000,0.000000,-201630000.000000,-201630000.000000,-201630000.000000,0.000000,0.000000,-74.238000,213660000.000000,-211849000.000000,11136000.000000,0.000000,1.509000,-1.879000,-1.874000,8468000.000000,0.000000,20.580000,108.592000,108.644000,22513000.000000,-2536953000.000000,2716000.000000,2716000.000000,101919000.000000,,,,,28691000.000000,78142000.000000,1.000000,59883943.000000,59912378.000000,59912378.000000,0.045000,949663000.000000,0.000000,0.000000,0.000000,15.851000
MRQ,2023-12-31,2023-12-31,2023-12-31,2023-Q4,786603000.000000,1299496072.000000,2025-04-29,-814000.000000,882277000.000000,,869350000.000000,12927000.000000,,13.328000,112000.000000,72324000.000000,72324000.000000,820000.000000,-32706000.000000,10.506000,0.103000,5165000.000000,5165000.000000,0.000000,5165000.000000,0.000000,409000.000000,0.000000,0.000000,0.000000,-32706000.000000,-32297000.000000,-0.414000,-32297000.000000,-32706000.000000,-32706000.000000,-0.540000,-0.540000,-0.540000,799530000.000000,,799530000.000000,1156419072.000000,-2.000000,-2.141000,-119407000.000000,-1.991000,1.000000,77152000.000000,0.989000,0.000000,0.000000,732371000.000000,,0.000000,682192000.000000,682192000.000000,0.000000,82747000.000000,82747000.000000,0.000000,-77720000.000000,0.000000,0.000000,0.000000,0.000000,-262000.000000,42061000.000000,41949000.000000,-119519000.000000,0.000000,-32706000.000000,-32706000.000000,-32706000.000000,0.000000,0.000000,-0.419000,119226000.000000,-42074000.000000,10318000.000000,0.000000,1.625000,-2.400000,-2.394000,6379000.000000,0.000000,21.670000,15.031000,14.998000,83009000.000000,-2569659000.000000,77972000.000000,77972000.000000,64330000.000000,,,,,12945000.000000,55109000.000000,1.000000,59967516.000000,59987002.000000,59987002.000000,1.300000,882277000.000000,0.000000,0.000000,0.000000,14.708000
MRQ,2024-03-31,2024-03-31,2024-03-31,2024-Q1,693643000.000000,1126399314.000000,2025-04-29,-787000.000000,767600000.000000,,755442000.000000,12158000.000000,,11.737000,0.000000,175485000.000000,175485000.000000,1269000.000000,-108483000.000000,12.224000,0.088000,3306000.000000,3306000.000000,0.000000,3306000.000000,0.000000,336000.000000,0.000000,0.000000,0.000000,-108483000.000000,-108147000.000000,-13.686000,-108147000.000000,-108483000.000000,-108483000.000000,-1.800000,-1.800000,-1.800000,705801000.000000,,705801000.000000,1059240314.000000,-2.000000,-2.111000,-37832000.000000,-0.629000,1.000000,6633000.000000,0.839000,0.000000,0.000000,533622000.000000,,0.000000,544360000.000000,544360000.000000,0.000000,61799000.000000,61799000.000000,0.000000,103161000.000000,0.000000,1559000.000000,0.000000,0.000000,1557000.000000,139436000.000000,139436000.000000,-37832000.000000,0.000000,-108483000.000000,-108483000.000000,-108483000.000000,0.000000,0.000000,-13.729000,124308000.000000,-117675000.000000,6479000.000000,0.000000,1.596000,-2.239000,-2.234000,4442000.000000,0.000000,18.740000,12.369000,12.375000,10509000.000000,-2678142000.000000,7902000.000000,7902000.000000,71734000.000000,,,,,13698000.000000,52574000.000000,1.000000,60106687.000000,60136198.000000,60136198.000000,0.131000,767600000.000000,0.000000,0.000000,0.000000,12.764000
MRQ,2024-06-30,2024-06-30,2024-06-30,2024-Q2,617768000.000000,653576857.000000,2025-04-29,-691000.000000,697105000.000000,,686811000.000000,10294000.000000,,10.375000,0.000000,101233000.000000,101233000.000000,1407000.000000,-102854000.000000,9.948000,0.110000,1411000.000000,1411000.000000,0.000000,1411000.000000,0.000000,311000.000000,0.000000,0.000000,0.000000,-102854000.000000,-102543000.000000,-11.849000,-102543000.000000,-102854000.000000,-102854000.000000,-1.700000,-1.700000,-1.700000,628062000.000000,,628062000.000000,481397857.000000,-1.000000,-1.084000,-80437000.000000,-1.329000,1.000000,7247000.000000,0.837000,0.000000,0.000000,528240000.000000,,0.000000,546892000.000000,546892000.000000,0.000000,69043000.000000,69043000.000000,0.000000,-72752000.000000,0.000000,8189000.000000,0.000000,0.000000,8071000.000000,-386000.000000,-386000.000000,-80437000.000000,0.000000,-102854000.000000,-102854000.000000,-102854000.000000,0.000000,0.000000,-11.885000,118547000.000000,-111300000.000000,8650000.000000,0.000000,1.041000,-1.466000,-1.466000,2494000.000000,0.000000,10.860000,6.721000,6.761000,9943000.000000,-2780996000.000000,8654000.000000,8654000.000000,62564000.000000,,,,,17167000.000000,55983000.000000,1.000000,60182031.000000,60538319.000000,60538319.000000,0.143000,697105000.000000,0.000000,0.000000,0.000000,11.515000
MRQ,2024-09-30,2024-09-30,2024-09-30,2024-Q3,544581000.000000,440784018.000000,2025-04-29,901000.000000,622432000.000000,,604987000.000000,17445000.000000,,9.029000,0.000000,100959000.000000,100959000.000000,5278000.000000,-93551000.000000,10.015000,0.128000,10274000.000000,83000.000000,10191000.000000,10274000.000000,0.000000,255000.000000,0.000000,0.000000,0.000000,-93551000.000000,-93296000.000000,-7.859000,-93296000.000000,-93551000.000000,-93551000.000000,-1.530000,-1.530000,-1.530000,551835000.000000,,551835000.000000,340962018.000000,-1.000000,-1.014000,-82365000.000000,-1.348000,1.000000,6593000.000000,0.555000,0.000000,0.000000,471341000.000000,,0.000000,469527000.000000,469527000.000000,0.000000,70597000.000000,60406000.000000,10191000.000000,-274000.000000,0.000000,1436000.000000,0.000000,0.000000,1037000.000000,81054000.000000,81054000.000000,-82365000.000000,0.000000,-93551000.000000,-93551000.000000,-93551000.000000,0.000000,0.000000,-7.881000,107795000.000000,-101202000.000000,7126000.000000,0.000000,0.799000,-1.306000,-1.296000,12270000.000000,0.000000,7.220000,4.143000,4.147000,14871000.000000,-2874547000.000000,11871000.000000,11871000.000000,54576000.000000,,,,,14207000.000000,53219000.000000,1.000000,61050418.000000,61116524.000000,61116524.000000,0.194000,622432000.000000,0.000000,0.000000,0.000000,10.184000
MRQ,2024-12-31,2024-12-31,2024-12-31,2024-Q4,459686000.000000,332170818.000000,2025-04-29,244000.000000,547222000.000000,,531301000.000000,15921000.000000,,7.591000,0.000000,82471000.000000,82471000.000000,1489000.000000,-95778000.000000,7.419000,0.177000,11836000.000000,1318000.000000,10518000.000000,11836000.000000,0.000000,129000.000000,0.000000,0.000000,0.000000,-95778000.000000,-95649000.000000,-7.463000,-95649000.000000,-95778000.000000,-95778000.000000,-1.560000,-1.560000,-1.560000,465089000.000000,,465089000.000000,241485818.000000,-1.000000,-0.604000,-66560000.000000,-1.086000,1.000000,11327000.000000,0.884000,0.000000,0.000000,404972000.000000,,0.000000,423397000.000000,423397000.000000,0.000000,82133000.000000,71615000.000000,10518000.000000,-19988000.000000,0.000000,-1000.000000,0.000000,0.000000,-2000.000000,46574000.000000,46574000.000000,-66560000.000000,0.000000,-95778000.000000,-95778000.000000,-95778000.000000,0.000000,0.000000,-7.473000,113521000.000000,-102194000.000000,12699000.000000,0.000000,0.714000,-0.829000,-0.824000,11643000.000000,0.000000,5.430000,8.054000,8.000000,9134000.000000,-2970325000.000000,12816000.000000,12816000.000000,37022000.000000,,,,,9432000.000000,54645000.000000,1.000000,61173263.000000,61266925.000000,61266925.000000,0.209000,547222000.000000,0.000000,0.000000,0.000000,8.932000
MRQ,2025-03-31,2025-03-31,2025-03-31,2025-Q1,404698000.000000,488773529.000000,2025-04-29,142000.000000,469669000.000000,,454476000.000000,15193000.000000,,6.626000,0.000000,46674000.000000,46674000.000000,655000.000000,-62214000.000000,9.130000,0.146000,11855000.000000,1812000.000000,10043000.000000,11855000.000000,0.000000,112000.000000,0.000000,0.000000,0.000000,-62214000.000000,-62102000.000000,-4.416000,-62102000.000000,-62214000.000000,-62214000.000000,-1.010000,-1.010000,-1.010000,409848000.000000,,409848000.000000,418138529.000000,-1.000000,-1.183000,-81728000.000000,-1.321000,1.000000,13408000.000000,0.953000,0.000000,0.000000,385072000.000000,,0.000000,378630000.000000,378630000.000000,0.000000,59821000.000000,49778000.000000,10043000.000000,-35797000.000000,0.000000,242000.000000,0.000000,0.000000,148000.000000,45783000.000000,45783000.000000,-81728000.000000,0.000000,-62214000.000000,-62214000.000000,-62214000.000000,0.000000,0.000000,-4.424000,80863000.000000,-67455000.000000,5435000.000000,0.000000,1.193000,-1.379000,-1.371000,11135000.000000,0.000000,7.950000,10.311000,10.374000,10729000.000000,-3032539000.000000,14063000.000000,14063000.000000,22759000.000000,,,,,6927000.000000,57591000.000000,1.000000,61480947.000000,61857573.000000,61857573.000000,0.227000,469669000.000000,0.000000,0.000000,0.000000,7.593000
MRT,2012-12-31,2012-12-31,2012-12-31,2012-Q4,1407000.000000,,2025-04-29,0.000000,2995000.000000,,2826000.000000,169000.000000,,-11.977000,-111000.000000,2841000.000000,2841000.000000,0.000000,-9632000.000000,1.992000,-0.106000,0.000000,0.000000,0.000000,0.000000,0.000000,44000.000000,0.000000,,0.000000,-9632000.000000,-9588000.000000,,-9588000.000000,-9632000.000000,-9632000.000000,-8.620000,-8.620000,-8.620000,-13394000.000000,,-13394000.000000,,,,-9037000.000000,-8.081000,1.000000,0.000000,,0.000000,0.000000,-1265000.000000,,0.000000,0.000000,0.000000,0.000000,1419000.000000,1419000.000000,0.000000,-40000.000000,0.000000,3000.000000,0.000000,0.000000,8997000.000000,-111000.000000,0.000000,-8926000.000000,0.000000,-9632000.000000,-9636000.000000,-9636000.000000,0.000000,0.000000,,9631000.000000,-9631000.000000,1314000.000000,0.000000,,,,130000.000000,4000.000000,,,,0.000000,-13394000.000000,0.000000,0.000000,7229000.000000,,,,,0.000000,2402000.000000,1.000000,,1118288.000000,1118288.000000,0.000000,2995000.000000,0.000000,0.000000,0.000000,2.678000
MRT,2013-03-31,2013-03-31,2013-03-31,2013-Q1,,,2025-04-29,,,,,,,,,,,,,,,,,,,,,,,0.000000,,,,,,,,,,,,,,,,,,1.000000,,,,,,,,,,,,,,,,,,,,,,,,,,,,,,,,,,,,,,,,,,,,,,,,,,,,,1.000000,,1420645.000000,,,,,,,
MRT,2013-06-30,2013-06-30,2013-06-30,2013-Q2,,,2025-04-29,,,,,,,,,,,,,,,,,,,,,,,0.000000,,,,,,,,,,,,,,,,,,1.000000,,,,,,,,,,,,,,,,,,,,,,,,,,,,,,,,,,,,,,,,,,,,,,,,,,,,,1.000000,,1464419.000000,,,,,,,
MRT,2013-09-30,2013-09-30,2013-09-30,2013-Q3,,,2025-04-29,,,,,,,,,,,,,,,,,,,,,,,0.000000,,,,,,,,,,,,,,,,,,1.000000,,,,,,,,,,,,,,,,,,,,,,,,,,,,,,,,,,,,,,,,,,,,,,,,,,,,,1.000000,,1514838.000000,,,,,,,
MRT,2013-12-31,2013-12-31,2013-12-31,2013-Q4,6092000.000000,,2025-04-29,0.000000,8532000.000000,5763500.000000,8407000.000000,125000.000000,0.000000,-21.133000,-3000.000000,8105000.000000,8105000.000000,0.000000,-18281000.000000,3.632000,-0.075000,0.000000,0.000000,0.000000,0.000000,0.000000,47000.000000,0.000000,,0.000000,-18281000.000000,-18234000.000000,,-18234000.000000,-18281000.000000,-18281000.000000,-12.260000,-12.260000,-12.260000,-31536000.000000,-22465000.000000,-31536000.000000,,,,-17519000.000000,-11.740000,1.000000,0.000000,,0.000000,0.000000,-1888000.000000,-1576500.000000,0.000000,0.000000,0.000000,0.000000,2359000.000000,2315000.000000,44000.000000,5264000.000000,0.000000,51000.000000,0.000000,0.000000,22783000.000000,-3000.000000,0.000000,-17516000.000000,0.000000,-18281000.000000,-18288000.000000,-18288000.000000,0.000000,0.000000,,18279000.000000,-18279000.000000,1988000.000000,0.000000,,,,86000.000000,7000.000000,,,,0.000000,-31675000.000000,0.000000,0.000000,14357000.000000,-3.173000,0.814000,11.596000,,61000.000000,3922000.000000,1.000000,,1492288.000000,1492288.000000,0.000000,8532000.000000,0.000000,0.000000,0.000000,5.717000
MRT,2014-03-31,2014-03-31,2014-03-31,2014-Q1,53572000.000000,,2025-04-29,0.000000,56777000.000000,,56660000.000000,117000.000000,,-22.604000,-3000.000000,55464000.000000,55464000.000000,0.000000,-20682000.000000,18.348000,-0.084000,0.000000,0.000000,0.000000,0.000000,0.000000,47000.000000,0.000000,,0.000000,-20682000.000000,-20635000.000000,,-20635000.000000,-20682000.000000,-20682000.000000,-13.560000,-13.560000,-13.560000,-37358000.000000,,-37358000.000000,,,,-20095000.000000,-12.159000,1.000000,0.000000,,0.000000,0.000000,-1775000.000000,,0.000000,0.000000,0.000000,0.000000,3124000.000000,3088000.000000,36000.000000,50666000.000000,0.000000,53000.000000,0.000000,0.000000,70761000.000000,-3000.000000,0.000000,-20092000.000000,0.000000,-20682000.000000,-21015000.000000,-21015000.000000,0.000000,0.000000,,20679000.000000,-20679000.000000,1626000.000000,0.000000,,,,78000.000000,333000.000000,,,,0.000000,-37465000.000000,0.000000,0.000000,15947000.000000,,,,,221000.000000,4732000.000000,1.000000,24961926.000000,1652726.000000,1652726.000000,0.000000,56777000.000000,0.000000,0.000000,0.000000,34.354000
MRT,2014-06-30,2014-06-30,2014-06-30,2014-Q2,47612000.000000,,2025-04-29,0.000000,51651000.000000,,51543000.000000,108000.000000,,-26.340000,-5000.000000,49166000.000000,49166000.000000,0.000000,-22219000.000000,13.112000,-0.089000,0.000000,0.000000,0.000000,0.000000,0.000000,46000.000000,0.000000,,0.000000,-22219000.000000,-22173000.000000,,-22173000.000000,-22219000.000000,-22219000.000000,-14.950000,-14.950000,-14.950000,-44792000.000000,,-44792000.000000,,,,-21104000.000000,-12.410000,1.000000,0.000000,,0.000000,0.000000,-1446000.000000,,0.000000,0.000000,0.000000,0.000000,3971000.000000,3931000.000000,40000.000000,48604000.000000,0.000000,18000.000000,0.000000,0.000000,69708000.000000,-5000.000000,0.000000,-21099000.000000,0.000000,-22219000.000000,-24129000.000000,-24129000.000000,0.000000,0.000000,,22212000.000000,-22212000.000000,1862000.000000,0.000000,,,,69000.000000,1910000.000000,,,,0.000000,-44792000.000000,0.000000,0.000000,16474000.000000,,,,,544000.000000,5738000.000000,1.000000,24961926.000000,1700517.000000,1700517.000000,0.000000,51651000.000000,0.000000,0.000000,0.000000,30.374000
MRT,2014-09-30,2014-09-30,2014-09-30,2014-Q3,132780000.000000,809925669.000000,2025-04-29,0.000000,137963000.000000,63730750.000000,137790000.000000,173000.000000,0.000000,6.788000,-83000.000000,136766000.000000,136766000.000000,0.000000,-27168000.000000,27.503000,0.038000,0.000000,0.000000,0.000000,0.000000,0.000000,48000.000000,0.000000,0.000000,0.000000,-27168000.000000,-27120000.000000,,-27120000.000000,-27168000.000000,-27168000.000000,-12.470000,-12.470000,-12.470000,132919000.000000,4808250.000000,132919000.000000,760759669.000000,-28.000000,-28.052000,-23497000.000000,-1.200000,1.000000,0.000000,,0.000000,0.000000,-3813000.000000,-2230500.000000,0.000000,0.000000,0.000000,0.000000,5044000.000000,5010000.000000,34000.000000,123883000.000000,0.000000,96308000.000000,0.000000,0.000000,147380000.000000,-83000.000000,0.000000,-23414000.000000,0.000000,-27168000.000000,-29469000.000000,-29469000.000000,0.000000,0.000000,,27163000.000000,-27163000.000000,2157000.000000,0.000000,6.093000,-27.484000,-2.526000,134000.000000,2301000.000000,31.500000,,,0.000000,-54484000.000000,0.000000,0.000000,19667000.000000,-0.462000,-6.129000,12.180000,,1215000.000000,7496000.000000,1.000000,25711926.000000,19581624.000000,19581624.000000,0.000000,137963000.000000,0.000000,0.000000,0.000000,7.046000
MRT,2014-12-31,2014-12-31,2014-12-31,2014-Q4,121065000.000000,944010002.000000,2025-04-29,0.000000,129665000.000000,94014000.000000,128822000.000000,843000.000000,0.000000,5.650000,-128000.000000,127805000.000000,127805000.000000,0.000000,-33811000.000000,16.607000,0.064000,0.000000,0.000000,0.000000,0.000000,0.000000,51000.000000,0.000000,0.000000,0.000000,-33811000.000000,-33760000.000000,,-33760000.000000,-33811000.000000,-33811000.000000,-1.670000,-1.670000,-1.670000,121885000.000000,43163500.000000,121885000.000000,807244002.000000,-24.000000,-23.911000,-27170000.000000,-1.259000,1.000000,0.000000,,0.000000,0.000000,-5897000.000000,-3232750.000000,0.000000,0.000000,0.000000,0.000000,7780000.000000,7757000.000000,23000.000000,119700000.000000,0.000000,96295000.000000,0.000000,0.000000,146870000.000000,-128000.000000,0.000000,-27042000.000000,0.000000,-33811000.000000,-36105000.000000,-36105000.000000,0.000000,0.000000,,33810000.000000,-33810000.000000,2429000.000000,0.000000,7.745000,-26.146000,-21.916000,163000.000000,2294000.000000,36.600000,,,0.000000,-66845000.000000,0.000000,0.000000,24100000.000000,-0.384000,-0.836000,10.459000,,2512000.000000,9710000.000000,1.000000,25792623.000000,21574347.000000,21574347.000000,0.000000,129665000.000000,641000.000000,0.000000,641000.000000,6.010000
MRT,2015-03-31,2015-03-31,2015-03-31,2015-Q1,105584000.000000,1296370398.000000,2025-04-29,0.000000,115478000.000000,108689250.000000,114529000.000000,949000.000000,0.000000,4.151000,-235000.000000,113201000.000000,113201000.000000,0.000000,-44892000.000000,12.804000,0.084000,0.000000,0.000000,0.000000,0.000000,0.000000,62000.000000,0.000000,0.000000,0.000000,-44892000.000000,-44830000.000000,,-44830000.000000,-44892000.000000,-44892000.000000,-4.320000,-4.320000,-4.320000,106510000.000000,79130500.000000,106510000.000000,1168565398.000000,-26.000000,-26.067000,-36267000.000000,-1.414000,1.000000,0.000000,,0.000000,0.000000,-6668000.000000,-4456000.000000,0.000000,0.000000,0.000000,0.000000,8968000.000000,8945000.000000,23000.000000,57737000.000000,0.000000,96440000.000000,0.000000,0.000000,94004000.000000,-235000.000000,0.000000,-36032000.000000,0.000000,-44892000.000000,-46860000.000000,-46860000.000000,0.000000,0.000000,,44916000.000000,-44916000.000000,2782000.000000,0.000000,12.171000,-27.665000,-11.627000,269000.000000,1968000.000000,50.230000,,,0.000000,-83716000.000000,0.000000,0.000000,32827000.000000,-0.431000,-0.592000,10.075000,,3701000.000000,12089000.000000,1.000000,25808688.000000,25655883.000000,25655883.000000,0.000000,115478000.000000,641000.000000,0.000000,641000.000000,4.501000
MRT,2015-06-30,2015-06-30,2015-06-30,2015-Q2,216508000.000000,2070768808.000000,2025-04-29,0.000000,228473000.000000,152894750.000000,227508000.000000,965000.000000,0.000000,7.805000,-304000.000000,224273000.000000,224273000.000000,0.000000,-63727000.000000,20.683000,0.051000,0.000000,0.000000,0.000000,0.000000,0.000000,83000.000000,0.000000,0.000000,0.000000,-63727000.000000,-63644000.000000,,-63644000.000000,-63727000.000000,-63727000.000000,-0.650000,-0.650000,-0.650000,217451000.000000,144691250.000000,217451000.000000,1957567808.000000,-31.000000,-30.758000,-49506000.000000,-1.777000,1.000000,0.000000,,0.000000,0.000000,-6800000.000000,-5794500.000000,0.000000,0.000000,0.000000,0.000000,11022000.000000,11000000.000000,22000.000000,175107000.000000,0.000000,226449000.000000,0.000000,0.000000,224613000.000000,-304000.000000,0.000000,-49202000.000000,0.000000,-63727000.000000,-64118000.000000,-64118000.000000,0.000000,0.000000,,63787000.000000,-63787000.000000,5195000.000000,0.000000,9.523000,-32.296000,-112.308000,285000.000000,391000.000000,73.000000,,,0.000000,-108743000.000000,0.000000,0.000000,47049000.000000,-0.419000,-0.443000,10.998000,,8764000.000000,16738000.000000,1.000000,28366696.000000,27860332.000000,27860332.000000,0.000000,228473000.000000,641000.000000,0.000000,641000.000000,8.201000
MRT,2015-09-30,2015-09-30,2015-09-30,2015-Q3,197190000.000000,1219715385.000000,2025-04-29,0.000000,208410000.000000,170506500.000000,207481000.000000,929000.000000,0.000000,6.894000,-205000.000000,204916000.000000,204916000.000000,0.000000,-78294000.000000,20.161000,0.052000,0.000000,0.000000,0.000000,0.000000,0.000000,99000.000000,0.000000,0.000000,0.000000,-78294000.000000,-78195000.000000,,-78195000.000000,-78294000.000000,-78294000.000000,-0.990000,-0.990000,-0.990000,198104000.000000,160987500.000000,198104000.000000,995442385.000000,-13.000000,-12.730000,-61436000.000000,-2.138000,1.000000,0.000000,,0.000000,0.000000,-6797000.000000,-6540500.000000,0.000000,0.000000,0.000000,0.000000,10306000.000000,10291000.000000,15000.000000,68150000.000000,0.000000,130384000.000000,0.000000,0.000000,129586000.000000,-205000.000000,0.000000,-61231000.000000,0.000000,-78294000.000000,-78294000.000000,-78294000.000000,0.000000,0.000000,,78399000.000000,-78399000.000000,3246000.000000,0.000000,6.157000,-15.579000,-42.747000,249000.000000,0.000000,42.320000,,,0.000000,-132778000.000000,0.000000,0.000000,57926000.000000,-0.459000,-0.486000,11.971000,,12480000.000000,20473000.000000,1.000000,28821252.000000,28737743.000000,28737743.000000,0.000000,208410000.000000,641000.000000,0.000000,641000.000000,7.252000
MRT,2015-12-31,2015-12-31,2015-12-31,2015-Q4,173184000.000000,1682682059.000000,2025-04-29,0.000000,189016000.000000,185344250.000000,188491000.000000,525000.000000,0.000000,6.253000,-198000.000000,186792000.000000,186792000.000000,0.000000,-94495000.000000,12.314000,0.088000,0.000000,0.000000,0.000000,0.000000,0.000000,115000.000000,0.000000,0.000000,0.000000,-94495000.000000,-94380000.000000,,-94380000.000000,-94495000.000000,-94495000.000000,-3.400000,-3.400000,-3.400000,173695000.000000,173940000.000000,173695000.000000,1477766059.000000,-16.000000,-15.658000,-70879000.000000,-2.552000,1.000000,0.000000,,0.000000,0.000000,-13083000.000000,-8337000.000000,0.000000,0.000000,0.000000,0.000000,15321000.000000,15307000.000000,14000.000000,58987000.000000,0.000000,130450000.000000,0.000000,0.000000,129866000.000000,-198000.000000,0.000000,-70681000.000000,0.000000,-94495000.000000,-94495000.000000,-94495000.000000,0.000000,0.000000,,94650000.000000,-94650000.000000,5159000.000000,0.000000,9.688000,-17.807000,-17.147000,286000.000000,0.000000,58.300000,,,0.000000,-161340000.000000,0.000000,0.000000,69357000.000000,-0.510000,-0.543000,11.334000,,15240000.000000,25293000.000000,1.000000,28862471.000000,27778288.000000,27778288.000000,0.000000,189016000.000000,0.000000,0.000000,0.000000,6.804000
MRT,2016-03-31,2016-03-31,2016-03-31,2016-Q1,286636000.000000,1026631315.000000,2025-04-29,0.000000,303510000.000000,232352250.000000,302606000.000000,904000.000000,0.000000,9.086000,-429000.000000,299719000.000000,299719000.000000,0.000000,-108167000.000000,18.948000,0.056000,0.000000,0.000000,0.000000,0.000000,0.000000,134000.000000,0.000000,0.000000,0.000000,-108167000.000000,-108033000.000000,,-108033000.000000,-108167000.000000,-108167000.000000,-3.710000,-3.710000,-3.710000,287500000.000000,219187500.000000,287500000.000000,839839315.000000,-8.000000,-7.774000,-83939000.000000,-2.653000,1.000000,0.000000,,0.000000,0.000000,-12179000.000000,-9714750.000000,0.000000,0.000000,0.000000,0.000000,16010000.000000,15970000.000000,40000.000000,186518000.000000,0.000000,271605000.000000,0.000000,0.000000,270457000.000000,-429000.000000,0.000000,-83510000.000000,0.000000,-108167000.000000,-108167000.000000,-108167000.000000,0.000000,0.000000,,108467000.000000,-108467000.000000,4540000.000000,0.000000,3.571000,-9.491000,-8.642000,865000.000000,0.000000,32.060000,,,0.000000,-191883000.000000,0.000000,0.000000,80038000.000000,-0.466000,-0.493000,11.134000,,17605000.000000,28429000.000000,1.000000,32022187.000000,31643216.000000,31643216.000000,0.000000,303510000.000000,0.000000,0.000000,0.000000,9.592000
MRT,2016-06-30,2016-06-30,2016-06-30,2016-Q2,255768000.000000,966074671.000000,2025-04-29,39000.000000,275630000.000000,244141500.000000,274107000.000000,1523000.000000,0.000000,8.022000,-852000.000000,189567000.000000,189567000.000000,0.000000,-117887000.000000,14.947000,0.072000,0.000000,0.000000,0.000000,0.000000,0.000000,177000.000000,0.000000,0.000000,0.000000,-117887000.000000,-117710000.000000,,-117710000.000000,-117887000.000000,-117887000.000000,-3.890000,-3.890000,-3.890000,257209000.000000,229127000.000000,257209000.000000,666355671.000000,-6.000000,-5.661000,-92590000.000000,-2.888000,1.000000,0.000000,,0.000000,0.000000,67724000.000000,8916250.000000,0.000000,83292000.000000,83292000.000000,0.000000,18421000.000000,18339000.000000,82000.000000,-35231000.000000,0.000000,141606000.000000,0.000000,0.000000,140881000.000000,-84374000.000000,-82997000.000000,-91738000.000000,0.000000,-117887000.000000,-117887000.000000,-117887000.000000,0.000000,0.000000,,118414000.000000,-118414000.000000,5957000.000000,0.000000,3.756000,-8.195000,-7.746000,959000.000000,0.000000,30.130000,,,0.000000,-226630000.000000,0.000000,0.000000,87531000.000000,-0.483000,-0.515000,-13.222000,,16672000.000000,30883000.000000,1.000000,32063547.000000,32062298.000000,32062298.000000,0.000000,275630000.000000,0.000000,0.000000,0.000000,8.597000
MRT,2016-09-30,2016-09-30,2016-09-30,2016-Q3,412358000.000000,1477929621.000000,2025-04-29,-35000.000000,436301000.000000,301114250.000000,434688000.000000,1613000.000000,0.000000,12.547000,-939000.000000,320642000.000000,320642000.000000,0.000000,-131648000.000000,19.467000,0.055000,0.000000,0.000000,0.000000,0.000000,0.000000,231000.000000,0.000000,0.000000,0.000000,-131648000.000000,-131417000.000000,,-131417000.000000,-131648000.000000,-131648000.000000,-4.200000,-4.200000,-4.200000,413737000.000000,283035250.000000,413737000.000000,1288362621.000000,-10.000000,-9.804000,-103958000.000000,-3.153000,1.000000,0.000000,,0.000000,0.000000,93329000.000000,33947750.000000,0.000000,111192000.000000,111192000.000000,0.000000,22564000.000000,22330000.000000,234000.000000,115201000.000000,0.000000,330970000.000000,0.000000,0.000000,330335000.000000,-112115000.000000,-110651000.000000,-103019000.000000,0.000000,-131648000.000000,-131648000.000000,-131648000.000000,0.000000,0.000000,,132396000.000000,-132396000.000000,5237000.000000,0.000000,3.572000,-11.226000,-10.964000,1049000.000000,0.000000,46.050000,,,0.000000,-264426000.000000,0.000000,0.000000,99128000.000000,-0.437000,-0.465000,-3.878000,,17013000.000000,33268000.000000,1.000000,32094020.000000,32975897.000000,32975897.000000,0.000000,436301000.000000,0.000000,0.000000,0.000000,13.231000
MRT,2016-12-31,2016-12-31,2016-12-31,2016-Q4,367410000.000000,1897755904.000000,2025-04-29,-102000.000000,404531000.000000,354993000.000000,402579000.000000,1952000.000000,0.000000,11.003000,-1421000.000000,169081000.000000,169081000.000000,0.000000,-158987000.000000,11.447000,0.098000,0.000000,0.000000,0.000000,0.000000,0.000000,281000.000000,0.000000,0.000000,0.000000,-158987000.000000,-158706000.000000,,-158706000.000000,-158987000.000000,-158987000.000000,-4.750000,-4.750000,-4.750000,368517000.000000,331740750.000000,368517000.000000,1577113904.000000,-10.000000,-9.937000,-120099000.000000,-3.586000,1.000000,0.000000,,0.000000,0.000000,200281000.000000,87288750.000000,0.000000,228962000.000000,228962000.000000,0.000000,36014000.000000,35169000.000000,845000.000000,-17711000.000000,0.000000,331581000.000000,0.000000,0.000000,330982000.000000,-230015000.000000,-228594000.000000,-118678000.000000,0.000000,-158987000.000000,-158987000.000000,-158987000.000000,0.000000,0.000000,,160163000.000000,-160163000.000000,12817000.000000,0.000000,5.150000,-11.937000,-10.749000,1388000.000000,0.000000,51.060000,,,0.000000,-320327000.000000,0.000000,0.000000,120756000.000000,-0.448000,-0.479000,-1.821000,,23020000.000000,39407000.000000,1.000000,37167174.000000,33492795.000000,33492795.000000,0.000000,404531000.000000,0.000000,0.000000,0.000000,12.078000
MRT,2017-03-31,2017-03-31,2017-03-31,2017-Q1,317162000.000000,2648791693.000000,2025-04-29,-81000.000000,351168000.000000,366907500.000000,349044000.000000,2124000.000000,0.000000,8.544000,-1325000.000000,146024000.000000,146024000.000000,0.000000,-185222000.000000,10.948000,0.103000,0.000000,0.000000,0.000000,0.000000,0.000000,370000.000000,0.000000,0.000000,0.000000,-185222000.000000,-184852000.000000,,-184852000.000000,-185222000.000000,-185222000.000000,-5.300000,-5.300000,-5.300000,318446000.000000,339477250.000000,318446000.000000,2479710693.000000,-13.000000,-13.415000,-147778000.000000,-3.965000,1.000000,0.000000,,0.000000,0.000000,173262000.000000,133649000.000000,0.000000,197104000.000000,197104000.000000,0.000000,32722000.000000,31882000.000000,840000.000000,-153695000.000000,0.000000,190832000.000000,0.000000,0.000000,190832000.000000,-198074000.000000,-196749000.000000,-146453000.000000,0.000000,-185222000.000000,-185222000.000000,-185222000.000000,0.000000,0.000000,,186928000.000000,-186928000.000000,8230000.000000,0.000000,8.318000,-14.301000,-13.409000,1560000.000000,0.000000,71.070000,,,0.000000,-377105000.000000,0.000000,0.000000,142375000.000000,-0.505000,-0.546000,-1.386000,,25514000.000000,44553000.000000,1.000000,37270180.000000,37269148.000000,37269148.000000,0.000000,351168000.000000,0.000000,0.000000,0.000000,9.422000
MRT,2017-06-30,2017-06-30,2017-06-30,2017-Q2,258839000.000000,2974258456.000000,2025-04-29,-67000.000000,293412000.000000,371353000.000000,291120000.000000,2292000.000000,0.000000,6.967000,-907000.000000,134299000.000000,134299000.000000,0.000000,-220677000.000000,9.018000,0.127000,0.000000,0.000000,0.000000,0.000000,0.000000,425000.000000,0.000000,0.000000,0.000000,-220677000.000000,-220252000.000000,,-220252000.000000,-220677000.000000,-220677000.000000,-6.100000,-6.100000,-6.100000,260304000.000000,340251000.000000,260304000.000000,2828234456.000000,-13.000000,-12.841000,-179765000.000000,-4.812000,1.000000,0.000000,,0.000000,0.000000,126832000.000000,148426000.000000,0.000000,152478000.000000,152478000.000000,0.000000,33108000.000000,32281000.000000,827000.000000,-54743000.000000,0.000000,193580000.000000,0.000000,0.000000,193580000.000000,-69465000.000000,-69083000.000000,-178858000.000000,0.000000,-220677000.000000,-220677000.000000,-220677000.000000,0.000000,0.000000,,222776000.000000,-222776000.000000,6042000.000000,0.000000,11.426000,-13.478000,-13.056000,1443000.000000,0.000000,79.640000,,,0.000000,-447306000.000000,0.000000,0.000000,172179000.000000,-0.594000,-0.649000,-1.487000,,30399000.000000,50597000.000000,1.000000,37346289.000000,37361129.000000,37361129.000000,0.000000,293412000.000000,0.000000,0.000000,0.000000,7.853000
MRT,2017-09-30,2017-09-30,2017-09-30,2017-Q3,198506000.000000,2332579533.000000,2025-04-29,-15000.000000,251085000.000000,325049000.000000,248343000.000000,2742000.000000,0.000000,5.339000,-1076000.000000,135765000.000000,135765000.000000,0.000000,-256600000.000000,4.983000,0.255000,0.000000,0.000000,0.000000,0.000000,0.000000,478000.000000,0.000000,0.000000,0.000000,-256600000.000000,-256122000.000000,,-256122000.000000,-256600000.000000,-256600000.000000,-6.920000,-6.920000,-6.920000,200052000.000000,286829750.000000,200052000.000000,2198280533.000000,-9.000000,-8.583000,-195230000.000000,-5.210000,1.000000,0.000000,,0.000000,0.000000,65483000.000000,141464500.000000,0.000000,108535000.000000,108535000.000000,0.000000,51033000.000000,49837000.000000,1196000.000000,-184352000.000000,0.000000,7676000.000000,0.000000,0.000000,7676000.000000,2126000.000000,2677000.000000,-194154000.000000,0.000000,-256600000.000000,-256600000.000000,-256600000.000000,0.000000,0.000000,,259085000.000000,-259085000.000000,13030000.000000,0.000000,11.660000,-9.090000,-9.003000,1893000.000000,0.000000,62.300000,,,0.000000,-521025000.000000,0.000000,0.000000,201390000.000000,-0.789000,-0.895000,-1.814000,,35382000.000000,57695000.000000,1.000000,37441084.000000,37470912.000000,37470912.000000,0.000000,251085000.000000,0.000000,0.000000,0.000000,6.701000
MRT,2017-12-31,2017-12-31,2017-12-31,2017-Q4,473124000.000000,6182827155.000000,2025-04-29,-29000.000000,529937000.000000,356400500.000000,525075000.000000,4862000.000000,0.000000,12.475000,-1360000.000000,307084000.000000,307084000.000000,0.000000,-270120000.000000,10.107000,0.115000,0.000000,0.000000,0.000000,0.000000,0.000000,531000.000000,0.000000,0.000000,0.000000,-270120000.000000,-269589000.000000,,-269589000.000000,-270120000.000000,-270120000.000000,-7.090000,-7.090000,-7.090000,475475000.000000,313569250.000000,475475000.000000,6047062155.000000,-22.000000,-22.431000,-220637000.000000,-5.789000,1.000000,0.000000,,0.000000,0.000000,170902000.000000,134119750.000000,0.000000,212613000.000000,212613000.000000,0.000000,54462000.000000,51951000.000000,2511000.000000,138003000.000000,0.000000,341997000.000000,0.000000,0.000000,341818000.000000,15462000.000000,16822000.000000,-219277000.000000,0.000000,-270120000.000000,-270120000.000000,-270120000.000000,0.000000,0.000000,,273155000.000000,-273155000.000000,9350000.000000,0.000000,13.003000,-22.889000,-23.231000,4013000.000000,0.000000,164.710000,,,0.000000,-590447000.000000,0.000000,0.000000,210277000.000000,-0.758000,-0.861000,-2.014000,,35534000.000000,62878000.000000,1.000000,37537655.000000,38113678.000000,38113678.000000,0.000000,529937000.000000,0.000000,0.000000,0.000000,13.904000
MRT,2018-03-31,2018-03-31,2018-03-31,2018-Q1,1057216000.000000,7373452796.000000,2025-04-29,-185000.000000,1100652000.000000,543771500.000000,1095088000.000000,5564000.000000,0.000000,23.898000,-1767000.000000,558824000.000000,558824000.000000,0.000000,-287941000.000000,28.916000,0.039000,0.000000,0.000000,0.000000,0.000000,0.000000,648000.000000,0.000000,0.000000,0.000000,-287941000.000000,-287293000.000000,,-287293000.000000,-287941000.000000,-287941000.000000,-7.250000,-7.250000,-7.250000,1059276000.000000,498776750.000000,1059276000.000000,7066368796.000000,-25.000000,-24.596000,-244405000.000000,-5.514000,1.000000,0.000000,,0.000000,0.000000,503956000.000000,216793250.000000,0.000000,525958000.000000,525958000.000000,0.000000,41376000.000000,37872000.000000,3504000.000000,412800000.000000,0.000000,985695000.000000,0.000000,0.000000,984377000.000000,-328939000.000000,-327172000.000000,-242638000.000000,0.000000,-287941000.000000,-287941000.000000,-287941000.000000,0.000000,0.000000,,293795000.000000,-293795000.000000,8350000.000000,0.000000,6.961000,-25.608000,-22.217000,4295000.000000,0.000000,161.070000,,,0.000000,-665045000.000000,0.000000,0.000000,214347000.000000,-0.530000,-0.577000,-1.328000,,45143000.000000,79448000.000000,1.000000,45777940.000000,44325371.000000,44325371.000000,0.000000,1100652000.000000,0.000000,0.000000,0.000000,24.831000
MRT,2018-06-30,2018-06-30,2018-06-30,2018-Q2,1075850000.000000,7281127253.000000,2025-04-29,-145000.000000,1129483000.000000,752789250.000000,1123769000.000000,5714000.000000,0.120000,23.157000,-2093000.000000,327099000.000000,327099000.000000,0.000000,-234717000.000000,23.451000,0.048000,0.000000,0.000000,0.000000,0.000000,0.000000,764000.000000,0.000000,0.000000,0.000000,-234717000.000000,-233953000.000000,-2.599000,-233953000.000000,-234717000.000000,-234717000.000000,-5.730000,-5.730000,-5.730000,1077763000.000000,703141500.000000,1077763000.000000,6722303253.000000,-29.000000,-28.734000,-185790000.000000,-3.992000,1.000000,90000000.000000,1.000000,0.000000,0.000000,754465000.000000,373701500.000000,0.000000,766603000.000000,766603000.000000,0.000000,51720000.000000,47919000.000000,3801000.000000,192800000.000000,0.000000,989582000.000000,0.000000,0.000000,988159000.000000,-611662000.000000,-609569000.000000,-183697000.000000,0.000000,-234717000.000000,-234717000.000000,-234717000.000000,0.000000,0.000000,-2.608000,335088000.000000,-245088000.000000,8338000.000000,0.000000,6.756000,-31.021000,-27.318000,4445000.000000,0.000000,156.530000,80.901000,80.946000,18378000.000000,-682023000.000000,90000000.000000,90000000.000000,227427000.000000,-0.312000,-0.334000,-0.628000,-2.608000,64821000.000000,107661000.000000,1.000000,46515858.000000,46541716.000000,46541716.000000,1.934000,1129483000.000000,0.000000,0.000000,0.000000,24.268000
MRT,2018-09-30,2018-09-30,2018-09-30,2018-Q3,985386000.000000,6591331810.000000,2025-04-29,-257000.000000,1046999000.000000,951767750.000000,1039912000.000000,7087000.000000,0.095000,21.164000,-2856000.000000,255042000.000000,255042000.000000,0.000000,-283916000.000000,19.072000,0.059000,0.000000,0.000000,0.000000,0.000000,0.000000,915000.000000,0.000000,0.000000,0.000000,-283916000.000000,-283001000.000000,-3.144000,-283001000.000000,-283916000.000000,-283916000.000000,-6.390000,-6.390000,-6.390000,988505000.000000,900254750.000000,988505000.000000,6264232810.000000,-22.000000,-22.135000,-220648000.000000,-4.724000,1.000000,90000000.000000,1.000000,0.000000,0.000000,737431000.000000,541688500.000000,0.000000,768278000.000000,768278000.000000,0.000000,58494000.000000,54526000.000000,3968000.000000,119277000.000000,0.000000,993973000.000000,0.000000,0.000000,992550000.000000,-655481000.000000,-652625000.000000,-217792000.000000,0.000000,-283916000.000000,-283916000.000000,-283916000.000000,0.000000,0.000000,-3.155000,389460000.000000,-299460000.000000,5879000.000000,0.000000,6.668000,-23.216000,-22.105000,5168000.000000,0.000000,141.250000,73.237000,73.304000,0.000000,-804941000.000000,90000000.000000,90000000.000000,244193000.000000,-0.298000,-0.315000,-0.524000,-3.155000,80568000.000000,145267000.000000,1.000000,46664296.000000,46706770.000000,46706770.000000,1.927000,1046999000.000000,0.000000,0.000000,0.000000,22.416000
MRT,2018-12-31,2018-12-31,2018-12-31,2018-Q4,858665000.000000,4491322397.000000,2025-04-29,-515000.000000,952705000.000000,1057459750.000000,944695000.000000,8010000.000000,0.085000,18.711000,-2860000.000000,193310000.000000,193310000.000000,0.000000,-372882000.000000,10.981000,0.104000,0.000000,0.000000,0.000000,0.000000,0.000000,1143000.000000,0.000000,0.000000,0.000000,-372882000.000000,-371739000.000000,-4.118000,-371739000.000000,-372882000.000000,-372882000.000000,-8.080000,-8.080000,-8.080000,862971000.000000,997128750.000000,862971000.000000,4236280397.000000,-11.000000,-11.396000,-263531000.000000,-5.714000,1.000000,90273000.000000,1.000000,0.000000,0.000000,673365000.000000,667304250.000000,0.000000,731833000.000000,731833000.000000,0.000000,89734000.000000,86030000.000000,3704000.000000,-113774000.000000,0.000000,660602000.000000,0.000000,0.000000,659358000.000000,-512461000.000000,-509601000.000000,-260671000.000000,0.000000,-372882000.000000,-372882000.000000,-372882000.000000,0.000000,0.000000,-4.131000,483511000.000000,-393238000.000000,34036000.000000,0.000000,5.204000,-12.045000,-11.855000,5643000.000000,0.000000,95.790000,49.753000,48.940000,0.000000,-963329000.000000,90273000.000000,90273000.000000,282107000.000000,-0.353000,-0.374000,-0.559000,-4.131000,101963000.000000,201404000.000000,1.000000,46887174.000000,46121194.000000,46121194.000000,1.957000,952705000.000000,0.000000,0.000000,0.000000,20.657000
MRT,2019-03-31,2019-03-31,2019-03-31,2019-Q1,1303156000.000000,7490087096.000000,2025-04-29,-106000.000000,1422914000.000000,1138025250.000000,1371532000.000000,51382000.000000,0.080000,27.211000,-3465000.000000,344662000.000000,344662000.000000,0.000000,-461690000.000000,20.059000,0.078000,34528000.000000,0.000000,34528000.000000,34528000.000000,0.000000,1311000.000000,0.000000,0.000000,0.000000,-461690000.000000,-460379000.000000,-5.074000,-460379000.000000,-461690000.000000,-461690000.000000,-9.760000,-9.760000,-9.760000,1319534000.000000,1062193250.000000,1319534000.000000,7296777096.000000,-16.000000,-15.850000,-335499000.000000,-6.919000,1.000000,90738000.000000,1.000000,0.000000,0.000000,1044404000.000000,802416250.000000,0.000000,1008956000.000000,1008956000.000000,0.000000,103380000.000000,68376000.000000,35004000.000000,-214162000.000000,0.000000,593309000.000000,0.000000,0.000000,592442000.000000,-474570000.000000,-471105000.000000,-332034000.000000,0.000000,-461690000.000000,-461690000.000000,-461690000.000000,0.000000,0.000000,-5.088000,575709000.000000,-484971000.000000,13556000.000000,0.000000,5.676000,-16.223000,-16.296000,44637000.000000,0.000000,159.050000,82.546000,84.999000,0.000000,-1126735000.000000,90738000.000000,90738000.000000,319235000.000000,-0.406000,-0.435000,-0.575000,-5.088000,130262000.000000,256474000.000000,1.000000,47092657.000000,48491834.000000,48491834.000000,1.871000,1422914000.000000,0.000000,0.000000,0.000000,29.343000
MRT,2019-06-30,2019-06-30,2019-06-30,2019-Q2,1184617000.000000,9364632027.000000,2025-04-29,1575000.000000,1315547000.000000,1184541250.000000,1263570000.000000,51977000.000000,0.001000,23.467000,-5244000.000000,168552000.000000,168552000.000000,44000.000000,-612933000.000000,16.004000,0.094000,33309000.000000,0.000000,33309000.000000,33309000.000000,0.000000,1570000.000000,0.000000,0.000000,0.000000,-612933000.000000,-611363000.000000,-379.493000,-611363000.000000,-612933000.000000,-612933000.000000,-12.680000,-12.680000,-12.680000,1202875000.000000,1093471250.000000,1202875000.000000,9054498027.000000,-15.000000,-14.810000,-470487000.000000,-9.179000,1.000000,1567000.000000,0.973000,0.000000,0.000000,1101351000.000000,889137750.000000,0.000000,1070364000.000000,1070364000.000000,0.000000,112672000.000000,78953000.000000,33719000.000000,-158547000.000000,0.000000,602265000.000000,0.000000,0.000000,601245000.000000,-294549000.000000,-289305000.000000,-465243000.000000,0.000000,-612933000.000000,-612933000.000000,-612933000.000000,0.000000,0.000000,-380.467000,640848000.000000,-639281000.000000,12431000.000000,0.000000,7.785000,-15.278000,-14.439000,45587000.000000,0.000000,183.090000,5812.931000,5825.426000,0.000000,-1294956000.000000,1611000.000000,1611000.000000,339314000.000000,-0.517000,-0.561000,-0.689000,-380.467000,136001000.000000,301534000.000000,1.000000,51147698.000000,51257640.000000,51257640.000000,0.031000,1315547000.000000,0.000000,0.000000,0.000000,25.665000
MRT,2019-09-30,2019-09-30,2019-09-30,2019-Q3,1061707000.000000,7246959548.000000,2025-04-29,1777000.000000,1203727000.000000,1223723250.000000,1152663000.000000,51064000.000000,0.004000,20.909000,-6186000.000000,261548000.000000,261548000.000000,181000.000000,-669973000.000000,12.673000,0.113000,31360000.000000,0.000000,31360000.000000,31360000.000000,0.000000,1981000.000000,0.000000,0.000000,0.000000,-669973000.000000,-667992000.000000,-128.931000,-667992000.000000,-669973000.000000,-669973000.000000,-13.530000,-13.530000,-13.530000,1081071000.000000,1116612750.000000,1081071000.000000,7111716548.000000,-11.000000,-10.646000,-519944000.000000,-10.056000,1.000000,5000000.000000,0.965000,0.000000,0.000000,882583000.000000,925425750.000000,0.000000,863069000.000000,863069000.000000,0.000000,122656000.000000,90956000.000000,31700000.000000,6506000.000000,0.000000,609589000.000000,0.000000,0.000000,607086000.000000,-86822000.000000,-80636000.000000,-513758000.000000,0.000000,-669973000.000000,-669973000.000000,-669973000.000000,0.000000,0.000000,-129.313000,702713000.000000,-697713000.000000,5041000.000000,0.000000,6.704000,-10.817000,-10.369000,44879000.000000,0.000000,140.290000,1398.757000,1400.048000,0.000000,-1474914000.000000,5181000.000000,5181000.000000,366370000.000000,-0.547000,-0.600000,-0.724000,-129.313000,154192000.000000,336343000.000000,1.000000,51656993.000000,51704687.000000,51704687.000000,0.100000,1203727000.000000,0.000000,0.000000,0.000000,23.281000
MRT,2019-12-31,2019-12-31,2019-12-31,2019-Q4,922965000.000000,3740707419.000000,2025-04-29,1295000.000000,1084150000.000000,1256584500.000000,1035093000.000000,49057000.000000,0.005000,18.583000,-5751000.000000,129072000.000000,129072000.000000,400000.000000,-680238000.000000,9.231000,0.148000,37092000.000000,10244000.000000,26848000.000000,37092000.000000,0.000000,2283000.000000,0.000000,0.000000,0.000000,-680238000.000000,-677955000.000000,-98.712000,-677955000.000000,-680238000.000000,-680238000.000000,-13.380000,-13.380000,-13.380000,944655000.000000,1137033750.000000,944655000.000000,3510519419.000000,-5.000000,-5.178000,-534457000.000000,-10.514000,1.000000,6468000.000000,0.942000,0.000000,0.000000,880042000.000000,977095000.000000,0.000000,881688000.000000,881688000.000000,0.000000,139495000.000000,112128000.000000,27367000.000000,-64238000.000000,0.000000,610127000.000000,0.000000,0.000000,607624000.000000,-143156000.000000,-137405000.000000,-528706000.000000,0.000000,-680238000.000000,-680238000.000000,-680238000.000000,0.000000,0.000000,-99.045000,714592000.000000,-708124000.000000,15266000.000000,0.000000,3.960000,-5.499000,-5.395000,42897000.000000,0.000000,72.190000,544.657000,534.318000,0.000000,-1643567000.000000,6868000.000000,6868000.000000,368815000.000000,-0.541000,-0.598000,-0.696000,-99.045000,153231000.000000,345777000.000000,1.000000,51817529.000000,50833837.000000,50833837.000000,0.135000,1084150000.000000,0.000000,0.000000,0.000000,21.327000
MRT,2020-03-31,2020-03-31,2020-03-31,2020-Q1,827876000.000000,1490887366.000000,2025-04-29,-792000.000000,944973000.000000,1137099250.000000,898236000.000000,46737000.000000,0.008000,16.360000,-4770000.000000,201811000.000000,201811000.000000,570000.000000,-643572000.000000,12.766000,0.113000,35221000.000000,10270000.000000,24951000.000000,35221000.000000,0.000000,2537000.000000,0.000000,0.000000,0.000000,-643572000.000000,-641035000.000000,-73.775000,-641035000.000000,-643572000.000000,-643572000.000000,-12.450000,-12.450000,-12.450000,849206000.000000,1019451750.000000,849206000.000000,1398907366.000000,-2.000000,-2.182000,-520233000.000000,-10.022000,1.000000,8119000.000000,0.934000,0.000000,0.000000,708023000.000000,892999750.000000,0.000000,673313000.000000,673313000.000000,0.000000,95767000.000000,70360000.000000,25407000.000000,-142851000.000000,0.000000,36329000.000000,0.000000,0.000000,34588000.000000,338024000.000000,342794000.000000,-515463000.000000,0.000000,-643572000.000000,-643572000.000000,-643572000.000000,0.000000,0.000000,-74.067000,678015000.000000,-669896000.000000,7910000.000000,0.000000,1.756000,-2.317000,-2.307000,40676000.000000,0.000000,28.720000,171.583000,171.576000,0.000000,-1770307000.000000,8689000.000000,8689000.000000,346027000.000000,-0.566000,-0.631000,-0.721000,-74.067000,140225000.000000,331988000.000000,1.000000,51911120.000000,51908760.000000,51908760.000000,0.167000,944973000.000000,0.000000,0.000000,0.000000,18.204000
MRT,2020-06-30,2020-06-30,2020-06-30,2020-Q2,721092000.000000,2158742914.000000,2025-04-29,1709000.000000,827242000.000000,1015023000.000000,785384000.000000,41858000.000000,0.009000,14.249000,-2659000.000000,260595000.000000,260595000.000000,636000.000000,-611698000.000000,12.216000,0.118000,31238000.000000,8577000.000000,22661000.000000,31238000.000000,0.000000,2694000.000000,0.000000,0.000000,0.000000,-611698000.000000,-609004000.000000,-68.389000,-609004000.000000,-611698000.000000,-611698000.000000,-11.800000,-11.800000,-11.800000,739915000.000000,903711750.000000,739915000.000000,1992152914.000000,-3.000000,-3.271000,-503762000.000000,-9.702000,1.000000,8269000.000000,0.929000,0.000000,0.000000,533593000.000000,751060250.000000,0.000000,498294000.000000,498294000.000000,0.000000,87327000.000000,64292000.000000,23035000.000000,92043000.000000,0.000000,21114000.000000,0.000000,0.000000,19631000.000000,573515000.000000,576174000.000000,-501103000.000000,0.000000,-611698000.000000,-611698000.000000,-611698000.000000,0.000000,0.000000,-68.692000,640675000.000000,-632406000.000000,2387000.000000,0.000000,2.918000,-3.529000,-3.524000,36076000.000000,0.000000,41.580000,242.419000,242.458000,0.000000,-1906654000.000000,8905000.000000,8905000.000000,330288000.000000,-0.603000,-0.677000,-0.814000,-68.692000,129490000.000000,281985000.000000,1.000000,51917819.000000,51926074.000000,51926074.000000,0.171000,827242000.000000,0.000000,0.000000,0.000000,15.931000
MRT,2020-09-30,2020-09-30,2020-09-30,2020-Q3,639219000.000000,3176667321.000000,2025-04-29,946000.000000,738628000.000000,898748250.000000,698884000.000000,39744000.000000,0.008000,12.650000,-718000.000000,186637000.000000,186637000.000000,648000.000000,-537475000.000000,11.713000,0.123000,29689000.000000,8620000.000000,21069000.000000,29689000.000000,0.000000,2646000.000000,0.000000,0.000000,0.000000,-537475000.000000,-534829000.000000,-76.689000,-534829000.000000,-537475000.000000,-537475000.000000,-10.350000,-10.350000,-10.350000,657581000.000000,797839250.000000,657581000.000000,2947310321.000000,-5.000000,-5.511000,-464135000.000000,-8.929000,1.000000,6326000.000000,0.907000,0.000000,0.000000,522015000.000000,660918250.000000,0.000000,484267000.000000,484267000.000000,0.000000,81047000.000000,59665000.000000,21382000.000000,-74911000.000000,0.000000,9257000.000000,0.000000,0.000000,9257000.000000,379249000.000000,379967000.000000,-463417000.000000,0.000000,-537475000.000000,-537475000.000000,-537475000.000000,0.000000,0.000000,-77.068000,558713000.000000,-552387000.000000,4289000.000000,0.000000,4.831000,-5.910000,-5.905000,33950000.000000,0.000000,61.120000,455.501000,455.565000,0.000000,-2012389000.000000,6974000.000000,6974000.000000,302258000.000000,-0.598000,-0.674000,-0.813000,-77.068000,105929000.000000,228582000.000000,1.000000,51974269.000000,51981468.000000,51981468.000000,0.134000,738628000.000000,0.000000,0.000000,0.000000,14.209000
MRT,2020-12-31,2020-12-31,2020-12-31,2020-Q4,2055166000.000000,4502383796.000000,2025-04-29,415000.000000,2159246000.000000,1167522250.000000,2122370000.000000,36876000.000000,0.954000,39.865000,-345000.000000,1662798000.000000,1662798000.000000,565000.000000,606073000.000000,31.581000,0.042000,28100000.000000,8662000.000000,19438000.000000,28100000.000000,0.000000,2630000.000000,0.000000,0.000000,0.000000,606073000.000000,608703000.000000,0.546000,608703000.000000,606073000.000000,606073000.000000,11.660000,11.430000,11.660000,2072334000.000000,1079759000.000000,2072334000.000000,4345435796.000000,7.000000,7.139000,663935000.000000,12.772000,1.000000,1113635000.000000,0.999000,0.000000,0.000000,457344000.000000,555243750.000000,0.000000,438467000.000000,438467000.000000,0.000000,86912000.000000,67204000.000000,19708000.000000,1533726000.000000,0.000000,426762000.000000,0.000000,0.000000,426762000.000000,442684000.000000,443029000.000000,664280000.000000,0.000000,606073000.000000,606073000.000000,606073000.000000,0.000000,0.000000,0.544000,517409000.000000,596226000.000000,3691000.000000,0.000000,2.173000,7.429000,7.419000,31819000.000000,0.000000,86.510000,4.041000,4.036000,0.000000,-1037494000.000000,1114200000.000000,1114200000.000000,292714000.000000,0.519000,0.561000,1.092000,0.544000,95994000.000000,196952000.000000,1.000000,52044663.000000,51983188.000000,53003115.000000,21.434000,2159246000.000000,0.000000,0.000000,0.000000,41.537000
MRT,2021-03-31,2021-03-31,2021-03-31,2021-Q1,1989855000.000000,4369887685.000000,2025-04-29,-236000.000000,2080698000.000000,1451453500.000000,2051866000.000000,28832000.000000,0.767000,34.318000,-69000.000000,900519000.000000,900519000.000000,582000.000000,637049000.000000,33.089000,0.039000,22717000.000000,7306000.000000,15411000.000000,22717000.000000,0.000000,4543000.000000,0.000000,0.000000,0.000000,637049000.000000,641592000.000000,0.576000,641592000.000000,637049000.000000,637049000.000000,12.460000,12.230000,12.460000,2003276000.000000,1368276500.000000,2003276000.000000,2735189685.000000,4.000000,4.263000,691816000.000000,11.851000,1.000000,1112915000.000000,0.999000,0.000000,0.000000,1140885000.000000,663459250.000000,0.000000,1104767000.000000,1104767000.000000,0.000000,77422000.000000,62011000.000000,15411000.000000,698708000.000000,0.000000,429225000.000000,0.000000,0.000000,429225000.000000,-422402000.000000,-422333000.000000,691885000.000000,0.000000,637049000.000000,637049000.000000,637049000.000000,0.000000,0.000000,0.572000,481571000.000000,631344000.000000,3285000.000000,0.000000,2.181000,6.860000,6.007000,24171000.000000,0.000000,74.850000,3.924000,3.924000,24766000.000000,-1133258000.000000,1113497000.000000,1113497000.000000,287160000.000000,0.439000,0.466000,0.960000,0.572000,86860000.000000,166668000.000000,1.000000,58381933.000000,58374219.000000,58374219.000000,19.075000,2080698000.000000,0.000000,0.000000,0.000000,35.644000
MRT,2021-06-30,2021-06-30,2021-06-30,2021-Q2,1916701000.000000,3322249823.000000,2025-04-29,-285000.000000,2015475000.000000,1748511750.000000,1988599000.000000,26876000.000000,0.637000,32.937000,1000.000000,515427000.000000,515427000.000000,620000.000000,666151000.000000,27.659000,0.045000,21322000.000000,7358000.000000,13964000.000000,21322000.000000,0.000000,4774000.000000,0.000000,0.000000,0.000000,666151000.000000,670925000.000000,0.602000,670925000.000000,666151000.000000,666151000.000000,13.260000,13.030000,13.260000,1929512000.000000,1665675750.000000,1929512000.000000,2444447823.000000,4.000000,3.643000,708101000.000000,12.087000,1.000000,1113431000.000000,0.999000,0.000000,0.000000,1449472000.000000,892429000.000000,0.000000,1397157000.000000,1397157000.000000,0.000000,85963000.000000,71898000.000000,14065000.000000,254832000.000000,0.000000,435700000.000000,0.000000,0.000000,434904000.000000,-888172000.000000,-888173000.000000,708100000.000000,0.000000,666151000.000000,666151000.000000,666151000.000000,0.000000,0.000000,0.598000,451141000.000000,662290000.000000,2917000.000000,0.000000,1.722000,4.987000,4.284000,22008000.000000,0.000000,56.810000,2.982000,2.987000,48438000.000000,-1240503000.000000,1114051000.000000,1114051000.000000,280010000.000000,0.381000,0.400000,0.746000,0.598000,90491000.000000,171790000.000000,1.000000,58480018.000000,58582569.000000,58582569.000000,19.017000,2015475000.000000,0.000000,0.000000,0.000000,34.404000
MRT,2021-09-30,2021-09-30,2021-09-30,2021-Q3,1822755000.000000,2605922101.000000,2025-04-29,-306000.000000,1927180000.000000,2045649750.000000,1901697000.000000,25483000.000000,0.544000,31.208000,0.000000,423434000.000000,423434000.000000,602000.000000,641715000.000000,24.090000,0.050000,19895000.000000,7414000.000000,12481000.000000,19895000.000000,0.000000,4498000.000000,0.000000,0.000000,0.000000,641715000.000000,646213000.000000,0.580000,646213000.000000,641715000.000000,641715000.000000,13.080000,12.850000,13.080000,1835654000.000000,1960194000.000000,1835654000.000000,2111817101.000000,3.000000,3.268000,730290000.000000,12.416000,1.000000,1113250000.000000,0.999000,0.000000,0.000000,1444699000.000000,1123100000.000000,0.000000,1421004000.000000,1421004000.000000,0.000000,91526000.000000,78942000.000000,12584000.000000,236797000.000000,0.000000,433971000.000000,0.000000,0.000000,433175000.000000,-926668000.000000,-926668000.000000,730290000.000000,0.000000,641715000.000000,641715000.000000,641715000.000000,0.000000,0.000000,0.576000,474696000.000000,638554000.000000,4733000.000000,0.000000,1.420000,4.061000,3.388000,20339000.000000,0.000000,44.310000,2.340000,2.340000,24185000.000000,-1370674000.000000,1113852000.000000,1113852000.000000,289429000.000000,0.314000,0.327000,0.571000,0.576000,104725000.000000,185397000.000000,1.000000,58811151.000000,58819548.000000,58819548.000000,18.937000,1927180000.000000,0.000000,0.000000,0.000000,32.764000
MRT,2021-12-31,2021-12-31,2021-12-31,2021-Q4,1715450000.000000,2505966952.000000,2025-04-29,-2660000.000000,1825288000.000000,1962160250.000000,1800643000.000000,24645000.000000,0.003000,29.470000,-372000.000000,295502000.000000,295502000.000000,553000.000000,-457892000.000000,21.136000,0.056000,18432000.000000,7468000.000000,10964000.000000,18432000.000000,0.000000,4182000.000000,0.000000,0.000000,0.000000,-457892000.000000,-453710000.000000,-71.926000,-453710000.000000,-457892000.000000,-457892000.000000,-7.800000,-7.800000,-7.800000,1729031000.000000,1874368250.000000,1729031000.000000,2102427952.000000,-5.000000,-4.634000,-378554000.000000,-6.452000,1.000000,5755000.000000,0.912000,0.000000,0.000000,1463025000.000000,1374520250.000000,0.000000,1448063000.000000,1448063000.000000,0.000000,96257000.000000,85193000.000000,11064000.000000,-1367296000.000000,0.000000,14719000.000000,0.000000,0.000000,13334000.000000,-1002448000.000000,-1002076000.000000,-378182000.000000,0.000000,-457892000.000000,-457892000.000000,-457892000.000000,0.000000,0.000000,-72.589000,466664000.000000,-460909000.000000,10450000.000000,0.000000,1.449000,-5.473000,-5.454000,19125000.000000,0.000000,42.540000,397.268000,395.661000,18506000.000000,-1495386000.000000,6308000.000000,6308000.000000,283166000.000000,-0.233000,-0.244000,-0.333000,-72.589000,104629000.000000,183498000.000000,1.000000,58908485.000000,58670230.000000,58670230.000000,0.108000,1825288000.000000,0.000000,0.000000,0.000000,31.111000
MRT,2022-03-31,2022-03-31,2022-03-31,2022-Q1,1604541000.000000,1954679092.000000,2025-04-29,-11201000.000000,1705703000.000000,1868411500.000000,1682244000.000000,23459000.000000,0.003000,27.419000,-541000.000000,179943000.000000,179943000.000000,652000.000000,-484183000.000000,21.650000,0.054000,16919000.000000,7523000.000000,9396000.000000,16919000.000000,0.000000,1875000.000000,0.000000,0.000000,0.000000,-484183000.000000,-482308000.000000,-76.472000,-482308000.000000,-484183000.000000,-484183000.000000,-8.220000,-8.220000,-8.220000,1618502000.000000,1778174750.000000,1618502000.000000,1677609092.000000,-3.000000,-3.478000,-377437000.000000,-6.394000,1.000000,5655000.000000,0.897000,0.000000,0.000000,1464976000.000000,1455543000.000000,0.000000,1446567000.000000,1446567000.000000,0.000000,87201000.000000,77703000.000000,9498000.000000,-720576000.000000,0.000000,10895000.000000,0.000000,0.000000,9510000.000000,-353190000.000000,-352649000.000000,-376896000.000000,0.000000,-484183000.000000,-484183000.000000,-484183000.000000,0.000000,0.000000,-76.769000,493256000.000000,-487601000.000000,7129000.000000,0.000000,1.208000,-4.037000,-4.027000,17599000.000000,0.000000,33.100000,309.922000,309.792000,19797000.000000,-1617441000.000000,6307000.000000,6307000.000000,303128000.000000,-0.259000,-0.272000,-0.333000,-76.769000,101206000.000000,190128000.000000,1.000000,59053749.000000,59028858.000000,59028858.000000,0.107000,1705703000.000000,0.000000,0.000000,0.000000,28.896000
MRT,2022-06-30,2022-06-30,2022-06-30,2022-Q2,1489643000.000000,1907836613.000000,2025-04-29,-13872000.000000,1601377000.000000,1764887000.000000,1578884000.000000,22493000.000000,0.003000,25.381000,-663000.000000,207779000.000000,207779000.000000,704000.000000,-503198000.000000,17.692000,0.065000,15363000.000000,7563000.000000,7800000.000000,15363000.000000,0.000000,1261000.000000,0.000000,0.000000,0.000000,-503198000.000000,-501937000.000000,-81.417000,-501937000.000000,-503198000.000000,-503198000.000000,-8.520000,-8.520000,-8.520000,1504236000.000000,1671855750.000000,1504236000.000000,1744812613.000000,-3.000000,-3.476000,-381229000.000000,-6.432000,1.000000,5461000.000000,0.886000,0.000000,0.000000,1319720000.000000,1423105000.000000,0.000000,1307197000.000000,1307197000.000000,0.000000,97141000.000000,89241000.000000,7900000.000000,-307648000.000000,0.000000,4071000.000000,0.000000,0.000000,3458000.000000,69460000.000000,70123000.000000,-380566000.000000,0.000000,-503198000.000000,-503198000.000000,-503198000.000000,0.000000,0.000000,-81.622000,513448000.000000,-507987000.000000,5410000.000000,0.000000,1.268000,-3.791000,-3.791000,16317000.000000,0.000000,32.300000,309.463000,310.511000,23722000.000000,-1743701000.000000,6165000.000000,6165000.000000,314255000.000000,-0.285000,-0.301000,-0.354000,-81.622000,88179000.000000,199193000.000000,1.000000,59066149.000000,59266322.000000,59266322.000000,0.104000,1601377000.000000,0.000000,0.000000,0.000000,27.020000
MRT,2022-09-30,2022-09-30,2022-09-30,2022-Q3,1365417000.000000,2326978952.000000,2025-04-29,-14883000.000000,1486073000.000000,1654610250.000000,1465104000.000000,20969000.000000,0.004000,23.223000,-1027000.000000,201095000.000000,201095000.000000,757000.000000,-510350000.000000,14.697000,0.077000,13767000.000000,7603000.000000,6164000.000000,13767000.000000,0.000000,1165000.000000,0.000000,0.000000,0.000000,-510350000.000000,-509185000.000000,-78.772000,-509185000.000000,-510350000.000000,-510350000.000000,-8.620000,-8.620000,-8.620000,1380122000.000000,1557972750.000000,1380122000.000000,2134562952.000000,-4.000000,-4.192000,-431632000.000000,-7.263000,1.000000,5707000.000000,0.883000,0.000000,0.000000,1199058000.000000,1361694750.000000,0.000000,1193813000.000000,1193813000.000000,0.000000,105951000.000000,99687000.000000,6264000.000000,-222339000.000000,0.000000,3499000.000000,0.000000,0.000000,2871000.000000,205395000.000000,206422000.000000,-430605000.000000,0.000000,-510350000.000000,-510350000.000000,-510350000.000000,0.000000,0.000000,-78.953000,524280000.000000,-518573000.000000,7077000.000000,0.000000,1.686000,-4.560000,-4.543000,14791000.000000,0.000000,39.160000,359.991000,360.026000,18448000.000000,-1881024000.000000,6464000.000000,6464000.000000,312311000.000000,-0.308000,-0.328000,-0.375000,-78.953000,67006000.000000,211969000.000000,1.000000,59422343.000000,59428123.000000,59428123.000000,0.109000,1486073000.000000,0.000000,0.000000,0.000000,25.006000
MRT,2022-12-31,2022-12-31,2022-12-31,2022-Q4,1237721000.000000,2269089871.000000,2025-04-29,-10206000.000000,1356449000.000000,1537400500.000000,1336980000.000000,19469000.000000,0.005000,21.121000,-937000.000000,163969000.000000,163969000.000000,813000.000000,-532784000.000000,13.470000,0.083000,12134000.000000,7643000.000000,4491000.000000,12134000.000000,0.000000,1122000.000000,0.000000,0.000000,0.000000,-532784000.000000,-531662000.000000,-69.173000,-531662000.000000,-532784000.000000,-532784000.000000,-8.980000,-8.980000,-8.980000,1252599000.000000,1438864750.000000,1252599000.000000,2081761871.000000,-4.000000,-3.916000,-460973000.000000,-7.773000,1.000000,6873000.000000,0.894000,0.000000,0.000000,1105355000.000000,1272277250.000000,0.000000,1109794000.000000,1109794000.000000,0.000000,103850000.000000,99259000.000000,4591000.000000,-131533000.000000,0.000000,3113000.000000,0.000000,0.000000,3070000.000000,325433000.000000,326370000.000000,-460036000.000000,0.000000,-532784000.000000,-532784000.000000,-532784000.000000,0.000000,0.000000,-69.319000,553862000.000000,-546989000.000000,18950000.000000,0.000000,1.812000,-4.259000,-4.247000,13430000.000000,0.000000,38.140000,295.224000,294.293000,13660000.000000,-2028170000.000000,7686000.000000,7686000.000000,326163000.000000,-0.347000,-0.370000,-0.419000,-69.319000,61602000.000000,227699000.000000,1.000000,59493704.000000,59306094.000000,59306094.000000,0.130000,1356449000.000000,0.000000,0.000000,0.000000,22.872000
MRT,2023-03-31,2023-03-31,2023-03-31,2023-Q1,1118745000.000000,2505750832.000000,2025-04-29,-5088000.000000,1220686000.000000,1416146250.000000,1203437000.000000,17249000.000000,0.007000,18.989000,-993000.000000,207826000.000000,207826000.000000,757000.000000,-557557000.000000,14.210000,0.077000,10447000.000000,7684000.000000,2763000.000000,10447000.000000,0.000000,1170000.000000,0.000000,0.000000,0.000000,-557557000.000000,-556387000.000000,-59.196000,-556387000.000000,-557557000.000000,-557557000.000000,-9.370000,-9.370000,-9.370000,1133129000.000000,1317521500.000000,1133129000.000000,2353915832.000000,-4.000000,-4.231000,-506911000.000000,-8.495000,1.000000,8642000.000000,0.919000,0.000000,0.000000,938615000.000000,1140687000.000000,0.000000,923028000.000000,923028000.000000,0.000000,87557000.000000,84692000.000000,2865000.000000,27883000.000000,0.000000,4615000.000000,0.000000,0.000000,3943000.000000,529858000.000000,530851000.000000,-505918000.000000,0.000000,-557557000.000000,-557557000.000000,-557557000.000000,0.000000,0.000000,-59.321000,587901000.000000,-579259000.000000,12263000.000000,0.000000,2.211000,-4.494000,-4.478000,11725000.000000,0.000000,41.960000,266.598000,266.403000,15002000.000000,-2174998000.000000,9399000.000000,9399000.000000,340971000.000000,-0.394000,-0.423000,-0.489000,-59.321000,63087000.000000,246930000.000000,1.000000,59717608.000000,59674127.000000,59674127.000000,0.158000,1220686000.000000,0.000000,0.000000,0.000000,20.456000
MRT,2023-06-30,2023-06-30,2023-06-30,2023-Q2,967220000.000000,2810014224.000000,2025-04-29,-5644000.000000,1082288000.000000,1286374000.000000,1064027000.000000,18261000.000000,0.008000,16.469000,-983000.000000,122748000.000000,122748000.000000,762000.000000,-591622000.000000,10.991000,0.099000,8728000.000000,7725000.000000,1003000.000000,8728000.000000,0.000000,1222000.000000,0.000000,0.000000,0.000000,-591622000.000000,-590400000.000000,-56.922000,-590400000.000000,-591622000.000000,-591622000.000000,-9.920000,-9.920000,-9.920000,984376000.000000,1187556500.000000,984376000.000000,2612635224.000000,-4.000000,-4.425000,-531980000.000000,-8.901000,1.000000,9610000.000000,0.927000,0.000000,0.000000,871461000.000000,1028622250.000000,0.000000,881200000.000000,881200000.000000,0.000000,97912000.000000,96807000.000000,1105000.000000,-85031000.000000,0.000000,5433000.000000,0.000000,0.000000,4777000.000000,441189000.000000,442172000.000000,-530997000.000000,0.000000,-591622000.000000,-591622000.000000,-591622000.000000,0.000000,0.000000,-57.040000,630919000.000000,-621309000.000000,9283000.000000,0.000000,2.855000,-4.750000,-4.740000,10040000.000000,0.000000,47.020000,270.923000,270.957000,15090000.000000,-2335323000.000000,10372000.000000,10372000.000000,360835000.000000,-0.460000,-0.498000,-0.575000,-57.040000,60144000.000000,270084000.000000,1.000000,59762106.000000,59769640.000000,59769640.000000,0.174000,1082288000.000000,0.000000,0.000000,0.000000,18.108000
MRT,2023-09-30,2023-09-30,2023-09-30,2023-Q3,800266000.000000,1232411547.000000,2025-04-29,-3735000.000000,949663000.000000,1152271500.000000,933270000.000000,16393000.000000,0.010000,13.631000,-947000.000000,150044000.000000,150044000.000000,1483000.000000,-655929000.000000,7.017000,0.163000,6967000.000000,6967000.000000,0.000000,6967000.000000,0.000000,1274000.000000,0.000000,0.000000,0.000000,-655929000.000000,-654655000.000000,-57.684000,-654655000.000000,-655929000.000000,-655929000.000000,-10.980000,-10.980000,-10.980000,816659000.000000,1046690750.000000,816659000.000000,1118391547.000000,-2.000000,-1.708000,-548945000.000000,-9.162000,1.000000,9866000.000000,0.869000,0.000000,0.000000,673582000.000000,897253250.000000,0.000000,727340000.000000,727340000.000000,0.000000,133004000.000000,133004000.000000,0.000000,-51051000.000000,0.000000,6963000.000000,0.000000,0.000000,6318000.000000,490629000.000000,491576000.000000,-547998000.000000,0.000000,-655929000.000000,-655929000.000000,-655929000.000000,0.000000,0.000000,-57.796000,701544000.000000,-691678000.000000,11136000.000000,0.000000,1.509000,-1.879000,-1.874000,8468000.000000,0.000000,20.580000,108.592000,108.644000,22513000.000000,-2536953000.000000,11349000.000000,11349000.000000,381201000.000000,-0.569000,-0.627000,-0.731000,-57.796000,75666000.000000,286744000.000000,1.000000,59883943.000000,59912378.000000,59912378.000000,0.189000,949663000.000000,0.000000,0.000000,0.000000,15.851000
MRT,2023-12-31,2023-12-31,2023-12-31,2023-Q4,786603000.000000,1299496072.000000,2025-04-29,-814000.000000,882277000.000000,1033728500.000000,869350000.000000,12927000.000000,0.084000,13.362000,-553000.000000,72324000.000000,72324000.000000,2159000.000000,-541489000.000000,10.506000,0.103000,5165000.000000,5165000.000000,0.000000,5165000.000000,0.000000,1393000.000000,0.000000,0.000000,0.000000,-541489000.000000,-540096000.000000,-6.247000,-540096000.000000,-541489000.000000,-541489000.000000,-9.050000,-9.050000,-9.050000,799530000.000000,933423500.000000,799530000.000000,1156419072.000000,-2.000000,-2.141000,-541138000.000000,-9.044000,1.000000,84296000.000000,0.975000,0.000000,0.000000,732371000.000000,804007250.000000,0.000000,682192000.000000,682192000.000000,0.000000,82747000.000000,82747000.000000,0.000000,-91645000.000000,0.000000,6930000.000000,0.000000,0.000000,6027000.000000,442913000.000000,443466000.000000,-540585000.000000,0.000000,-541489000.000000,-541489000.000000,-541489000.000000,0.000000,0.000000,-6.263000,664145000.000000,-579849000.000000,10318000.000000,0.000000,1.625000,-2.400000,-2.394000,6379000.000000,0.000000,21.670000,15.031000,14.998000,83009000.000000,-2569659000.000000,86455000.000000,86455000.000000,356235000.000000,-0.524000,-0.580000,-0.673000,-6.263000,73367000.000000,274524000.000000,1.000000,59967516.000000,59836441.000000,59836441.000000,1.445000,882277000.000000,0.000000,0.000000,0.000000,14.745000
MRT,2024-03-31,2024-03-31,2024-03-31,2024-Q1,693643000.000000,1126399314.000000,2025-04-29,-787000.000000,767600000.000000,920457000.000000,755442000.000000,12158000.000000,0.099000,11.737000,-328000.000000,175485000.000000,175485000.000000,3199000.000000,-503144000.000000,12.224000,0.088000,3306000.000000,3306000.000000,0.000000,3306000.000000,0.000000,1406000.000000,0.000000,0.000000,0.000000,-503144000.000000,-501738000.000000,-5.510000,-501738000.000000,-503144000.000000,-503144000.000000,-8.390000,-8.390000,-8.390000,705801000.000000,826591500.000000,705801000.000000,1059240314.000000,-2.000000,-2.111000,-425063000.000000,-7.068000,1.000000,87865000.000000,0.965000,0.000000,0.000000,533622000.000000,702759000.000000,0.000000,544360000.000000,544360000.000000,0.000000,61799000.000000,61799000.000000,0.000000,-32341000.000000,0.000000,5188000.000000,0.000000,0.000000,4912000.000000,387482000.000000,387810000.000000,-424735000.000000,0.000000,-503144000.000000,-503144000.000000,-503144000.000000,0.000000,0.000000,-5.525000,629920000.000000,-542055000.000000,6479000.000000,0.000000,1.596000,-2.239000,-2.234000,4442000.000000,0.000000,18.740000,12.369000,12.375000,10509000.000000,-2678142000.000000,91064000.000000,91064000.000000,335144000.000000,-0.547000,-0.609000,-0.716000,-5.525000,67027000.000000,261390000.000000,1.000000,60106687.000000,60136198.000000,60136198.000000,1.514000,767600000.000000,0.000000,0.000000,0.000000,12.764000
MRT,2024-06-30,2024-06-30,2024-06-30,2024-Q2,617768000.000000,653576857.000000,2025-04-29,-691000.000000,697105000.000000,824161250.000000,686811000.000000,10294000.000000,0.118000,10.375000,-216000.000000,101233000.000000,101233000.000000,4401000.000000,-445673000.000000,9.948000,0.110000,1411000.000000,1411000.000000,0.000000,1411000.000000,0.000000,1386000.000000,0.000000,0.000000,0.000000,-445673000.000000,-444287000.000000,-4.569000,-444287000.000000,-445673000.000000,-445673000.000000,-7.410000,-7.410000,-7.410000,628062000.000000,737513000.000000,628062000.000000,481397857.000000,-1.000000,-1.084000,-373870000.000000,-6.176000,1.000000,92843000.000000,0.955000,0.000000,0.000000,528240000.000000,616953750.000000,0.000000,546892000.000000,546892000.000000,0.000000,69043000.000000,69043000.000000,0.000000,-20015000.000000,0.000000,12522000.000000,0.000000,0.000000,12136000.000000,341503000.000000,341719000.000000,-373654000.000000,0.000000,-445673000.000000,-445673000.000000,-445673000.000000,0.000000,0.000000,-4.583000,575741000.000000,-482898000.000000,8650000.000000,0.000000,1.041000,-1.466000,-1.466000,2494000.000000,0.000000,10.860000,6.721000,6.761000,9943000.000000,-2780996000.000000,97244000.000000,97244000.000000,300547000.000000,-0.541000,-0.604000,-0.722000,-4.583000,72501000.000000,241808000.000000,1.000000,60182031.000000,60538319.000000,60538319.000000,1.606000,697105000.000000,0.000000,0.000000,0.000000,11.515000
MRT,2024-09-30,2024-09-30,2024-09-30,2024-Q3,544581000.000000,440784018.000000,2025-04-29,901000.000000,622432000.000000,742353500.000000,604987000.000000,17445000.000000,0.143000,9.029000,112000.000000,100959000.000000,100959000.000000,8774000.000000,-337594000.000000,10.015000,0.128000,10274000.000000,83000.000000,10191000.000000,10274000.000000,0.000000,1311000.000000,0.000000,0.000000,0.000000,-337594000.000000,-336283000.000000,-3.161000,-336283000.000000,-337594000.000000,-337594000.000000,-5.570000,-5.570000,-5.570000,551835000.000000,671307000.000000,551835000.000000,340962018.000000,-1.000000,-1.014000,-320041000.000000,-5.237000,1.000000,97625000.000000,0.918000,0.000000,0.000000,471341000.000000,566393500.000000,0.000000,469527000.000000,469527000.000000,0.000000,70597000.000000,60406000.000000,10191000.000000,-47585000.000000,0.000000,11184000.000000,0.000000,0.000000,10403000.000000,262165000.000000,262053000.000000,-320153000.000000,0.000000,-337594000.000000,-337594000.000000,-337594000.000000,0.000000,0.000000,-3.173000,469876000.000000,-372251000.000000,7126000.000000,0.000000,0.799000,-1.306000,-1.296000,12270000.000000,0.000000,7.220000,4.143000,4.147000,14871000.000000,-2874547000.000000,106399000.000000,106399000.000000,253204000.000000,-0.455000,-0.503000,-0.596000,-3.173000,58017000.000000,216885000.000000,1.000000,61050418.000000,61116524.000000,61116524.000000,1.741000,622432000.000000,0.000000,0.000000,0.000000,10.184000
MRT,2024-12-31,2024-12-31,2024-12-31,2024-Q4,459686000.000000,332170818.000000,2025-04-29,244000.000000,547222000.000000,658589750.000000,531301000.000000,15921000.000000,0.063000,7.654000,0.000000,82471000.000000,82471000.000000,9444000.000000,-400666000.000000,7.419000,0.177000,11836000.000000,1318000.000000,10518000.000000,11836000.000000,0.000000,1031000.000000,0.000000,0.000000,0.000000,-400666000.000000,-399635000.000000,-9.690000,-399635000.000000,-400666000.000000,-400666000.000000,-6.590000,-6.590000,-6.590000,465089000.000000,587696750.000000,465089000.000000,241485818.000000,-1.000000,-0.604000,-267194000.000000,-4.397000,1.000000,31799000.000000,0.771000,0.000000,0.000000,404972000.000000,484543750.000000,0.000000,423397000.000000,423397000.000000,0.000000,82133000.000000,71615000.000000,10518000.000000,10147000.000000,0.000000,11183000.000000,0.000000,0.000000,10663000.000000,266678000.000000,266678000.000000,-267194000.000000,0.000000,-400666000.000000,-400666000.000000,-400666000.000000,0.000000,0.000000,-9.715000,464169000.000000,-432370000.000000,12699000.000000,0.000000,0.714000,-0.829000,-0.824000,11643000.000000,0.000000,5.430000,8.054000,8.000000,9134000.000000,-2970325000.000000,41243000.000000,41243000.000000,225895000.000000,-0.608000,-0.682000,-0.827000,-9.715000,54504000.000000,216420000.000000,1.000000,61173263.000000,60765913.000000,60765913.000000,0.679000,547222000.000000,0.000000,0.000000,0.000000,9.005000
MRT,2025-03-31,2025-03-31,2025-03-31,2025-Q1,404698000.000000,488773529.000000,2025-04-29,142000.000000,469669000.000000,584107000.000000,454476000.000000,15193000.000000,0.081000,6.626000,0.000000,46674000.000000,46674000.000000,8829000.000000,-354397000.000000,9.130000,0.146000,11855000.000000,1812000.000000,10043000.000000,11855000.000000,0.000000,807000.000000,0.000000,0.000000,0.000000,-354397000.000000,-353590000.000000,-7.459000,-353590000.000000,-354397000.000000,-354397000.000000,-5.800000,-5.800000,-5.800000,409848000.000000,513708500.000000,409848000.000000,418138529.000000,-1.000000,-1.183000,-311090000.000000,-5.029000,1.000000,38575000.000000,0.814000,0.000000,0.000000,385072000.000000,447406250.000000,0.000000,378630000.000000,378630000.000000,0.000000,59821000.000000,49778000.000000,10043000.000000,-128811000.000000,0.000000,9866000.000000,0.000000,0.000000,9254000.000000,173025000.000000,173025000.000000,-311090000.000000,0.000000,-354397000.000000,-354397000.000000,-354397000.000000,0.000000,0.000000,-7.476000,420726000.000000,-382151000.000000,5435000.000000,0.000000,1.193000,-1.379000,-1.371000,11135000.000000,0.000000,7.950000,10.311000,10.374000,10729000.000000,-3032539000.000000,47404000.000000,47404000.000000,176921000.000000,-0.607000,-0.690000,-0.792000,-7.476000,47733000.000000,221438000.000000,1.000000,61480947.000000,61857573.000000,61857573.000000,0.766000,469669000.000000,0.000000,0.000000,0.000000,7.593000
MRY,2012-12-31,2012-12-31,2012-12-31,2012-FY,1407000.000000,,2025-04-29,0.000000,2995000.000000,,2826000.000000,169000.000000,,-11.977000,-111000.000000,2841000.000000,2841000.000000,0.000000,-9632000.000000,1.992000,-0.106000,0.000000,0.000000,0.000000,0.000000,0.000000,44000.000000,0.000000,,0.000000,-9632000.000000,-9588000.000000,,-9588000.000000,-9632000.000000,-9632000.000000,-8.620000,-8.620000,-8.620000,-13394000.000000,,-13394000.000000,,,,-9037000.000000,-8.081000,1.000000,0.000000,,0.000000,0.000000,-1265000.000000,,0.000000,0.000000,0.000000,0.000000,1419000.000000,1419000.000000,0.000000,-40000.000000,0.000000,3000.000000,0.000000,0.000000,8997000.000000,-111000.000000,0.000000,-8926000.000000,0.000000,-9632000.000000,-9636000.000000,-9636000.000000,0.000000,0.000000,,9631000.000000,-9631000.000000,1314000.000000,0.000000,,,,130000.000000,4000.000000,,,,0.000000,-13394000.000000,0.000000,0.000000,7229000.000000,,,,,0.000000,2402000.000000,1.000000,,1118288.000000,1118288.000000,0.000000,2995000.000000,0.000000,0.000000,0.000000,2.678000
MRY,2013-12-31,2013-12-31,2013-12-31,2013-FY,6092000.000000,,2025-04-29,0.000000,8532000.000000,5763500.000000,8407000.000000,125000.000000,0.000000,-21.133000,-3000.000000,8105000.000000,8105000.000000,0.000000,-18281000.000000,3.632000,-0.075000,0.000000,0.000000,0.000000,0.000000,0.000000,47000.000000,0.000000,,0.000000,-18281000.000000,-18234000.000000,,-18234000.000000,-18281000.000000,-18281000.000000,-12.260000,-12.260000,-12.260000,-31536000.000000,-22465000.000000,-31536000.000000,,,,-17519000.000000,-11.740000,1.000000,0.000000,,0.000000,0.000000,-1888000.000000,-1576500.000000,0.000000,0.000000,0.000000,0.000000,2359000.000000,2315000.000000,44000.000000,5264000.000000,0.000000,51000.000000,0.000000,0.000000,22783000.000000,-3000.000000,0.000000,-17516000.000000,0.000000,-18281000.000000,-18288000.000000,-18288000.000000,0.000000,0.000000,,18279000.000000,-18279000.000000,1988000.000000,0.000000,,,,86000.000000,7000.000000,,,,0.000000,-31675000.000000,0.000000,0.000000,14357000.000000,-3.173000,0.814000,11.596000,,61000.000000,3922000.000000,1.000000,,1492288.000000,1492288.000000,0.000000,8532000.000000,0.000000,0.000000,0.000000,5.717000
MRY,2014-12-31,2014-12-31,2014-12-31,2014-FY,121065000.000000,944010002.000000,2025-04-29,0.000000,129665000.000000,94014000.000000,128822000.000000,843000.000000,0.000000,5.650000,-128000.000000,127805000.000000,127805000.000000,0.000000,-33811000.000000,16.607000,0.064000,0.000000,0.000000,0.000000,0.000000,0.000000,51000.000000,0.000000,0.000000,0.000000,-33811000.000000,-33760000.000000,,-33760000.000000,-33811000.000000,-33811000.000000,-1.670000,-1.670000,-1.670000,121885000.000000,43163500.000000,121885000.000000,807244002.000000,-24.000000,-23.911000,-27170000.000000,-1.259000,1.000000,0.000000,,0.000000,0.000000,-5897000.000000,-3232750.000000,0.000000,0.000000,0.000000,0.000000,7780000.000000,7757000.000000,23000.000000,119700000.000000,0.000000,96295000.000000,0.000000,0.000000,146870000.000000,-128000.000000,0.000000,-27042000.000000,0.000000,-33811000.000000,-36105000.000000,-36105000.000000,0.000000,0.000000,,33810000.000000,-33810000.000000,2429000.000000,0.000000,7.745000,-26.146000,-21.916000,163000.000000,2294000.000000,36.600000,,,0.000000,-66845000.000000,0.000000,0.000000,24100000.000000,-0.384000,-0.836000,10.459000,,2512000.000000,9710000.000000,1.000000,25792623.000000,21574347.000000,21574347.000000,0.000000,129665000.000000,641000.000000,0.000000,641000.000000,6.010000
MRY,2015-12-31,2015-12-31,2015-12-31,2015-FY,173184000.000000,1682682059.000000,2025-04-29,0.000000,189016000.000000,185344250.000000,188491000.000000,525000.000000,0.000000,6.253000,-198000.000000,186792000.000000,186792000.000000,0.000000,-94495000.000000,12.314000,0.088000,0.000000,0.000000,0.000000,0.000000,0.000000,115000.000000,0.000000,0.000000,0.000000,-94495000.000000,-94380000.000000,,-94380000.000000,-94495000.000000,-94495000.000000,-3.400000,-3.400000,-3.400000,173695000.000000,173940000.000000,173695000.000000,1477766059.000000,-16.000000,-15.658000,-70879000.000000,-2.552000,1.000000,0.000000,,0.000000,0.000000,-13083000.000000,-8337000.000000,0.000000,0.000000,0.000000,0.000000,15321000.000000,15307000.000000,14000.000000,58987000.000000,0.000000,130450000.000000,0.000000,0.000000,129866000.000000,-198000.000000,0.000000,-70681000.000000,0.000000,-94495000.000000,-94495000.000000,-94495000.000000,0.000000,0.000000,,94650000.000000,-94650000.000000,5159000.000000,0.000000,9.688000,-17.807000,-17.147000,286000.000000,0.000000,58.300000,,,0.000000,-161340000.000000,0.000000,0.000000,69357000.000000,-0.510000,-0.543000,11.334000,,15240000.000000,25293000.000000,1.000000,28862471.000000,27778288.000000,27778288.000000,0.000000,189016000.000000,0.000000,0.000000,0.000000,6.804000
MRY,2016-12-31,2016-12-31,2016-12-31,2016-FY,367410000.000000,1897755904.000000,2025-04-29,-102000.000000,404531000.000000,354993000.000000,402579000.000000,1952000.000000,0.000000,11.003000,-1421000.000000,169081000.000000,169081000.000000,0.000000,-158987000.000000,11.447000,0.098000,0.000000,0.000000,0.000000,0.000000,0.000000,281000.000000,0.000000,0.000000,0.000000,-158987000.000000,-158706000.000000,,-158706000.000000,-158987000.000000,-158987000.000000,-4.750000,-4.750000,-4.750000,368517000.000000,331740750.000000,368517000.000000,1577113904.000000,-10.000000,-9.937000,-120099000.000000,-3.586000,1.000000,0.000000,,0.000000,0.000000,200281000.000000,87288750.000000,0.000000,228962000.000000,228962000.000000,0.000000,36014000.000000,35169000.000000,845000.000000,-17711000.000000,0.000000,331581000.000000,0.000000,0.000000,330982000.000000,-230015000.000000,-228594000.000000,-118678000.000000,0.000000,-158987000.000000,-158987000.000000,-158987000.000000,0.000000,0.000000,,160163000.000000,-160163000.000000,12817000.000000,0.000000,5.150000,-11.937000,-10.749000,1388000.000000,0.000000,51.060000,,,0.000000,-320327000.000000,0.000000,0.000000,120756000.000000,-0.448000,-0.479000,-1.821000,,23020000.000000,39407000.000000,1.000000,37167174.000000,33492795.000000,33492795.000000,0.000000,404531000.000000,0.000000,0.000000,0.000000,12.078000
MRY,2017-12-31,2017-12-31,2017-12-31,2017-FY,473124000.000000,6182827155.000000,2025-04-29,-29000.000000,529937000.000000,356400500.000000,525075000.000000,4862000.000000,0.000000,12.475000,-1360000.000000,307084000.000000,307084000.000000,0.000000,-270120000.000000,10.107000,0.115000,0.000000,0.000000,0.000000,0.000000,0.000000,531000.000000,0.000000,0.000000,0.000000,-270120000.000000,-269589000.000000,,-269589000.000000,-270120000.000000,-270120000.000000,-7.090000,-7.090000,-7.090000,475475000.000000,313569250.000000,475475000.000000,6047062155.000000,-22.000000,-22.431000,-220637000.000000,-5.789000,1.000000,0.000000,,0.000000,0.000000,170902000.000000,134119750.000000,0.000000,212613000.000000,212613000.000000,0.000000,54462000.000000,51951000.000000,2511000.000000,138003000.000000,0.000000,341997000.000000,0.000000,0.000000,341818000.000000,15462000.000000,16822000.000000,-219277000.000000,0.000000,-270120000.000000,-270120000.000000,-270120000.000000,0.000000,0.000000,,273155000.000000,-273155000.000000,9350000.000000,0.000000,13.003000,-22.889000,-23.231000,4013000.000000,0.000000,164.710000,,,0.000000,-590447000.000000,0.000000,0.000000,210277000.000000,-0.758000,-0.861000,-2.014000,,35534000.000000,62878000.000000,1.000000,37537655.000000,38113678.000000,38113678.000000,0.000000,529937000.000000,0.000000,0.000000,0.000000,13.904000
MRY,2018-12-31,2018-12-31,2018-12-31,2018-FY,858665000.000000,4491322397.000000,2025-04-29,-515000.000000,952705000.000000,1057459750.000000,944695000.000000,8010000.000000,0.085000,18.711000,-2860000.000000,193310000.000000,193310000.000000,0.000000,-372882000.000000,10.981000,0.104000,0.000000,0.000000,0.000000,0.000000,0.000000,1143000.000000,0.000000,0.000000,0.000000,-372882000.000000,-371739000.000000,-4.118000,-371739000.000000,-372882000.000000,-372882000.000000,-8.080000,-8.080000,-8.080000,862971000.000000,997128750.000000,862971000.000000,4236280397.000000,-11.000000,-11.396000,-263531000.000000,-5.714000,1.000000,90273000.000000,1.000000,0.000000,0.000000,673365000.000000,667304250.000000,0.000000,731833000.000000,731833000.000000,0.000000,89734000.000000,86030000.000000,3704000.000000,-113774000.000000,0.000000,660602000.000000,0.000000,0.000000,659358000.000000,-512461000.000000,-509601000.000000,-260671000.000000,0.000000,-372882000.000000,-372882000.000000,-372882000.000000,0.000000,0.000000,-4.131000,483511000.000000,-393238000.000000,34036000.000000,0.000000,5.204000,-12.045000,-11.855000,5643000.000000,0.000000,95.790000,49.753000,48.940000,0.000000,-963329000.000000,90273000.000000,90273000.000000,282107000.000000,-0.353000,-0.374000,-0.559000,-4.131000,101963000.000000,201404000.000000,1.000000,46887174.000000,46121194.000000,46121194.000000,1.957000,952705000.000000,0.000000,0.000000,0.000000,20.657000
MRY,2019-12-31,2019-12-31,2019-12-31,2019-FY,922965000.000000,3740707419.000000,2025-04-29,1295000.000000,1084150000.000000,1256584500.000000,1035093000.000000,49057000.000000,0.005000,18.583000,-5751000.000000,129072000.000000,129072000.000000,400000.000000,-680238000.000000,9.231000,0.148000,37092000.000000,10244000.000000,26848000.000000,37092000.000000,0.000000,2283000.000000,0.000000,0.000000,0.000000,-680238000.000000,-677955000.000000,-98.712000,-677955000.000000,-680238000.000000,-680238000.000000,-13.380000,-13.380000,-13.380000,944655000.000000,1137033750.000000,944655000.000000,3510519419.000000,-5.000000,-5.178000,-534457000.000000,-10.514000,1.000000,6468000.000000,0.942000,0.000000,0.000000,880042000.000000,977095000.000000,0.000000,881688000.000000,881688000.000000,0.000000,139495000.000000,112128000.000000,27367000.000000,-64238000.000000,0.000000,610127000.000000,0.000000,0.000000,607624000.000000,-143156000.000000,-137405000.000000,-528706000.000000,0.000000,-680238000.000000,-680238000.000000,-680238000.000000,0.000000,0.000000,-99.045000,714592000.000000,-708124000.000000,15266000.000000,0.000000,3.960000,-5.499000,-5.395000,42897000.000000,0.000000,72.190000,544.657000,534.318000,0.000000,-1643567000.000000,6868000.000000,6868000.000000,368815000.000000,-0.541000,-0.598000,-0.696000,-99.045000,153231000.000000,345777000.000000,1.000000,51817529.000000,50833837.000000,50833837.000000,0.135000,1084150000.000000,0.000000,0.000000,0.000000,21.327000
MRY,2020-12-31,2020-12-31,2020-12-31,2020-FY,2055166000.000000,4502383796.000000,2025-04-29,415000.000000,2159246000.000000,1167522250.000000,2122370000.000000,36876000.000000,0.954000,39.865000,-345000.000000,1662798000.000000,1662798000.000000,565000.000000,606073000.000000,31.581000,0.042000,28100000.000000,8662000.000000,19438000.000000,28100000.000000,0.000000,2630000.000000,0.000000,0.000000,0.000000,606073000.000000,608703000.000000,0.546000,608703000.000000,606073000.000000,606073000.000000,11.660000,11.430000,11.660000,2072334000.000000,1079759000.000000,2072334000.000000,4345435796.000000,7.000000,7.139000,663935000.000000,12.772000,1.000000,1113635000.000000,0.999000,0.000000,0.000000,457344000.000000,555243750.000000,0.000000,438467000.000000,438467000.000000,0.000000,86912000.000000,67204000.000000,19708000.000000,1533726000.000000,0.000000,426762000.000000,0.000000,0.000000,426762000.000000,442684000.000000,443029000.000000,664280000.000000,0.000000,606073000.000000,606073000.000000,606073000.000000,0.000000,0.000000,0.544000,517409000.000000,596226000.000000,3691000.000000,0.000000,2.173000,7.429000,7.419000,31819000.000000,0.000000,86.510000,4.041000,4.036000,0.000000,-1037494000.000000,1114200000.000000,1114200000.000000,292714000.000000,0.519000,0.561000,1.092000,0.544000,95994000.000000,196952000.000000,1.000000,52044663.000000,51983188.000000,53003115.000000,21.434000,2159246000.000000,0.000000,0.000000,0.000000,41.537000
MRY,2021-12-31,2021-12-31,2021-12-31,2021-FY,1715450000.000000,2505966952.000000,2025-04-29,-2660000.000000,1825288000.000000,1962160250.000000,1800643000.000000,24645000.000000,0.003000,29.470000,-372000.000000,295502000.000000,295502000.000000,553000.000000,-457892000.000000,21.136000,0.056000,18432000.000000,7468000.000000,10964000.000000,18432000.000000,0.000000,4182000.000000,0.000000,0.000000,0.000000,-457892000.000000,-453710000.000000,-71.926000,-453710000.000000,-457892000.000000,-457892000.000000,-7.800000,-7.800000,-7.800000,1729031000.000000,1874368250.000000,1729031000.000000,2102427952.000000,-5.000000,-4.634000,-378554000.000000,-6.452000,1.000000,5755000.000000,0.912000,0.000000,0.000000,1463025000.000000,1374520250.000000,0.000000,1448063000.000000,1448063000.000000,0.000000,96257000.000000,85193000.000000,11064000.000000,-1367296000.000000,0.000000,14719000.000000,0.000000,0.000000,13334000.000000,-1002448000.000000,-1002076000.000000,-378182000.000000,0.000000,-457892000.000000,-457892000.000000,-457892000.000000,0.000000,0.000000,-72.589000,466664000.000000,-460909000.000000,10450000.000000,0.000000,1.449000,-5.473000,-5.454000,19125000.000000,0.000000,42.540000,397.268000,395.661000,18506000.000000,-1495386000.000000,6308000.000000,6308000.000000,283166000.000000,-0.233000,-0.244000,-0.333000,-72.589000,104629000.000000,183498000.000000,1.000000,58908485.000000,58670230.000000,58670230.000000,0.108000,1825288000.000000,0.000000,0.000000,0.000000,31.111000
MRY,2022-12-31,2022-12-31,2022-12-31,2022-FY,1237721000.000000,2269089871.000000,2025-04-29,-10206000.000000,1356449000.000000,1537400500.000000,1336980000.000000,19469000.000000,0.005000,21.121000,-937000.000000,163969000.000000,163969000.000000,813000.000000,-532784000.000000,13.470000,0.083000,12134000.000000,7643000.000000,4491000.000000,12134000.000000,0.000000,1122000.000000,0.000000,0.000000,0.000000,-532784000.000000,-531662000.000000,-69.173000,-531662000.000000,-532784000.000000,-532784000.000000,-8.980000,-8.980000,-8.980000,1252599000.000000,1438864750.000000,1252599000.000000,2081761871.000000,-4.000000,-3.916000,-460973000.000000,-7.773000,1.000000,6873000.000000,0.894000,0.000000,0.000000,1105355000.000000,1272277250.000000,0.000000,1109794000.000000,1109794000.000000,0.000000,103850000.000000,99259000.000000,4591000.000000,-131533000.000000,0.000000,3113000.000000,0.000000,0.000000,3070000.000000,325433000.000000,326370000.000000,-460036000.000000,0.000000,-532784000.000000,-532784000.000000,-532784000.000000,0.000000,0.000000,-69.319000,553862000.000000,-546989000.000000,18950000.000000,0.000000,1.812000,-4.259000,-4.247000,13430000.000000,0.000000,38.140000,295.224000,294.293000,13660000.000000,-2028170000.000000,7686000.000000,7686000.000000,326163000.000000,-0.347000,-0.370000,-0.419000,-69.319000,61602000.000000,227699000.000000,1.000000,59493704.000000,59306094.000000,59306094.000000,0.130000,1356449000.000000,0.000000,0.000000,0.000000,22.872000
MRY,2023-12-31,2023-12-31,2023-12-31,2023-FY,786603000.000000,1299496072.000000,2025-04-29,-814000.000000,882277000.000000,1033728500.000000,869350000.000000,12927000.000000,0.084000,13.362000,-553000.000000,72324000.000000,72324000.000000,2159000.000000,-541489000.000000,10.506000,0.103000,5165000.000000,5165000.000000,0.000000,5165000.000000,0.000000,1393000.000000,0.000000,0.000000,0.000000,-541489000.000000,-540096000.000000,-6.247000,-540096000.000000,-541489000.000000,-541489000.000000,-9.050000,-9.050000,-9.050000,799530000.000000,933423500.000000,799530000.000000,1156419072.000000,-2.000000,-2.141000,-541138000.000000,-9.044000,1.000000,84296000.000000,0.975000,0.000000,0.000000,732371000.000000,804007250.000000,0.000000,682192000.000000,682192000.000000,0.000000,82747000.000000,82747000.000000,0.000000,-91645000.000000,0.000000,6930000.000000,0.000000,0.000000,6027000.000000,442913000.000000,443466000.000000,-540585000.000000,0.000000,-541489000.000000,-541489000.000000,-541489000.000000,0.000000,0.000000,-6.263000,664145000.000000,-579849000.000000,10318000.000000,0.000000,1.625000,-2.400000,-2.394000,6379000.000000,0.000000,21.670000,15.031000,14.998000,83009000.000000,-2569659000.000000,86455000.000000,86455000.000000,356235000.000000,-0.524000,-0.580000,-0.673000,-6.263000,73367000.000000,274524000.000000,1.000000,59967516.000000,59836441.000000,59836441.000000,1.445000,882277000.000000,0.000000,0.000000,0.000000,14.745000
MRY,2024-12-31,2024-12-31,2024-12-31,2024-FY,459686000.000000,332170818.000000,2025-04-29,244000.000000,547222000.000000,658589750.000000,531301000.000000,15921000.000000,0.063000,7.654000,0.000000,82471000.000000,82471000.000000,9444000.000000,-400666000.000000,7.419000,0.177000,11836000.000000,1318000.000000,10518000.000000,11836000.000000,0.000000,1031000.000000,0.000000,0.000000,0.000000,-400666000.000000,-399635000.000000,-9.690000,-399635000.000000,-400666000.000000,-400666000.000000,-6.590000,-6.590000,-6.590000,465089000.000000,587696750.000000,465089000.000000,241485818.000000,-1.000000,-0.604000,-267194000.000000,-4.397000,1.000000,31799000.000000,0.771000,0.000000,0.000000,404972000.000000,484543750.000000,0.000000,423397000.000000,423397000.000000,0.000000,82133000.000000,71615000.000000,10518000.000000,10147000.000000,0.000000,11183000.000000,0.000000,0.000000,10663000.000000,266678000.000000,266678000.000000,-267194000.000000,0.000000,-400666000.000000,-400666000.000000,-400666000.000000,0.000000,0.000000,-9.715000,464169000.000000,-432370000.000000,12699000.000000,0.000000,0.714000,-0.829000,-0.824000,11643000.000000,0.000000,5.430000,8.054000,8.000000,9134000.000000,-2970325000.000000,41243000.000000,41243000.000000,225895000.000000,-0.608000,-0.682000,-0.827000,-9.715000,54504000.000000,216420000.000000,1.000000,61173263.000000,60765913.000000,60765913.000000,0.679000,547222000.000000,0.000000,0.000000,0.000000,9.005000
