dimension,calendardate,datekey,reportperiod,fiscalperiod,workingcapital,marketcap,lastupdated,accoci,assets,assetsavg,assetsc,assetsnc,assetturnover,bvps,capex,cashneq,cashnequsd,cor,consolinc,currentratio,de,debt,debtc,debtnc,debtusd,deferredrev,depamor,deposits,divyield,dps,ebit,ebitda,ebitdamargin,ebitdausd,ebitusd,ebt,eps,epsdil,epsusd,equity,equityavg,equityusd,ev,evebit,evebitda,fcf,fcfps,fxusd,gp,grossmargin,intangibles,intexp,invcap,invcapavg,inventory,investments,investmentsc,investmentsnc,liabilities,liabilitiesc,liabilitiesnc,ncf,ncfbus,ncfcommon,ncfdebt,ncfdiv,ncff,ncfi,ncfinv,ncfo,ncfx,netinc,netinccmn,netinccmnusd,netincdis,netincnci,netmargin,opex,opinc,payables,payoutratio,pb,pe,pe1,ppnenet,prefdivis,price,ps,ps1,receivables,retearn,revenue,revenueusd,rnd,roa,roe,roic,ros,sbcomp,sgna,sharefactor,sharesbas,shareswa,shareswadil,sps,tangibles,taxassets,taxexp,taxliabilities,tbvps
ARQ,2017-12-31,2018-07-26,2017-12-31,2017-Q4,37461000.000000,,2025-04-28,0.000000,636300000.000000,,74311000.000000,561989000.000000,,5.296000,,33207000.000000,33207000.000000,,,2.017000,0.090000,6105000.000000,2073000.000000,4032000.000000,6105000.000000,1472000.000000,,0.000000,,0.000000,,,,,,,,,,583503000.000000,,583503000.000000,,,,,,1.000000,,,540198000.000000,,32150000.000000,,0.000000,7374000.000000,0.000000,7374000.000000,52797000.000000,36850000.000000,15947000.000000,,,,,,,,,,,,,,,,,,,21401000.000000,,,,,13460000.000000,,,,,38937000.000000,5366000.000000,,,,,,,,,,1.000000,110179545.000000,110179545.000000,,,96102000.000000,958000.000000,,15537000.000000,0.872000
ARQ,2018-06-30,2018-08-23,2018-06-30,2018-Q2,56595000.000000,1383855085.000000,2025-04-28,0.000000,651491000.000000,,91636000.000000,559855000.000000,,6.293000,,43993000.000000,43993000.000000,1401000.000000,7411000.000000,2.615000,0.088000,5826000.000000,2589000.000000,3237000.000000,5826000.000000,2182000.000000,,0.000000,0.000000,0.000000,9989000.000000,,,,9989000.000000,9946000.000000,0.078000,0.076000,0.078000,598585000.000000,,598585000.000000,1345688085.000000,,,,,1.000000,38427000.000000,0.965000,538739000.000000,43000.000000,39544000.000000,,0.000000,6786000.000000,0.000000,6786000.000000,52906000.000000,35041000.000000,17865000.000000,,,,,,,,,,,7411000.000000,7411000.000000,7411000.000000,0.000000,0.000000,0.186000,27959000.000000,10468000.000000,21804000.000000,0.000000,2.312000,,,13213000.000000,0.000000,12.560000,,,44601000.000000,21683000.000000,39828000.000000,39828000.000000,0.000000,,,,,,24580000.000000,1.000000,110179545.000000,95125000.000000,98310000.000000,0.419000,112752000.000000,1117000.000000,2535000.000000,16882000.000000,1.185000
ARQ,2018-09-30,2018-11-08,2018-09-30,2018-Q3,238815000.000000,817532224.000000,2025-04-28,0.000000,829629000.000000,,273464000.000000,556165000.000000,,7.400000,0.000000,217642000.000000,217642000.000000,5535000.000000,9717000.000000,7.892000,0.068000,5004000.000000,2309000.000000,2695000.000000,5004000.000000,1853000.000000,,0.000000,0.000000,0.000000,10741000.000000,,,,10741000.000000,10687000.000000,0.092000,0.090000,0.092000,777003000.000000,,777003000.000000,604894224.000000,,,6820000.000000,0.065000,1.000000,39132000.000000,0.876000,538048000.000000,54000.000000,44294000.000000,,0.000000,4594000.000000,0.000000,4594000.000000,52626000.000000,34649000.000000,17977000.000000,173857000.000000,,,,,169463000.000000,-2426000.000000,,6820000.000000,-209000.000000,9717000.000000,9717000.000000,9717000.000000,0.000000,0.000000,0.218000,27292000.000000,11840000.000000,23484000.000000,0.000000,1.052000,,,12396000.000000,0.000000,7.420000,,,53241000.000000,33122000.000000,44667000.000000,44667000.000000,0.000000,,,,,,24241000.000000,1.000000,110179545.000000,104995000.000000,108410000.000000,0.425000,291581000.000000,1127000.000000,970000.000000,16051000.000000,2.777000
ARQ,2018-12-31,2019-02-21,2018-12-31,2018-Q4,204088000.000000,934322542.000000,2025-04-28,0.000000,825303000.000000,,238090000.000000,587213000.000000,,7.063000,,177873000.000000,177873000.000000,7584000.000000,11412000.000000,7.002000,0.064000,4761000.000000,2490000.000000,2271000.000000,4761000.000000,1932000.000000,,0.000000,0.000000,0.000000,13664000.000000,,,,13664000.000000,12099000.000000,0.104000,0.100000,0.104000,775460000.000000,,775460000.000000,761210542.000000,18.000000,,,,1.000000,42623000.000000,0.849000,537022000.000000,1565000.000000,81167000.000000,,0.000000,38339000.000000,1254000.000000,37085000.000000,49843000.000000,34002000.000000,15841000.000000,,,,,,,,,,,11412000.000000,11412000.000000,11412000.000000,0.000000,0.000000,0.227000,29408000.000000,13215000.000000,17957000.000000,0.000000,1.205000,26.573000,24.368000,12162000.000000,0.000000,8.480000,5.423000,4.987000,44591000.000000,36432000.000000,50207000.000000,50207000.000000,0.000000,,,,,,26532000.000000,1.000000,110179545.000000,109795000.000000,113070000.000000,0.457000,288281000.000000,944000.000000,687000.000000,15278000.000000,2.626000
ARQ,2018-12-31,2019-04-17,2018-12-31,2018-Q4,204088000.000000,983430182.000000,2025-04-28,316000.000000,825303000.000000,,238090000.000000,587213000.000000,,7.093000,-6748000.000000,177873000.000000,177873000.000000,5703000.000000,11413000.000000,7.002000,0.064000,4761000.000000,2490000.000000,2271000.000000,4761000.000000,1932000.000000,,0.000000,0.000000,0.000000,13664000.000000,,,,13664000.000000,12100000.000000,0.106000,0.102000,0.106000,775460000.000000,,775460000.000000,810318182.000000,19.000000,14.462000,5367000.000000,0.049000,1.000000,42632000.000000,0.882000,537022000.000000,1564000.000000,81167000.000000,,0.000000,38339000.000000,1254000.000000,37085000.000000,49843000.000000,34002000.000000,15841000.000000,-39594000.000000,,,,,-8171000.000000,-43537000.000000,,12115000.000000,-175000.000000,11413000.000000,11413000.000000,11413000.000000,0.000000,0.000000,0.236000,29418000.000000,13214000.000000,17957000.000000,0.000000,1.268000,27.970000,25.848000,12162000.000000,0.000000,8.995000,5.708000,5.708000,44591000.000000,36432000.000000,48335000.000000,48335000.000000,0.000000,,,,,,26541000.000000,1.000000,109330760.000000,109330760.000000,,0.442000,288281000.000000,944000.000000,687000.000000,15278000.000000,2.637000
ARQ,2019-03-31,2019-05-22,2019-03-31,2019-Q1,200425000.000000,1070348136.000000,2025-04-28,-63000.000000,842842000.000000,,240946000.000000,601896000.000000,,7.093000,0.000000,169846000.000000,169846000.000000,7796000.000000,5384000.000000,5.946000,0.086000,18337000.000000,6356000.000000,11981000.000000,18337000.000000,1455000.000000,,0.000000,0.000000,0.000000,6280000.000000,,,,6280000.000000,6126000.000000,0.050000,0.048000,0.050000,775884000.000000,,775884000.000000,918839136.000000,23.000000,,9106000.000000,0.083000,1.000000,43479000.000000,0.848000,536084000.000000,154000.000000,114728000.000000,,0.000000,56600000.000000,17667000.000000,38933000.000000,66958000.000000,40521000.000000,26437000.000000,-8083000.000000,,,,,-7495000.000000,-9694000.000000,,9106000.000000,56000.000000,5384000.000000,5384000.000000,5384000.000000,0.000000,0.000000,0.105000,38020000.000000,5459000.000000,23824000.000000,0.000000,1.380000,31.550000,30.031000,26293000.000000,0.000000,9.790000,5.814000,5.817000,42105000.000000,43014000.000000,51275000.000000,51275000.000000,0.000000,,,,,,32022000.000000,1.000000,109330760.000000,109390000.000000,111980000.000000,0.469000,306758000.000000,585000.000000,742000.000000,15992000.000000,2.804000
ARQ,2019-06-30,2019-08-22,2019-06-30,2019-Q2,193509000.000000,1381910682.000000,2025-04-28,172000.000000,852333000.000000,,242194000.000000,610139000.000000,,7.069000,0.000000,134155000.000000,134155000.000000,10087000.000000,3422000.000000,4.975000,0.093000,17041000.000000,6988000.000000,10053000.000000,17041000.000000,1218000.000000,,0.000000,0.000000,0.000000,2579000.000000,,,,2579000.000000,2406000.000000,0.032000,0.030000,0.032000,779642000.000000,,779642000.000000,1264796682.000000,38.000000,,-16026000.000000,-0.145000,1.000000,51638000.000000,0.837000,535085000.000000,173000.000000,151449000.000000,,0.000000,86158000.000000,39141000.000000,47017000.000000,72692000.000000,48685000.000000,24007000.000000,-35485000.000000,,,,,-1670000.000000,-17789000.000000,,-16026000.000000,-205000.000000,3422000.000000,3422000.000000,3422000.000000,0.000000,0.000000,0.055000,54399000.000000,-2761000.000000,32174000.000000,0.000000,1.772000,46.162000,44.750000,27362000.000000,0.000000,12.530000,6.708000,6.708000,44864000.000000,46538000.000000,61725000.000000,61725000.000000,0.000000,,,,,,44342000.000000,1.000000,110288163.000000,110290000.000000,112325000.000000,0.560000,317248000.000000,676000.000000,-1016000.000000,14480000.000000,2.876000
ARQ,2019-06-30,2019-09-17,2019-06-30,2019-Q2,193509000.000000,1416100013.000000,2025-04-28,172000.000000,852333000.000000,,242194000.000000,610139000.000000,,7.069000,-6676000.000000,134155000.000000,134155000.000000,10087000.000000,2419000.000000,4.975000,0.093000,17041000.000000,6988000.000000,10053000.000000,17041000.000000,1218000.000000,,0.000000,0.000000,0.000000,1146000.000000,,,,1146000.000000,974000.000000,0.030000,0.032000,0.030000,779642000.000000,,779642000.000000,1298986013.000000,41.000000,,-22702000.000000,-0.206000,1.000000,50206000.000000,0.833000,535085000.000000,172000.000000,151449000.000000,,0.000000,86158000.000000,39141000.000000,47017000.000000,72691000.000000,48685000.000000,24006000.000000,-35485000.000000,,,,,-1670000.000000,-17789000.000000,,-16026000.000000,-205000.000000,2419000.000000,2419000.000000,2419000.000000,0.000000,0.000000,0.040000,54400000.000000,-4194000.000000,32174000.000000,0.000000,1.816000,48.944000,46.187000,27362000.000000,0.000000,12.840000,6.922000,6.922000,44864000.000000,46538000.000000,60293000.000000,60293000.000000,0.000000,,,,,,44342000.000000,1.000000,110288163.000000,110290000.000000,112330000.000000,0.547000,317248000.000000,676000.000000,-1445000.000000,14480000.000000,2.876000
ARQ,2019-09-30,2019-11-14,2019-09-30,2019-Q3,269818000.000000,1338073532.000000,2025-04-28,-1810000.000000,984031000.000000,,352161000.000000,631870000.000000,,7.927000,0.000000,170697000.000000,170697000.000000,15023000.000000,28120000.000000,4.277000,0.121000,36221000.000000,26471000.000000,9750000.000000,36221000.000000,1159000.000000,,0.000000,0.000000,0.000000,30019000.000000,,,,30019000.000000,29797000.000000,0.260000,0.240000,0.260000,878154000.000000,,878154000.000000,1203597532.000000,24.000000,,-17539000.000000,-0.158000,1.000000,78655000.000000,0.840000,533933000.000000,222000.000000,233279000.000000,,1932000.000000,171010000.000000,100761000.000000,70249000.000000,105877000.000000,82343000.000000,23534000.000000,37356000.000000,,,,,90206000.000000,-35311000.000000,,-17539000.000000,-813000.000000,28120000.000000,28120000.000000,28120000.000000,0.000000,0.000000,0.300000,72002000.000000,6653000.000000,41542000.000000,0.000000,1.524000,28.268000,25.471000,27689000.000000,0.000000,11.360000,5.277000,4.963000,51914000.000000,76044000.000000,93678000.000000,93678000.000000,0.000000,,,,,,47850000.000000,1.000000,117788163.000000,110775000.000000,112945000.000000,0.846000,450098000.000000,0.000000,1677000.000000,15354000.000000,4.063000
ARQ,2019-12-31,2020-02-25,2019-12-31,2019-Q4,289757000.000000,847850852.000000,2025-04-28,-1508000.000000,1060620000.000000,,418327000.000000,642293000.000000,,7.684000,0.000000,139487000.000000,139487000.000000,32650000.000000,21973000.000000,3.254000,0.163000,56974000.000000,47793000.000000,9181000.000000,56974000.000000,708000.000000,,0.000000,0.000000,0.000000,27558000.000000,,,,27558000.000000,26601000.000000,0.180000,0.180000,0.180000,912206000.000000,,912206000.000000,765337852.000000,12.000000,,-16852000.000000,-0.142000,1.000000,96959000.000000,0.748000,532385000.000000,957000.000000,317152000.000000,,7752000.000000,214447000.000000,136796000.000000,77651000.000000,148414000.000000,128570000.000000,19844000.000000,-32034000.000000,,,,,30855000.000000,-46038000.000000,,-16852000.000000,825000.000000,21973000.000000,21973000.000000,21973000.000000,0.000000,0.000000,0.170000,84216000.000000,12743000.000000,57125000.000000,0.000000,0.929000,14.644000,13.712000,26053000.000000,0.000000,7.130000,2.532000,2.392000,108483000.000000,99513000.000000,129609000.000000,129609000.000000,0.000000,,,,,,50611000.000000,1.000000,118913163.000000,118720000.000000,120880000.000000,1.092000,528235000.000000,6204000.000000,4628000.000000,18329000.000000,4.449000
ARQ,2019-12-31,2020-04-30,2019-12-31,2019-Q4,289757000.000000,683750687.000000,2025-04-28,-1508000.000000,1060620000.000000,,418327000.000000,642293000.000000,,7.671000,-13035000.000000,139487000.000000,139487000.000000,41085000.000000,21976000.000000,3.254000,0.163000,56974000.000000,47793000.000000,9181000.000000,56974000.000000,708000.000000,,0.000000,0.000000,0.000000,27561000.000000,,,,27561000.000000,26604000.000000,0.200000,0.180000,0.200000,912206000.000000,,912206000.000000,601237687.000000,9.000000,7.163000,-33039000.000000,-0.278000,1.000000,88525000.000000,0.683000,532385000.000000,957000.000000,317152000.000000,,7752000.000000,214447000.000000,136796000.000000,77651000.000000,148414000.000000,128570000.000000,19844000.000000,-32035000.000000,,,,,32159000.000000,-44193000.000000,,-20004000.000000,825000.000000,21976000.000000,21976000.000000,21976000.000000,0.000000,0.000000,0.170000,21476000.000000,67049000.000000,57125000.000000,0.000000,0.750000,11.809000,11.058000,26053000.000000,0.000000,5.750000,2.042000,2.042000,108483000.000000,99513000.000000,129610000.000000,129610000.000000,0.000000,,,,,,42174000.000000,1.000000,118913163.000000,118913163.000000,,1.090000,528235000.000000,6204000.000000,4628000.000000,18329000.000000,4.442000
ARQ,2020-03-31,2020-05-20,2020-03-31,2020-Q1,261129000.000000,803816963.000000,2025-04-28,-4083000.000000,1054791000.000000,,409057000.000000,645734000.000000,,7.422000,-2988000.000000,169826000.000000,169826000.000000,27617000.000000,-20859000.000000,2.765000,0.193000,58140000.000000,48420000.000000,9720000.000000,58140000.000000,6355000.000000,4739000.000000,0.000000,0.000000,0.000000,-17128000.000000,-12389000.000000,-0.090000,-12389000.000000,-17128000.000000,-24816000.000000,-0.180000,-0.180000,-0.180000,884239000.000000,,884239000.000000,692130963.000000,17.000000,,48434000.000000,0.407000,1.000000,110599000.000000,0.800000,537694000.000000,7688000.000000,257483000.000000,,7329000.000000,172272000.000000,93946000.000000,78326000.000000,170552000.000000,147928000.000000,22624000.000000,30490000.000000,-4882000.000000,-5490000.000000,526000.000000,,-5731000.000000,-15202000.000000,-6119000.000000,51422000.000000,-152000.000000,-20859000.000000,-20859000.000000,-20859000.000000,0.000000,0.000000,-0.151000,126460000.000000,-15861000.000000,66225000.000000,0.000000,0.909000,25.392000,21.742000,25032000.000000,0.000000,6.740000,1.906000,1.904000,103070000.000000,79611000.000000,138216000.000000,138216000.000000,0.000000,,,,,957000.000000,50161000.000000,1.000000,119260677.000000,119145000.000000,120820000.000000,1.160000,517097000.000000,4682000.000000,-3957000.000000,17792000.000000,4.340000
ARQ,2020-06-30,2020-08-20,2020-06-30,2020-Q2,252861000.000000,924051712.000000,2025-04-28,-2873000.000000,963594000.000000,,307167000.000000,656427000.000000,,7.485000,-3051000.000000,105454000.000000,105454000.000000,17416000.000000,17141000.000000,5.656000,0.082000,8448000.000000,3996000.000000,4452000.000000,8448000.000000,4045000.000000,4817000.000000,0.000000,0.000000,0.000000,17878000.000000,22695000.000000,0.369000,22695000.000000,17878000.000000,17118000.000000,0.140000,0.140000,0.140000,890884000.000000,,890884000.000000,827045712.000000,14.000000,10.549000,3996000.000000,0.034000,1.000000,44125000.000000,0.717000,538973000.000000,760000.000000,273309000.000000,,184000.000000,154455000.000000,70457000.000000,83998000.000000,72714000.000000,54306000.000000,18408000.000000,-62110000.000000,0.000000,-12980000.000000,-49992000.000000,,-62972000.000000,-6185000.000000,-3283000.000000,7047000.000000,-2262000.000000,17141000.000000,17141000.000000,17141000.000000,0.000000,0.000000,0.279000,41996000.000000,2129000.000000,28815000.000000,0.000000,1.037000,19.924000,18.714000,23292000.000000,0.000000,7.860000,2.184000,2.211000,102910000.000000,98025000.000000,61541000.000000,61541000.000000,0.000000,,,,,1277000.000000,35183000.000000,1.000000,117563831.000000,119020000.000000,119960000.000000,0.517000,424621000.000000,10165000.000000,-23000.000000,16958000.000000,3.568000
ARQ,2020-09-30,2020-11-19,2020-09-30,2020-Q3,132457000.000000,1054026828.000000,2025-04-28,677000.000000,1088721000.000000,,176332000.000000,912389000.000000,,8.833000,-2218000.000000,64416000.000000,64416000.000000,2856000.000000,154367000.000000,4.019000,0.059000,9093000.000000,5185000.000000,3908000.000000,9093000.000000,2749000.000000,4955000.000000,0.000000,0.000000,0.000000,155780000.000000,160735000.000000,3.828000,160735000.000000,155780000.000000,155657000.000000,1.320000,1.320000,1.320000,1027820000.000000,,1027820000.000000,998703828.000000,5.000000,,15152000.000000,0.130000,1.000000,39134000.000000,0.932000,539542000.000000,123000.000000,449981000.000000,,178000.000000,404565000.000000,55220000.000000,349345000.000000,60902000.000000,43875000.000000,17027000.000000,-42359000.000000,-39260000.000000,-22384000.000000,-1496000.000000,,-23880000.000000,-35849000.000000,6313000.000000,17370000.000000,1322000.000000,154367000.000000,154367000.000000,154367000.000000,-148113000.000000,0.000000,3.676000,36134000.000000,3000000.000000,26058000.000000,0.000000,1.025000,6.106000,6.189000,19556000.000000,0.000000,9.160000,2.838000,2.870000,42812000.000000,253796000.000000,41990000.000000,41990000.000000,0.000000,,,,,1401000.000000,30600000.000000,1.000000,115068431.000000,116355000.000000,117810000.000000,0.361000,549179000.000000,3945000.000000,1290000.000000,13930000.000000,4.720000
ARQ,2020-12-31,2021-02-25,2020-12-31,2020-Q4,141960000.000000,1486271500.000000,2025-04-28,1343000.000000,1107652000.000000,,187508000.000000,920144000.000000,,9.120000,-780000.000000,134168000.000000,134168000.000000,2710000.000000,25404000.000000,4.117000,0.058000,8973000.000000,5389000.000000,3584000.000000,8973000.000000,345000.000000,5879000.000000,0.000000,0.000000,0.000000,25490000.000000,31369000.000000,0.577000,31369000.000000,25490000.000000,25460000.000000,0.220000,0.220000,0.220000,1046707000.000000,,1046707000.000000,1361076500.000000,8.000000,6.886000,16707000.000000,0.146000,1.000000,51646000.000000,0.950000,536915000.000000,30000.000000,399994000.000000,,0.000000,361990000.000000,924000.000000,361066000.000000,60945000.000000,45548000.000000,15397000.000000,69288000.000000,-440000.000000,-8194000.000000,-196000.000000,,-8390000.000000,60191000.000000,61624000.000000,17487000.000000,465000.000000,25404000.000000,25404000.000000,25404000.000000,2276000.000000,0.000000,0.467000,43657000.000000,7989000.000000,25454000.000000,0.000000,1.420000,8.442000,8.633000,18167000.000000,0.000000,12.950000,8.505000,8.691000,43356000.000000,280211000.000000,54356000.000000,54356000.000000,0.000000,,,,,886000.000000,33853000.000000,1.000000,114770000.000000,114770000.000000,116245000.000000,0.474000,570737000.000000,3996000.000000,56000.000000,13066000.000000,4.973000
ARQ,2021-03-31,2021-04-27,2021-03-31,2021-Q1,131370000.000000,1324177459.000000,2025-04-28,27000.000000,1126452000.000000,,188859000.000000,937593000.000000,,9.147000,-1875000.000000,143297000.000000,143297000.000000,2164000.000000,639000.000000,3.285000,0.070000,9060000.000000,4531000.000000,4529000.000000,9060000.000000,513000.000000,5037000.000000,0.000000,0.000000,0.000000,253000.000000,5290000.000000,0.102000,5290000.000000,253000.000000,-189000.000000,0.000000,0.000000,0.000000,1053049000.000000,,1053049000.000000,1189940459.000000,6.000000,5.407000,5400000.000000,0.047000,1.000000,49477000.000000,0.958000,545177000.000000,442000.000000,389549000.000000,,21000.000000,371912000.000000,80000.000000,371832000.000000,73402000.000000,57489000.000000,15913000.000000,9575000.000000,-9008000.000000,-748000.000000,8000.000000,,-740000.000000,3039000.000000,13917000.000000,7275000.000000,-446000.000000,639000.000000,639000.000000,639000.000000,0.000000,0.000000,0.012000,50936000.000000,-1459000.000000,32269000.000000,,1.257000,6.703000,6.845000,16650000.000000,0.000000,11.500000,6.320000,6.319000,39563000.000000,288618000.000000,51641000.000000,51641000.000000,0.000000,,,,,733000.000000,45913000.000000,1.000000,115145866.000000,115125000.000000,116345000.000000,0.449000,581275000.000000,3933000.000000,-828000.000000,12094000.000000,5.049000
ARQ,2021-06-30,2021-08-12,2021-06-30,2021-Q2,174516000.000000,1093885727.000000,2025-04-28,1105000.000000,1190028000.000000,,253280000.000000,936748000.000000,,9.520000,-1077000.000000,178481000.000000,178481000.000000,2651000.000000,44287000.000000,3.216000,0.086000,6719000.000000,3974000.000000,2745000.000000,6719000.000000,450000.000000,5080000.000000,0.000000,0.000000,0.000000,45882000.000000,50962000.000000,0.846000,50962000.000000,45882000.000000,42334000.000000,0.380000,0.380000,0.380000,1096217000.000000,,1096217000.000000,922123727.000000,4.000000,3.676000,5175000.000000,0.045000,1.000000,57606000.000000,0.956000,543670000.000000,3548000.000000,395832000.000000,,21000.000000,397244000.000000,22837000.000000,374407000.000000,93811000.000000,78764000.000000,15047000.000000,35322000.000000,0.000000,0.000000,-2430000.000000,,-2431000.000000,31500000.000000,32561000.000000,6252000.000000,-138000.000000,44287000.000000,44287000.000000,44287000.000000,0.000000,0.000000,0.735000,65521000.000000,-7915000.000000,43048000.000000,0.000000,0.998000,4.802000,4.897000,14846000.000000,0.000000,9.500000,5.207000,5.207000,43728000.000000,330710000.000000,60257000.000000,60257000.000000,0.000000,,,,,1717000.000000,60121000.000000,1.000000,115145866.000000,115145000.000000,115755000.000000,0.523000,646358000.000000,3824000.000000,-1953000.000000,11610000.000000,5.613000
ARQ,2021-09-30,2021-10-28,2021-09-30,2021-Q3,176732000.000000,999466117.000000,2025-04-28,-311000.000000,1212492000.000000,,254386000.000000,958106000.000000,,9.744000,-1392000.000000,89964000.000000,89964000.000000,3337000.000000,23500000.000000,3.276000,0.081000,29289000.000000,27094000.000000,2195000.000000,29289000.000000,587000.000000,4928000.000000,0.000000,0.000000,0.000000,24667000.000000,29595000.000000,0.444000,29595000.000000,24667000.000000,23888000.000000,0.200000,0.200000,0.200000,1121967000.000000,,1121967000.000000,938791117.000000,10.000000,7.841000,-4828000.000000,-0.042000,1.000000,63347000.000000,0.950000,540844000.000000,779000.000000,533319000.000000,,24000.000000,506171000.000000,106313000.000000,399858000.000000,90525000.000000,77654000.000000,12871000.000000,-88158000.000000,0.000000,-1000.000000,-2016000.000000,,-2018000.000000,-82705000.000000,-81313000.000000,-3436000.000000,-358000.000000,23500000.000000,23500000.000000,23500000.000000,0.000000,0.000000,0.352000,63967000.000000,-620000.000000,36591000.000000,0.000000,0.891000,10.309000,10.585000,13751000.000000,0.000000,8.680000,4.257000,4.257000,47482000.000000,357873000.000000,66684000.000000,66684000.000000,0.000000,,,,,3663000.000000,58960000.000000,1.000000,115145866.000000,115145000.000000,116130000.000000,0.579000,671648000.000000,3653000.000000,388000.000000,11424000.000000,5.833000
ARQ,2021-12-31,2022-02-17,2021-12-31,2021-Q4,181071000.000000,755356881.000000,2025-04-28,-520000.000000,1121391000.000000,,252607000.000000,868784000.000000,,9.043000,-1551000.000000,102876000.000000,102876000.000000,5540000.000000,-84209000.000000,3.531000,0.077000,13508000.000000,11427000.000000,2081000.000000,13508000.000000,1092000.000000,4555000.000000,0.000000,0.000000,0.000000,-77921000.000000,-73366000.000000,-1.007000,-73366000.000000,-77921000.000000,-81774000.000000,-0.720000,-0.720000,-0.720000,1041220000.000000,,1041220000.000000,665988881.000000,-75.000000,61.832000,14922000.000000,0.130000,1.000000,67334000.000000,0.924000,533215000.000000,3853000.000000,427272000.000000,,0.000000,397137000.000000,78135000.000000,319002000.000000,80171000.000000,71536000.000000,8635000.000000,13441000.000000,0.000000,0.000000,-1494000.000000,,-1495000.000000,-1537000.000000,0.000000,16473000.000000,-530000.000000,-84209000.000000,-84209000.000000,-84209000.000000,816000.000000,0.000000,-1.156000,65095000.000000,2239000.000000,38753000.000000,0.000000,0.725000,-47.856000,-54.667000,12263000.000000,0.000000,6.560000,3.004000,3.004000,64382000.000000,277335000.000000,72874000.000000,72874000.000000,0.000000,,,,,3672000.000000,53954000.000000,1.000000,115145866.000000,115145000.000000,115145000.000000,0.633000,588176000.000000,2323000.000000,2435000.000000,7295000.000000,5.108000
ARQ,2021-12-31,2022-04-26,2021-12-31,2021-Q4,470200000.000000,599909962.000000,2025-04-28,-520000.000000,1092460000.000000,,540986000.000000,551474000.000000,,8.798000,-1552000.000000,102876000.000000,102876000.000000,5540000.000000,-112390000.000000,7.643000,0.078000,13508000.000000,11427000.000000,2081000.000000,13508000.000000,1092000.000000,4555000.000000,0.000000,0.000000,0.000000,-106101000.000000,-101546000.000000,-1.402000,-101546000.000000,-106101000.000000,-109955000.000000,-0.980000,-0.960000,-0.980000,1013039000.000000,,1013039000.000000,510541962.000000,-14.000000,-29.326000,14921000.000000,0.130000,1.000000,66868000.000000,0.923000,534005000.000000,3854000.000000,398301000.000000,,0.000000,81019000.000000,78135000.000000,2884000.000000,79421000.000000,70786000.000000,8635000.000000,13441000.000000,50000000.000000,0.000000,-1496000.000000,,-1495000.000000,-1537000.000000,-50000000.000000,16473000.000000,-530000.000000,-112390000.000000,-112390000.000000,-112390000.000000,816000.000000,0.000000,-1.552000,63088000.000000,3780000.000000,38378000.000000,0.000000,0.592000,-13.645000,-13.711000,12263000.000000,0.000000,5.210000,2.390000,2.390000,62402000.000000,249155000.000000,72408000.000000,72408000.000000,0.000000,,,,,3671000.000000,53203000.000000,1.000000,115145866.000000,115145866.000000,,0.629000,558455000.000000,2323000.000000,2435000.000000,7295000.000000,4.850000
ARQ,2022-03-31,2022-04-28,2022-03-31,2022-Q1,402361000.000000,733014000.000000,2025-04-28,-580000.000000,1074284000.000000,,466533000.000000,607751000.000000,,8.656000,-958000.000000,117786000.000000,117786000.000000,8048000.000000,-9436000.000000,7.270000,0.072000,4623000.000000,3291000.000000,1332000.000000,4623000.000000,2594000.000000,3590000.000000,0.000000,0.000000,0.000000,1119000.000000,4709000.000000,0.066000,4709000.000000,1119000.000000,-8828000.000000,-0.080000,-0.080000,-0.080000,1002466000.000000,,1002466000.000000,619851000.000000,-18.000000,-38.074000,12506000.000000,0.108000,1.000000,63535000.000000,0.888000,532935000.000000,9947000.000000,364014000.000000,,0.000000,187700000.000000,126189000.000000,61511000.000000,71818000.000000,64172000.000000,7646000.000000,15108000.000000,0.000000,-3045000.000000,-1154000.000000,,-4199000.000000,5841000.000000,6797000.000000,13464000.000000,-199000.000000,-9436000.000000,-9436000.000000,-9436000.000000,0.000000,0.000000,-0.132000,62193000.000000,1342000.000000,47917000.000000,0.000000,0.731000,-13.565000,-13.188000,10977000.000000,0.000000,6.330000,2.706000,2.706000,46814000.000000,241686000.000000,71583000.000000,71583000.000000,0.000000,,,,,1967000.000000,58024000.000000,1.000000,115800000.000000,115815000.000000,116025000.000000,0.618000,541349000.000000,2327000.000000,608000.000000,7811000.000000,4.674000
ARQ,2022-06-30,2022-08-30,2022-06-30,2022-Q2,349293000.000000,555390000.000000,2025-04-28,-2653000.000000,1053750000.000000,,405081000.000000,648669000.000000,,8.621000,-4558000.000000,139400000.000000,139400000.000000,11842000.000000,-5836000.000000,7.261000,0.065000,3360000.000000,2549000.000000,811000.000000,3360000.000000,1868000.000000,3421000.000000,0.000000,0.000000,0.000000,13247000.000000,16668000.000000,0.214000,16668000.000000,13247000.000000,-2094000.000000,-0.060000,-0.060000,-0.060000,989254000.000000,,989254000.000000,419350000.000000,-6.000000,-8.292000,-2934000.000000,-0.026000,1.000000,65992000.000000,0.848000,532662000.000000,15341000.000000,329260000.000000,,0.000000,222947000.000000,120490000.000000,102457000.000000,64496000.000000,55788000.000000,8708000.000000,22231000.000000,32879000.000000,-6823000.000000,-1170000.000000,,-7992000.000000,28600000.000000,247000.000000,1624000.000000,-616000.000000,-5836000.000000,-5836000.000000,-5836000.000000,0.000000,0.000000,-0.075000,54751000.000000,11241000.000000,38752000.000000,0.000000,0.561000,-5.332000,-5.261000,11344000.000000,0.000000,4.840000,1.925000,1.925000,52956000.000000,237370000.000000,77834000.000000,77834000.000000,0.000000,,,,,1520000.000000,50833000.000000,1.000000,114750000.000000,114750000.000000,114750000.000000,0.678000,521088000.000000,2206000.000000,3742000.000000,11459000.000000,4.541000
ARQ,2022-09-30,2022-10-27,2022-09-30,2022-Q3,318739000.000000,492499474.000000,2025-04-28,-5065000.000000,1072270000.000000,,387859000.000000,684411000.000000,,8.741000,-2153000.000000,166071000.000000,166071000.000000,15746000.000000,9384000.000000,5.611000,0.079000,3934000.000000,3378000.000000,556000.000000,3934000.000000,1509000.000000,3438000.000000,0.000000,0.000000,0.000000,19298000.000000,22736000.000000,0.266000,22736000.000000,19298000.000000,14551000.000000,0.080000,0.080000,0.080000,993588000.000000,,993588000.000000,330362474.000000,-5.000000,-5.752000,15879000.000000,0.140000,1.000000,69601000.000000,0.816000,532248000.000000,4747000.000000,308765000.000000,,0.000000,205990000.000000,67228000.000000,138762000.000000,78683000.000000,69120000.000000,9563000.000000,27442000.000000,4000000.000000,-4379000.000000,-1014000.000000,,-5393000.000000,14804000.000000,12191000.000000,18032000.000000,-771000.000000,9384000.000000,9384000.000000,9384000.000000,0.000000,0.000000,0.110000,53426000.000000,16175000.000000,41012000.000000,0.000000,0.496000,-4.164000,-4.183000,11334000.000000,0.000000,4.350000,1.603000,1.610000,62742000.000000,248495000.000000,85347000.000000,85347000.000000,0.000000,,,,,1740000.000000,49769000.000000,1.000000,113218270.000000,113675000.000000,113970000.000000,0.751000,540022000.000000,2068000.000000,5167000.000000,16053000.000000,4.751000
ARQ,2022-12-31,2023-02-27,2022-12-31,2022-Q4,275883000.000000,838214450.000000,2025-04-28,-3385000.000000,964686000.000000,,340213000.000000,624473000.000000,,9.463000,-2307000.000000,52414000.000000,52414000.000000,18952000.000000,20922000.000000,5.289000,0.086000,7835000.000000,3112000.000000,4723000.000000,7835000.000000,995000.000000,3490000.000000,0.000000,0.090000,0.800000,55861000.000000,59351000.000000,0.616000,59351000.000000,55861000.000000,20241000.000000,0.220000,0.220000,0.220000,888213000.000000,,888213000.000000,793635450.000000,13.000000,10.397000,21235000.000000,0.226000,1.000000,77320000.000000,0.803000,529428000.000000,35620000.000000,326349000.000000,,0.000000,201545000.000000,122597000.000000,78948000.000000,76472000.000000,64330000.000000,12142000.000000,-114245000.000000,0.000000,-131822000.000000,-1172000.000000,,-132993000.000000,-4795000.000000,-3057000.000000,23542000.000000,589000.000000,20922000.000000,20922000.000000,20922000.000000,0.000000,0.000000,0.217000,65478000.000000,11842000.000000,46937000.000000,3.636000,0.944000,55.751000,63.786000,14623000.000000,0.000000,8.930000,2.532000,2.953000,75170000.000000,273262000.000000,96272000.000000,96272000.000000,0.000000,,,,,3846000.000000,57655000.000000,1.000000,93865000.000000,93865000.000000,94615000.000000,1.026000,435258000.000000,1473000.000000,-681000.000000,8485000.000000,4.637000
ARQ,2022-12-31,2023-04-20,2022-12-31,2022-Q4,275883000.000000,971552668.000000,2025-04-28,-3385000.000000,964686000.000000,,340213000.000000,624473000.000000,,9.956000,-2307000.000000,52414000.000000,52414000.000000,18951000.000000,20922000.000000,5.289000,0.086000,7835000.000000,3112000.000000,4723000.000000,7835000.000000,995000.000000,3490000.000000,0.000000,0.073000,0.800000,29935000.000000,33425000.000000,0.347000,33425000.000000,29935000.000000,20241000.000000,0.200000,0.200000,0.200000,888213000.000000,,888213000.000000,926973668.000000,15.000000,11.955000,21235000.000000,0.238000,1.000000,77321000.000000,0.803000,529428000.000000,9694000.000000,326349000.000000,,0.000000,201545000.000000,122597000.000000,78948000.000000,76472000.000000,64330000.000000,12142000.000000,-114246000.000000,0.000000,-131821000.000000,-1171000.000000,,-132994000.000000,-4795000.000000,-3057000.000000,23542000.000000,590000.000000,20922000.000000,20922000.000000,20922000.000000,0.000000,0.000000,0.217000,64272000.000000,13049000.000000,46937000.000000,4.000000,1.094000,64.619000,77.786000,14623000.000000,0.000000,10.890000,2.935000,2.935000,75170000.000000,273262000.000000,96272000.000000,96272000.000000,0.000000,,,,,3846000.000000,57966000.000000,1.000000,89215121.000000,89215121.000000,,1.079000,435258000.000000,1473000.000000,-681000.000000,8485000.000000,4.879000
ARQ,2023-03-31,2023-04-27,2023-03-31,2023-Q1,272309000.000000,879555598.000000,2025-04-28,-3334000.000000,911550000.000000,,337781000.000000,573769000.000000,,9.283000,-1384000.000000,84843000.000000,84843000.000000,16895000.000000,15478000.000000,5.159000,0.094000,6953000.000000,2468000.000000,4485000.000000,6953000.000000,6971000.000000,3380000.000000,0.000000,0.082000,0.000000,19119000.000000,22499000.000000,0.258000,22499000.000000,19119000.000000,18747000.000000,0.180000,0.180000,0.180000,833455000.000000,,833455000.000000,801665598.000000,10.000000,8.410000,24343000.000000,0.271000,1.000000,70156000.000000,0.806000,528990000.000000,372000.000000,239198000.000000,,0.000000,59352000.000000,29246000.000000,30106000.000000,78095000.000000,65472000.000000,12623000.000000,32405000.000000,,-2464000.000000,-1168000.000000,-12273000.000000,-15905000.000000,22583000.000000,23414000.000000,25727000.000000,23000.000000,15478000.000000,15478000.000000,15478000.000000,0.000000,0.000000,0.178000,56206000.000000,13950000.000000,42862000.000000,0.000000,1.055000,22.018000,24.475000,13183000.000000,0.000000,9.790000,2.538000,2.537000,56288000.000000,220917000.000000,87051000.000000,87051000.000000,0.000000,,,,,3433000.000000,50556000.000000,1.000000,89842247.000000,89785000.000000,90640000.000000,0.970000,382560000.000000,1491000.000000,3269000.000000,11416000.000000,4.261000
ARQ,2023-06-30,2023-08-24,2023-06-30,2023-Q2,272035000.000000,1149094121.000000,2025-04-28,-4553000.000000,908543000.000000,,354546000.000000,553997000.000000,,9.083000,-1267000.000000,98155000.000000,98155000.000000,22565000.000000,13537000.000000,4.297000,0.113000,8060000.000000,2787000.000000,5273000.000000,8060000.000000,4845000.000000,3356000.000000,0.000000,0.094000,0.400000,14765000.000000,18121000.000000,0.193000,18121000.000000,14765000.000000,14685000.000000,0.160000,0.140000,0.160000,816493000.000000,,816493000.000000,1058999121.000000,13.000000,10.942000,14250000.000000,0.159000,1.000000,71569000.000000,0.760000,528617000.000000,80000.000000,207320000.000000,,0.000000,34679000.000000,24545000.000000,10134000.000000,92050000.000000,82511000.000000,9539000.000000,14323000.000000,0.000000,394000.000000,-1200000.000000,0.000000,-806000.000000,-389000.000000,0.000000,15517000.000000,-1010000.000000,13537000.000000,13537000.000000,13537000.000000,0.000000,0.000000,0.144000,59033000.000000,12536000.000000,47242000.000000,2.500000,1.407000,19.371000,20.613000,13852000.000000,0.000000,12.780000,3.167000,3.167000,60139000.000000,204780000.000000,94134000.000000,94134000.000000,0.000000,,,,,3741000.000000,55681000.000000,1.000000,89913468.000000,89895000.000000,91315000.000000,1.047000,379926000.000000,1393000.000000,1148000.000000,10435000.000000,4.226000
ARQ,2023-09-30,2023-10-26,2023-09-30,2023-Q3,279271000.000000,1053446250.000000,2025-04-28,-5515000.000000,900959000.000000,,354879000.000000,546080000.000000,,9.140000,-1930000.000000,83505000.000000,83505000.000000,25249000.000000,16836000.000000,4.694000,0.099000,8482000.000000,2888000.000000,5594000.000000,8482000.000000,3188000.000000,3205000.000000,0.000000,0.102000,0.000000,17146000.000000,20351000.000000,0.198000,20351000.000000,17146000.000000,17054000.000000,0.180000,0.180000,0.180000,819458000.000000,,819458000.000000,978423250.000000,12.000000,10.365000,14303000.000000,0.160000,1.000000,77390000.000000,0.754000,527278000.000000,92000.000000,223050000.000000,,0.000000,34979000.000000,32449000.000000,2530000.000000,81501000.000000,75608000.000000,5893000.000000,-13942000.000000,0.000000,-17230000.000000,-1022000.000000,-10832000.000000,-29084000.000000,-1090000.000000,0.000000,16233000.000000,-709000.000000,16836000.000000,16836000.000000,16836000.000000,0.000000,0.000000,0.164000,61311000.000000,16079000.000000,46835000.000000,0.000000,1.286000,15.777000,16.319000,14565000.000000,0.000000,11.750000,2.772000,2.772000,65237000.000000,225937000.000000,102639000.000000,102639000.000000,0.000000,,,,,3815000.000000,56668000.000000,1.000000,89655000.000000,89655000.000000,91215000.000000,1.145000,373681000.000000,1708000.000000,218000.000000,10606000.000000,4.168000
ARQ,2023-12-31,2024-02-29,2023-12-31,2023-Q4,127050000.000000,1065972699.000000,2025-04-28,-4127000.000000,1027050000.000000,,208461000.000000,818589000.000000,,10.671000,-1571000.000000,93863000.000000,93863000.000000,28540000.000000,123558000.000000,2.561000,0.097000,10546000.000000,3770000.000000,6776000.000000,10546000.000000,10272000.000000,3225000.000000,0.000000,0.066000,0.400000,125719000.000000,128944000.000000,1.141000,128944000.000000,125719000.000000,125620000.000000,1.400000,1.380000,1.400000,935957000.000000,,935957000.000000,982655699.000000,6.000000,5.174000,23713000.000000,0.270000,1.000000,84464000.000000,0.747000,528926000.000000,99000.000000,333396000.000000,,0.000000,305253000.000000,32797000.000000,272456000.000000,91093000.000000,81411000.000000,9682000.000000,10131000.000000,0.000000,-13001000.000000,-1047000.000000,0.000000,-14048000.000000,-1105000.000000,0.000000,25284000.000000,227000.000000,123558000.000000,123558000.000000,123558000.000000,0.000000,0.000000,1.093000,64135000.000000,20329000.000000,52247000.000000,0.286000,1.139000,6.292000,6.411000,16074000.000000,0.000000,12.180000,2.686000,2.740000,77142000.000000,461271000.000000,113004000.000000,113004000.000000,0.000000,,,,,3938000.000000,59934000.000000,1.000000,87518284.000000,87710000.000000,89280000.000000,1.288000,498124000.000000,1133000.000000,2062000.000000,4651000.000000,5.679000
ARQ,2023-12-31,2024-04-24,2023-12-31,2023-Q4,127050000.000000,1268139935.000000,2025-04-28,-4127000.000000,1010943000.000000,,208461000.000000,802482000.000000,,10.510000,-1571000.000000,93863000.000000,93863000.000000,28540000.000000,107450000.000000,2.561000,0.099000,10546000.000000,3770000.000000,6776000.000000,10546000.000000,10272000.000000,3225000.000000,0.000000,0.055000,0.000000,109611000.000000,112836000.000000,0.999000,112836000.000000,109611000.000000,109512000.000000,1.200000,1.180000,1.200000,919850000.000000,,919850000.000000,1184822935.000000,7.000000,6.817000,23713000.000000,0.271000,1.000000,84463000.000000,0.747000,528926000.000000,99000.000000,317289000.000000,,0.000000,289146000.000000,32797000.000000,256349000.000000,91093000.000000,81411000.000000,9682000.000000,10132000.000000,0.000000,-13001000.000000,-1048000.000000,0.000000,-14048000.000000,-1106000.000000,0.000000,25284000.000000,227000.000000,107450000.000000,107450000.000000,107450000.000000,0.000000,0.000000,0.951000,64136000.000000,20327000.000000,52247000.000000,0.000000,1.379000,8.272000,8.424000,16074000.000000,0.000000,14.490000,3.196000,3.196000,77142000.000000,445164000.000000,113003000.000000,113003000.000000,0.000000,,,,,3937000.000000,60633000.000000,1.000000,87518284.000000,87518284.000000,,1.291000,482017000.000000,1133000.000000,2062000.000000,4651000.000000,5.508000
ARQ,2024-03-31,2024-04-25,2024-03-31,2024-Q1,91759000.000000,1202988000.000000,2025-04-28,-4373000.000000,997984000.000000,,175190000.000000,822794000.000000,,10.199000,-21624000.000000,91338000.000000,91338000.000000,24018000.000000,14839000.000000,2.100000,0.106000,10723000.000000,3781000.000000,6942000.000000,10723000.000000,7703000.000000,3072000.000000,0.000000,0.059000,0.000000,19610000.000000,22682000.000000,0.223000,22682000.000000,19610000.000000,19468000.000000,0.160000,0.160000,0.160000,902157000.000000,,902157000.000000,1122373000.000000,7.000000,6.451000,9398000.000000,0.106000,1.000000,77853000.000000,0.764000,528490000.000000,142000.000000,305448000.000000,,0.000000,264113000.000000,7751000.000000,256362000.000000,95827000.000000,83431000.000000,12396000.000000,-1062000.000000,,0.000000,-1361000.000000,-9874000.000000,-11235000.000000,-20849000.000000,0.000000,31022000.000000,-1462000.000000,14839000.000000,14839000.000000,14839000.000000,0.000000,0.000000,0.146000,58280000.000000,19573000.000000,52716000.000000,0.000000,1.333000,7.880000,8.000000,36781000.000000,0.000000,13.600000,2.922000,2.922000,68872000.000000,462724000.000000,101871000.000000,101871000.000000,0.000000,,,,,2158000.000000,55614000.000000,1.000000,88455000.000000,88455000.000000,89245000.000000,1.152000,469494000.000000,1161000.000000,4629000.000000,10638000.000000,5.308000
ARQ,2024-06-30,2024-08-22,2024-06-30,2024-Q2,112336000.000000,1283638453.000000,2025-04-28,-4292000.000000,1007904000.000000,,186681000.000000,821223000.000000,,10.427000,-2961000.000000,104356000.000000,104356000.000000,27656000.000000,19303000.000000,2.511000,0.093000,9679000.000000,3641000.000000,6038000.000000,9679000.000000,5130000.000000,4012000.000000,0.000000,0.055000,0.400000,22301000.000000,26313000.000000,0.240000,26313000.000000,22301000.000000,22128000.000000,,,,922445000.000000,,922445000.000000,1188961453.000000,7.000000,6.526000,14455000.000000,0.163000,1.000000,82078000.000000,0.748000,529072000.000000,173000.000000,309810000.000000,,0.000000,263703000.000000,7818000.000000,255885000.000000,85459000.000000,74345000.000000,11114000.000000,14876000.000000,500000.000000,0.000000,-819000.000000,0.000000,-949000.000000,-1592000.000000,0.000000,17416000.000000,-1858000.000000,19303000.000000,19303000.000000,19303000.000000,0.000000,0.000000,0.176000,60135000.000000,21943000.000000,52992000.000000,,1.392000,8.102000,,35038000.000000,0.000000,14.510000,3.004000,3.004000,70638000.000000,482931000.000000,109734000.000000,109734000.000000,0.000000,,,,,2064000.000000,57547000.000000,1.000000,88465779.000000,88465779.000000,,1.240000,478832000.000000,1228000.000000,2825000.000000,8531000.000000,5.413000
ARQ,2024-09-30,2024-10-29,2024-09-30,2024-Q3,101495000.000000,1643076460.000000,2025-04-28,-2823000.000000,1012665000.000000,,193424000.000000,819241000.000000,,10.304000,-4116000.000000,106005000.000000,106005000.000000,33115000.000000,17940000.000000,2.104000,0.111000,8961000.000000,3523000.000000,5438000.000000,8961000.000000,3471000.000000,4146000.000000,0.000000,0.043000,0.000000,22903000.000000,27049000.000000,0.220000,27049000.000000,22903000.000000,22786000.000000,,,,911692000.000000,,911692000.000000,1546032460.000000,9.000000,8.185000,30780000.000000,0.348000,1.000000,90095000.000000,0.731000,527726000.000000,117000.000000,295966000.000000,,0.000000,255926000.000000,0.000000,255926000.000000,100973000.000000,91929000.000000,9044000.000000,2826000.000000,,0.000000,-1041000.000000,-27569000.000000,-28726000.000000,-3343000.000000,0.000000,34896000.000000,-1177000.000000,17940000.000000,17940000.000000,17940000.000000,0.000000,0.000000,0.146000,66909000.000000,23186000.000000,63678000.000000,,1.802000,10.299000,,34490000.000000,0.000000,18.570000,3.669000,3.669000,79159000.000000,506107000.000000,123210000.000000,123210000.000000,0.000000,,,,,3554000.000000,63458000.000000,1.000000,88480154.000000,88480154.000000,,1.393000,484939000.000000,1099000.000000,4846000.000000,11715000.000000,5.481000
ARQ,2024-12-31,2025-02-27,2024-12-31,2024-Q4,130811000.000000,1590873169.000000,2025-04-28,-4938000.000000,1055585000.000000,,231904000.000000,823681000.000000,,10.625000,-1906000.000000,126797000.000000,126797000.000000,47771000.000000,28688000.000000,2.294000,0.123000,9586000.000000,3955000.000000,5631000.000000,9586000.000000,5441000.000000,4353000.000000,0.000000,0.044000,0.400000,34184000.000000,38537000.000000,0.264000,38537000.000000,34184000.000000,34030000.000000,0.320000,0.320000,0.320000,940100000.000000,,940100000.000000,1473662169.000000,15.000000,12.861000,19737000.000000,0.223000,1.000000,98062000.000000,0.672000,527251000.000000,154000.000000,310030000.000000,,0.000000,261308000.000000,0.000000,261308000.000000,115484000.000000,101093000.000000,14391000.000000,19080000.000000,-1250000.000000,0.000000,-1102000.000000,8000.000000,-1236000.000000,-1328000.000000,833000.000000,21643000.000000,1713000.000000,28688000.000000,28688000.000000,28688000.000000,0.000000,0.000000,0.197000,70503000.000000,27559000.000000,75285000.000000,1.250000,1.692000,19.696000,19.758000,34058000.000000,0.000000,17.980000,3.310000,3.309000,97383000.000000,536623000.000000,145833000.000000,145833000.000000,0.000000,,,,,856000.000000,66662000.000000,1.000000,88480154.000000,88480000.000000,89741000.000000,1.648000,528334000.000000,1063000.000000,5342000.000000,11879000.000000,5.971000
ARQ,2024-12-31,2025-04-10,2024-12-31,2024-Q4,130811000.000000,1321008699.000000,2025-04-28,-4938000.000000,1055585000.000000,,231904000.000000,823681000.000000,,10.625000,-1906000.000000,126797000.000000,126797000.000000,47772000.000000,28689000.000000,2.294000,0.123000,9586000.000000,3955000.000000,5631000.000000,9586000.000000,5441000.000000,4353000.000000,0.000000,0.054000,0.000000,34185000.000000,38538000.000000,0.264000,38538000.000000,34185000.000000,34031000.000000,,,,940100000.000000,,940100000.000000,1203797699.000000,12.000000,10.506000,19737000.000000,0.223000,1.000000,98061000.000000,0.672000,527251000.000000,154000.000000,310030000.000000,,0.000000,261308000.000000,0.000000,261308000.000000,115484000.000000,101093000.000000,14391000.000000,19080000.000000,,0.000000,-1103000.000000,8000.000000,-1236000.000000,-1328000.000000,833000.000000,21643000.000000,1713000.000000,28689000.000000,28689000.000000,28689000.000000,0.000000,0.000000,0.197000,70505000.000000,27556000.000000,75285000.000000,,1.405000,16.355000,16.407000,34058000.000000,0.000000,14.930000,2.748000,2.748000,97383000.000000,536623000.000000,145833000.000000,145833000.000000,0.000000,,,,,856000.000000,66664000.000000,1.000000,88480154.000000,88480154.000000,,1.648000,528334000.000000,1063000.000000,5342000.000000,11879000.000000,5.971000
ARQ,2025-03-31,2025-04-28,2025-03-31,2025-Q1,117642000.000000,1479449117.000000,2025-04-28,-3786000.000000,1043099000.000000,,218578000.000000,824521000.000000,,10.388000,-2827000.000000,103546000.000000,103546000.000000,50693000.000000,18283000.000000,2.166000,0.122000,9550000.000000,4095000.000000,5455000.000000,9550000.000000,4391000.000000,4434000.000000,0.000000,0.048000,0.000000,20911000.000000,25345000.000000,0.178000,25345000.000000,20911000.000000,20791000.000000,0.200000,0.200000,0.200000,929576000.000000,,929576000.000000,1385453117.000000,14.000000,11.817000,13118000.000000,0.147000,1.000000,92024000.000000,0.645000,527854000.000000,120000.000000,320313000.000000,,0.000000,262630000.000000,0.000000,262630000.000000,113524000.000000,100936000.000000,12588000.000000,-24060000.000000,-1250000.000000,,-1091000.000000,-35395000.000000,-36606000.000000,-3399000.000000,,15945000.000000,809000.000000,18283000.000000,18283000.000000,18283000.000000,0.000000,0.000000,0.128000,70949000.000000,21075000.000000,68592000.000000,0.000000,1.592000,17.568000,,32897000.000000,0.000000,16.530000,2.837000,2.836000,108479000.000000,560340000.000000,142717000.000000,142717000.000000,0.000000,,,,,5761000.000000,59605000.000000,1.000000,89500854.000000,89486000.000000,90188000.000000,1.595000,515245000.000000,1140000.000000,2508000.000000,14558000.000000,5.758000
ART,2017-12-31,2018-07-26,2017-12-31,2017-Q4,37461000.000000,,2025-04-28,0.000000,636300000.000000,,74311000.000000,561989000.000000,,5.296000,2193000.000000,33207000.000000,33207000.000000,1303000.000000,6064000.000000,2.017000,0.090000,6105000.000000,2073000.000000,4032000.000000,6105000.000000,1472000.000000,16604000.000000,0.000000,,0.000000,7742000.000000,24346000.000000,0.181000,24346000.000000,7742000.000000,7504000.000000,,,,583503000.000000,,583503000.000000,,,,13846000.000000,0.126000,1.000000,133050000.000000,0.990000,540198000.000000,238000.000000,32150000.000000,,0.000000,7374000.000000,0.000000,7374000.000000,52797000.000000,36850000.000000,15947000.000000,-1683000.000000,-6896000.000000,0.000000,-10031000.000000,0.000000,-10031000.000000,-3305000.000000,-500000.000000,11653000.000000,709000.000000,6064000.000000,6064000.000000,6064000.000000,0.000000,0.000000,0.045000,122811000.000000,10239000.000000,21401000.000000,,,,,13460000.000000,0.000000,,,,38937000.000000,5366000.000000,134353000.000000,134353000.000000,0.000000,,,,0.058000,7006000.000000,102967000.000000,1.000000,110179545.000000,110179545.000000,,1.219000,96102000.000000,958000.000000,1440000.000000,15537000.000000,0.872000
ART,2018-06-30,2018-08-23,2018-06-30,2018-Q2,56595000.000000,1383855085.000000,2025-04-28,0.000000,651491000.000000,,91636000.000000,559855000.000000,,6.293000,,43993000.000000,43993000.000000,,,2.615000,0.088000,5826000.000000,2589000.000000,3237000.000000,5826000.000000,2182000.000000,,0.000000,0.000000,0.000000,,,,,,,,,,598585000.000000,,598585000.000000,1345688085.000000,,,,,1.000000,,,538739000.000000,,39544000.000000,,0.000000,6786000.000000,0.000000,6786000.000000,52906000.000000,35041000.000000,17865000.000000,,,,,,,,,,,,,,,,,,,21804000.000000,,2.312000,,,13213000.000000,,12.560000,,,44601000.000000,21683000.000000,,,,,,,,,,1.000000,110179545.000000,95125000.000000,,,112752000.000000,1117000.000000,,16882000.000000,1.185000
ART,2018-09-30,2018-11-08,2018-09-30,2018-Q3,238815000.000000,817532224.000000,2025-04-28,0.000000,829629000.000000,,273464000.000000,556165000.000000,,7.400000,,217642000.000000,217642000.000000,,,7.892000,0.068000,5004000.000000,2309000.000000,2695000.000000,5004000.000000,1853000.000000,,0.000000,0.000000,0.000000,,,,,,,,,,777003000.000000,,777003000.000000,604894224.000000,,,,,1.000000,,,538048000.000000,,44294000.000000,,0.000000,4594000.000000,0.000000,4594000.000000,52626000.000000,34649000.000000,17977000.000000,,,,,,,,,,,,,,,,,,,23484000.000000,,1.052000,,,12396000.000000,,7.420000,,,53241000.000000,33122000.000000,,,,,,,,,,1.000000,110179545.000000,104995000.000000,,,291581000.000000,1127000.000000,,16051000.000000,2.777000
ART,2018-12-31,2019-02-21,2018-12-31,2018-Q4,204088000.000000,934322542.000000,2025-04-28,0.000000,825303000.000000,730801500.000000,238090000.000000,587213000.000000,0.236000,7.654000,,177873000.000000,177873000.000000,13316000.000000,35160000.000000,7.002000,0.064000,4761000.000000,2490000.000000,2271000.000000,4761000.000000,1932000.000000,,0.000000,0.000000,0.000000,43336000.000000,,,,43336000.000000,41641000.000000,0.348000,0.336000,0.348000,775460000.000000,679481500.000000,775460000.000000,761210542.000000,18.000000,,,,1.000000,158960000.000000,0.923000,537022000.000000,1695000.000000,81167000.000000,56658500.000000,0.000000,38339000.000000,1254000.000000,37085000.000000,49843000.000000,34002000.000000,15841000.000000,,,,,,,,,,,35160000.000000,35160000.000000,35160000.000000,0.000000,0.000000,0.204000,113659000.000000,45301000.000000,17957000.000000,0.000000,1.205000,26.573000,24.368000,12162000.000000,0.000000,8.480000,5.423000,4.987000,44591000.000000,36432000.000000,172276000.000000,172276000.000000,0.000000,0.048000,0.052000,0.765000,0.252000,,100965000.000000,1.000000,110179545.000000,101310000.000000,104365000.000000,1.700000,288281000.000000,944000.000000,6481000.000000,15278000.000000,2.846000
ART,2018-12-31,2019-04-17,2018-12-31,2018-Q4,204088000.000000,983430182.000000,2025-04-28,316000.000000,825303000.000000,730801500.000000,238090000.000000,587213000.000000,0.236000,7.093000,-6748000.000000,177873000.000000,177873000.000000,13316000.000000,35160000.000000,7.002000,0.064000,4761000.000000,2490000.000000,2271000.000000,4761000.000000,1932000.000000,12694000.000000,0.000000,0.000000,0.000000,43336000.000000,56030000.000000,0.325000,56030000.000000,43336000.000000,41641000.000000,0.348000,0.336000,0.348000,775460000.000000,679481500.000000,775460000.000000,810318182.000000,19.000000,14.462000,27080000.000000,0.248000,1.000000,158960000.000000,0.923000,537022000.000000,1695000.000000,81167000.000000,56658500.000000,0.000000,38339000.000000,1254000.000000,37085000.000000,49843000.000000,34002000.000000,15841000.000000,145524000.000000,-38423000.000000,163004000.000000,-4058000.000000,0.000000,158946000.000000,-47250000.000000,-4588000.000000,33828000.000000,-857000.000000,35160000.000000,35160000.000000,35160000.000000,0.000000,0.000000,0.204000,113659000.000000,45301000.000000,17957000.000000,0.000000,1.268000,27.970000,25.848000,12162000.000000,0.000000,8.995000,5.708000,5.708000,44591000.000000,36432000.000000,172276000.000000,172276000.000000,0.000000,0.048000,0.052000,0.765000,0.252000,6439000.000000,100965000.000000,1.000000,109330760.000000,109330760.000000,,1.576000,288281000.000000,944000.000000,6481000.000000,15278000.000000,2.637000
ART,2019-03-31,2019-05-22,2019-03-31,2019-Q1,200425000.000000,1070348136.000000,2025-04-28,-63000.000000,842842000.000000,787316250.000000,240946000.000000,601896000.000000,0.234000,7.093000,,169846000.000000,169846000.000000,20435000.000000,33925000.000000,5.946000,0.086000,18337000.000000,6356000.000000,11981000.000000,18337000.000000,1455000.000000,,0.000000,0.000000,0.000000,40674000.000000,,,,40674000.000000,38859000.000000,0.326000,0.316000,0.326000,775884000.000000,731733000.000000,775884000.000000,918839136.000000,23.000000,,,,1.000000,163670000.000000,0.889000,536084000.000000,1815000.000000,114728000.000000,69933250.000000,0.000000,56600000.000000,17667000.000000,38933000.000000,66958000.000000,40521000.000000,26437000.000000,,,,,,,,,,,33925000.000000,33925000.000000,33925000.000000,0.000000,0.000000,0.184000,122689000.000000,40981000.000000,23824000.000000,0.000000,1.380000,31.550000,30.031000,26293000.000000,0.000000,9.790000,5.814000,5.817000,42105000.000000,43014000.000000,184105000.000000,184105000.000000,0.000000,0.043000,0.046000,0.582000,0.221000,,107384000.000000,1.000000,109330760.000000,109390000.000000,111980000.000000,1.683000,306758000.000000,585000.000000,4934000.000000,15992000.000000,2.804000
ART,2019-06-30,2019-08-22,2019-06-30,2019-Q2,193509000.000000,1381910682.000000,2025-04-28,172000.000000,852333000.000000,837526750.000000,242194000.000000,610139000.000000,0.246000,7.069000,-6748000.000000,134155000.000000,134155000.000000,29121000.000000,29936000.000000,4.975000,0.093000,17041000.000000,6988000.000000,10053000.000000,17041000.000000,1218000.000000,,0.000000,0.000000,0.000000,33264000.000000,,,,33264000.000000,31319000.000000,0.280000,0.270000,0.280000,779642000.000000,776997250.000000,779642000.000000,1264796682.000000,38.000000,,5267000.000000,0.048000,1.000000,176881000.000000,0.859000,535085000.000000,1945000.000000,151449000.000000,97909500.000000,0.000000,86158000.000000,39141000.000000,47017000.000000,72692000.000000,48685000.000000,24007000.000000,90695000.000000,,,,,152127000.000000,-73446000.000000,,12015000.000000,-533000.000000,29936000.000000,29936000.000000,29936000.000000,0.000000,0.000000,0.145000,149129000.000000,27752000.000000,32174000.000000,0.000000,1.772000,46.162000,44.750000,27362000.000000,0.000000,12.530000,6.708000,6.708000,44864000.000000,46538000.000000,206002000.000000,206002000.000000,0.000000,0.036000,0.039000,0.340000,0.161000,,127146000.000000,1.000000,110288163.000000,110290000.000000,112325000.000000,1.868000,317248000.000000,676000.000000,1383000.000000,14480000.000000,2.876000
ART,2019-06-30,2019-09-17,2019-06-30,2019-Q2,193509000.000000,1416100013.000000,2025-04-28,172000.000000,852333000.000000,837526750.000000,242194000.000000,610139000.000000,0.244000,7.069000,-13424000.000000,134155000.000000,134155000.000000,29121000.000000,28933000.000000,4.975000,0.093000,17041000.000000,6988000.000000,10053000.000000,17041000.000000,1218000.000000,,0.000000,0.000000,0.000000,31831000.000000,,,,31831000.000000,29887000.000000,0.278000,0.272000,0.278000,779642000.000000,776997250.000000,779642000.000000,1298986013.000000,41.000000,,-1409000.000000,-0.013000,1.000000,175449000.000000,0.858000,535085000.000000,1944000.000000,151449000.000000,97909500.000000,0.000000,86158000.000000,39141000.000000,47017000.000000,72691000.000000,48685000.000000,24006000.000000,90695000.000000,,,,,152127000.000000,-73446000.000000,,12015000.000000,-533000.000000,28933000.000000,28933000.000000,28933000.000000,0.000000,0.000000,0.141000,149130000.000000,26319000.000000,32174000.000000,0.000000,1.816000,48.944000,46.187000,27362000.000000,0.000000,12.840000,6.922000,6.922000,44864000.000000,46538000.000000,204570000.000000,204570000.000000,0.000000,0.035000,0.037000,0.325000,0.156000,,127146000.000000,1.000000,110288163.000000,110290000.000000,112330000.000000,1.855000,317248000.000000,676000.000000,954000.000000,14480000.000000,2.876000
ART,2019-09-30,2019-11-14,2019-09-30,2019-Q3,269818000.000000,1338073532.000000,2025-04-28,-1810000.000000,984031000.000000,876127250.000000,352161000.000000,631870000.000000,0.289000,7.927000,-13424000.000000,170697000.000000,170697000.000000,38609000.000000,47336000.000000,4.277000,0.121000,36221000.000000,26471000.000000,9750000.000000,36221000.000000,1159000.000000,,0.000000,0.000000,0.000000,51109000.000000,,,,51109000.000000,48997000.000000,0.446000,0.422000,0.446000,878154000.000000,802285000.000000,878154000.000000,1203597532.000000,24.000000,,-25768000.000000,-0.233000,1.000000,214972000.000000,0.848000,533933000.000000,2112000.000000,233279000.000000,145155750.000000,1932000.000000,171010000.000000,100761000.000000,70249000.000000,105877000.000000,82343000.000000,23534000.000000,-45806000.000000,,,,,72870000.000000,-106331000.000000,,-12344000.000000,-1137000.000000,47336000.000000,47336000.000000,47336000.000000,0.000000,0.000000,0.187000,193840000.000000,21132000.000000,41542000.000000,0.000000,1.524000,28.268000,25.471000,27689000.000000,0.000000,11.360000,5.277000,4.963000,51914000.000000,76044000.000000,253581000.000000,253581000.000000,0.000000,0.054000,0.059000,0.352000,0.202000,,150755000.000000,1.000000,117788163.000000,110775000.000000,112945000.000000,2.289000,450098000.000000,0.000000,1661000.000000,15354000.000000,4.063000
ART,2019-12-31,2020-02-25,2019-12-31,2019-Q4,289757000.000000,847850852.000000,2025-04-28,-1508000.000000,1060620000.000000,934956500.000000,418327000.000000,642293000.000000,0.358000,8.122000,0.000000,139487000.000000,139487000.000000,73991000.000000,57899000.000000,3.254000,0.163000,56974000.000000,47793000.000000,9181000.000000,56974000.000000,708000.000000,,0.000000,0.000000,0.000000,65006000.000000,,,,65006000.000000,63501000.000000,0.520000,0.500000,0.520000,912206000.000000,836471500.000000,912206000.000000,765337852.000000,12.000000,,-41312000.000000,-0.368000,1.000000,260864000.000000,0.779000,532385000.000000,1505000.000000,317152000.000000,204152000.000000,7752000.000000,214447000.000000,136796000.000000,77651000.000000,148414000.000000,128570000.000000,19844000.000000,-38247000.000000,,,,,111897000.000000,-108832000.000000,,-41312000.000000,-138000.000000,57899000.000000,57899000.000000,57899000.000000,0.000000,0.000000,0.173000,240201000.000000,20663000.000000,57125000.000000,0.000000,0.929000,14.644000,13.712000,26053000.000000,0.000000,7.130000,2.532000,2.392000,108483000.000000,99513000.000000,334855000.000000,334855000.000000,0.000000,0.062000,0.069000,0.318000,0.194000,,166389000.000000,1.000000,118913163.000000,112315000.000000,112415000.000000,2.981000,528235000.000000,6204000.000000,5602000.000000,18329000.000000,4.703000
ART,2019-12-31,2020-04-30,2019-12-31,2019-Q4,289757000.000000,683750687.000000,2025-04-28,-1508000.000000,1060620000.000000,934956500.000000,418327000.000000,642293000.000000,0.358000,7.671000,-13035000.000000,139487000.000000,139487000.000000,73991000.000000,57899000.000000,3.254000,0.163000,56974000.000000,47793000.000000,9181000.000000,56974000.000000,708000.000000,18934000.000000,0.000000,0.000000,0.000000,65006000.000000,83940000.000000,0.251000,83940000.000000,65006000.000000,63501000.000000,0.520000,0.500000,0.520000,912206000.000000,836471500.000000,912206000.000000,601237687.000000,9.000000,7.163000,-57499000.000000,-0.484000,1.000000,260864000.000000,0.779000,532385000.000000,1505000.000000,317152000.000000,204152000.000000,7752000.000000,214447000.000000,136796000.000000,77651000.000000,148414000.000000,128570000.000000,19844000.000000,-38248000.000000,-58702000.000000,75486000.000000,37715000.000000,0.000000,113200000.000000,-106987000.000000,-35250000.000000,-44464000.000000,-137000.000000,57899000.000000,57899000.000000,57899000.000000,0.000000,0.000000,0.173000,185899000.000000,74965000.000000,57125000.000000,0.000000,0.750000,11.809000,11.058000,26053000.000000,0.000000,5.750000,2.042000,2.042000,108483000.000000,99513000.000000,334855000.000000,334855000.000000,0.000000,0.062000,0.069000,0.318000,0.194000,5118000.000000,166389000.000000,1.000000,118913163.000000,118913163.000000,,2.816000,528235000.000000,6204000.000000,5602000.000000,18329000.000000,4.442000
ART,2020-03-31,2020-05-20,2020-03-31,2020-Q1,261129000.000000,803816963.000000,2025-04-28,-4083000.000000,1054791000.000000,987943750.000000,409057000.000000,645734000.000000,0.427000,7.422000,-22699000.000000,169826000.000000,169826000.000000,93812000.000000,31656000.000000,2.765000,0.193000,58140000.000000,48420000.000000,9720000.000000,58140000.000000,6355000.000000,,0.000000,0.000000,0.000000,41598000.000000,,,,41598000.000000,32559000.000000,0.310000,0.272000,0.310000,884239000.000000,863560250.000000,884239000.000000,692130963.000000,17.000000,,-24846000.000000,-0.209000,1.000000,327985000.000000,0.778000,537694000.000000,9039000.000000,257483000.000000,239840750.000000,7329000.000000,172272000.000000,93946000.000000,78326000.000000,170552000.000000,147928000.000000,22624000.000000,326000.000000,,,,,114964000.000000,-112495000.000000,,-2147000.000000,-345000.000000,31656000.000000,31656000.000000,31656000.000000,0.000000,0.000000,0.075000,274338000.000000,53647000.000000,66225000.000000,0.000000,0.909000,25.392000,21.742000,25032000.000000,0.000000,6.740000,1.906000,1.904000,103070000.000000,79611000.000000,421797000.000000,421797000.000000,0.000000,0.032000,0.037000,0.173000,0.099000,,184527000.000000,1.000000,119260677.000000,119145000.000000,120820000.000000,3.540000,517097000.000000,4682000.000000,903000.000000,17792000.000000,4.340000
ART,2020-06-30,2020-08-20,2020-06-30,2020-Q2,252861000.000000,924051712.000000,2025-04-28,-2873000.000000,963594000.000000,1015759000.000000,307167000.000000,656427000.000000,0.416000,7.485000,-19074000.000000,105454000.000000,105454000.000000,101141000.000000,46378000.000000,5.656000,0.082000,8448000.000000,3996000.000000,4452000.000000,8448000.000000,4045000.000000,20067000.000000,0.000000,0.000000,0.000000,58330000.000000,78397000.000000,0.185000,78397000.000000,58330000.000000,48703000.000000,0.420000,0.380000,0.420000,890884000.000000,891370750.000000,890884000.000000,827045712.000000,14.000000,10.549000,1852000.000000,0.016000,1.000000,321904000.000000,0.761000,538973000.000000,9627000.000000,273309000.000000,270305750.000000,184000.000000,154455000.000000,70457000.000000,83998000.000000,72714000.000000,54306000.000000,18408000.000000,-26299000.000000,-56826000.000000,62796000.000000,-9132000.000000,,53662000.000000,-100891000.000000,-30603000.000000,20926000.000000,-2402000.000000,46378000.000000,46378000.000000,46378000.000000,0.000000,0.000000,0.110000,261934000.000000,59970000.000000,28815000.000000,0.000000,1.037000,19.924000,18.714000,23292000.000000,0.000000,7.860000,2.184000,2.211000,102910000.000000,98025000.000000,423045000.000000,423045000.000000,0.000000,0.046000,0.052000,0.216000,0.138000,5114000.000000,175368000.000000,1.000000,117563831.000000,119020000.000000,119960000.000000,3.554000,424621000.000000,10165000.000000,2325000.000000,16958000.000000,3.568000
ART,2020-09-30,2020-11-19,2020-09-30,2020-Q3,132457000.000000,1054026828.000000,2025-04-28,677000.000000,1088721000.000000,1041931500.000000,176332000.000000,912389000.000000,0.356000,8.833000,-21292000.000000,64416000.000000,64416000.000000,88974000.000000,172625000.000000,4.019000,0.059000,9093000.000000,5185000.000000,3908000.000000,9093000.000000,2749000.000000,,0.000000,0.000000,0.000000,184091000.000000,,,,184091000.000000,174563000.000000,1.480000,1.460000,1.480000,1027820000.000000,928787250.000000,1027820000.000000,998703828.000000,5.000000,,34543000.000000,0.297000,1.000000,282383000.000000,0.760000,539542000.000000,9528000.000000,449981000.000000,324481250.000000,178000.000000,404565000.000000,55220000.000000,349345000.000000,60902000.000000,43875000.000000,17027000.000000,-106014000.000000,,,,,-60424000.000000,-101429000.000000,,55835000.000000,-267000.000000,172625000.000000,172625000.000000,172625000.000000,-148113000.000000,0.000000,0.465000,226066000.000000,56317000.000000,26058000.000000,0.000000,1.025000,6.106000,6.189000,19556000.000000,0.000000,9.160000,2.838000,2.870000,42812000.000000,253796000.000000,371357000.000000,371357000.000000,0.000000,0.166000,0.186000,0.567000,0.496000,,158118000.000000,1.000000,115068431.000000,116355000.000000,117810000.000000,3.192000,549179000.000000,3945000.000000,1938000.000000,13930000.000000,4.720000
ART,2020-12-31,2021-02-25,2020-12-31,2020-Q4,141960000.000000,1486271500.000000,2025-04-28,1343000.000000,1107652000.000000,1053689500.000000,187508000.000000,920144000.000000,0.166000,8.924000,-9037000.000000,134168000.000000,134168000.000000,12112000.000000,176052000.000000,4.117000,0.058000,8973000.000000,5389000.000000,3584000.000000,8973000.000000,345000.000000,20390000.000000,0.000000,0.000000,0.000000,177257000.000000,197647000.000000,1.131000,197647000.000000,177257000.000000,176741000.000000,1.500000,1.480000,1.500000,1046707000.000000,962412500.000000,1046707000.000000,1361076500.000000,8.000000,6.886000,84287000.000000,0.719000,1.000000,162641000.000000,0.931000,536915000.000000,516000.000000,399994000.000000,345191750.000000,0.000000,361990000.000000,924000.000000,361066000.000000,60945000.000000,45548000.000000,15397000.000000,-4692000.000000,-44582000.000000,-49049000.000000,-51923000.000000,,-100972000.000000,2956000.000000,58535000.000000,93324000.000000,-627000.000000,176052000.000000,176052000.000000,176052000.000000,-141742000.000000,0.000000,1.007000,159459000.000000,3182000.000000,25454000.000000,0.000000,1.420000,8.442000,8.633000,18167000.000000,0.000000,12.950000,8.505000,8.691000,43356000.000000,280211000.000000,174753000.000000,174753000.000000,0.000000,0.167000,0.183000,0.514000,1.014000,4521000.000000,130833000.000000,1.000000,114770000.000000,117285000.000000,118695000.000000,1.490000,570737000.000000,3996000.000000,689000.000000,13066000.000000,4.866000
ART,2021-03-31,2021-04-27,2021-03-31,2021-Q1,131370000.000000,1324177459.000000,2025-04-28,27000.000000,1126452000.000000,1071604750.000000,188859000.000000,937593000.000000,0.196000,9.147000,-7924000.000000,143297000.000000,143297000.000000,25146000.000000,197551000.000000,3.285000,0.070000,9060000.000000,4531000.000000,4529000.000000,9060000.000000,513000.000000,20688000.000000,0.000000,0.000000,0.000000,199401000.000000,220089000.000000,1.050000,220089000.000000,199401000.000000,198046000.000000,1.680000,1.680000,1.680000,1053049000.000000,1004615000.000000,1053049000.000000,1189940459.000000,6.000000,5.407000,41255000.000000,0.358000,1.000000,184382000.000000,0.880000,545177000.000000,1355000.000000,389549000.000000,378208250.000000,21000.000000,371912000.000000,80000.000000,371832000.000000,73402000.000000,57489000.000000,15913000.000000,-25606000.000000,-48708000.000000,-44306000.000000,-51676000.000000,,-95982000.000000,21196000.000000,78571000.000000,49179000.000000,-921000.000000,197551000.000000,197551000.000000,197551000.000000,-145837000.000000,0.000000,0.943000,172723000.000000,11659000.000000,32269000.000000,0.000000,1.257000,6.703000,6.845000,16650000.000000,0.000000,11.500000,6.320000,6.319000,39563000.000000,288618000.000000,209528000.000000,209528000.000000,0.000000,0.184000,0.197000,0.527000,0.952000,4297000.000000,145549000.000000,1.000000,115145866.000000,115125000.000000,116345000.000000,1.820000,581275000.000000,3933000.000000,495000.000000,12094000.000000,5.049000
ART,2021-06-30,2021-08-12,2021-06-30,2021-Q2,174516000.000000,1093885727.000000,2025-04-28,1105000.000000,1190028000.000000,1128213250.000000,253280000.000000,936748000.000000,0.186000,9.520000,-5950000.000000,178481000.000000,178481000.000000,6597000.000000,227819000.000000,3.216000,0.086000,6719000.000000,3974000.000000,2745000.000000,6719000.000000,450000.000000,20951000.000000,0.000000,0.000000,0.000000,229914000.000000,250865000.000000,1.194000,250865000.000000,229914000.000000,225771000.000000,1.940000,1.940000,1.940000,1096217000.000000,1055948250.000000,1096217000.000000,922123727.000000,4.000000,3.676000,42433000.000000,0.369000,1.000000,203494000.000000,0.969000,543670000.000000,4143000.000000,395832000.000000,408839000.000000,21000.000000,397244000.000000,22837000.000000,374407000.000000,93811000.000000,78764000.000000,15047000.000000,71825000.000000,-49708000.000000,-31327000.000000,-4113000.000000,,-35441000.000000,58881000.000000,114415000.000000,48383000.000000,1203000.000000,227819000.000000,227819000.000000,227819000.000000,-145838000.000000,0.000000,1.084000,207509000.000000,-4015000.000000,43048000.000000,0.000000,0.998000,4.802000,4.897000,14846000.000000,0.000000,9.500000,5.207000,5.207000,43728000.000000,330710000.000000,210091000.000000,210091000.000000,0.000000,0.202000,0.216000,0.562000,1.094000,4737000.000000,177814000.000000,1.000000,115145866.000000,115145000.000000,115755000.000000,1.825000,646358000.000000,3824000.000000,-2048000.000000,11610000.000000,5.613000
ART,2021-09-30,2021-10-28,2021-09-30,2021-Q3,176732000.000000,999466117.000000,2025-04-28,-311000.000000,1212492000.000000,1159156000.000000,254386000.000000,958106000.000000,0.203000,9.744000,-5124000.000000,89964000.000000,89964000.000000,7078000.000000,96952000.000000,3.276000,0.081000,29289000.000000,27094000.000000,2195000.000000,29289000.000000,587000.000000,20924000.000000,0.000000,0.000000,0.000000,98801000.000000,119725000.000000,0.510000,119725000.000000,98801000.000000,94002000.000000,0.820000,0.820000,0.820000,1121967000.000000,1079485000.000000,1121967000.000000,938791117.000000,10.000000,7.841000,22453000.000000,0.195000,1.000000,227707000.000000,0.970000,540844000.000000,4799000.000000,533319000.000000,429673500.000000,24000.000000,506171000.000000,106313000.000000,399858000.000000,90525000.000000,77654000.000000,12871000.000000,26026000.000000,-10448000.000000,-8944000.000000,-4633000.000000,,-13579000.000000,12025000.000000,26789000.000000,27577000.000000,-477000.000000,96952000.000000,96952000.000000,96952000.000000,2275000.000000,0.000000,0.413000,235342000.000000,-7635000.000000,36591000.000000,0.000000,0.891000,10.309000,10.585000,13751000.000000,0.000000,8.680000,4.257000,4.257000,47482000.000000,357873000.000000,234785000.000000,234785000.000000,0.000000,0.084000,0.090000,0.230000,0.421000,6999000.000000,206174000.000000,1.000000,115145866.000000,115145000.000000,116130000.000000,2.039000,671648000.000000,3653000.000000,-2950000.000000,11424000.000000,5.833000
ART,2021-12-31,2022-02-17,2021-12-31,2021-Q4,181071000.000000,755356881.000000,2025-04-28,-520000.000000,1121391000.000000,1162590750.000000,252607000.000000,868784000.000000,0.216000,9.043000,-5896000.000000,102876000.000000,102876000.000000,13691000.000000,-15784000.000000,3.531000,0.077000,13508000.000000,11427000.000000,2081000.000000,13508000.000000,1092000.000000,19600000.000000,0.000000,0.000000,0.000000,-8829000.000000,10771000.000000,0.043000,10771000.000000,-8829000.000000,-15741000.000000,-0.120000,-0.120000,-0.120000,1041220000.000000,1078113250.000000,1041220000.000000,665988881.000000,-75.000000,61.832000,20668000.000000,0.180000,1.000000,237766000.000000,0.946000,533215000.000000,6912000.000000,427272000.000000,436493000.000000,0.000000,397137000.000000,78135000.000000,319002000.000000,80171000.000000,71536000.000000,8635000.000000,-29822000.000000,40992000.000000,-749000.000000,-5934000.000000,,-6683000.000000,-49703000.000000,-84835000.000000,26564000.000000,-1472000.000000,-15784000.000000,-15784000.000000,-15784000.000000,816000.000000,0.000000,-0.063000,245517000.000000,-7751000.000000,38753000.000000,0.000000,0.725000,-47.856000,-54.667000,12263000.000000,0.000000,6.560000,3.004000,3.004000,64382000.000000,277335000.000000,251457000.000000,251457000.000000,0.000000,-0.014000,-0.015000,-0.020000,-0.035000,9785000.000000,218946000.000000,1.000000,115145866.000000,115140000.000000,115140000.000000,2.184000,588176000.000000,2323000.000000,43000.000000,7295000.000000,5.108000
ART,2021-12-31,2022-04-26,2021-12-31,2021-Q4,470200000.000000,599909962.000000,2025-04-28,-520000.000000,1092460000.000000,1162590750.000000,540986000.000000,551474000.000000,0.216000,8.798000,-5896000.000000,102876000.000000,102876000.000000,13691000.000000,-43964000.000000,7.643000,0.078000,13508000.000000,11427000.000000,2081000.000000,13508000.000000,1092000.000000,19600000.000000,0.000000,0.000000,0.000000,-37009000.000000,-17409000.000000,-0.069000,-17409000.000000,-37009000.000000,-43921000.000000,-0.380000,-0.380000,-0.380000,1013039000.000000,1078113250.000000,1013039000.000000,510541962.000000,-14.000000,-29.326000,20668000.000000,0.179000,1.000000,237300000.000000,0.945000,534005000.000000,6912000.000000,398301000.000000,436493000.000000,0.000000,81019000.000000,78135000.000000,2884000.000000,79421000.000000,70786000.000000,8635000.000000,-29822000.000000,40992000.000000,-749000.000000,-5934000.000000,0.000000,-6683000.000000,-49703000.000000,-84835000.000000,26564000.000000,-1472000.000000,-43964000.000000,-43964000.000000,-43964000.000000,816000.000000,0.000000,-0.175000,243511000.000000,-6211000.000000,38378000.000000,0.000000,0.592000,-13.645000,-13.711000,12263000.000000,0.000000,5.210000,2.390000,2.390000,62402000.000000,249155000.000000,250991000.000000,250991000.000000,0.000000,-0.038000,-0.041000,-0.085000,-0.147000,9785000.000000,218196000.000000,1.000000,115145866.000000,115145866.000000,,2.180000,558455000.000000,2323000.000000,43000.000000,7295000.000000,4.850000
ART,2022-03-31,2022-04-28,2022-03-31,2022-Q1,402361000.000000,733014000.000000,2025-04-28,-580000.000000,1074284000.000000,1149548750.000000,466533000.000000,607751000.000000,0.236000,8.656000,-4979000.000000,117786000.000000,117786000.000000,19576000.000000,-54039000.000000,7.270000,0.072000,4623000.000000,3291000.000000,1332000.000000,4623000.000000,2594000.000000,18153000.000000,0.000000,0.000000,0.000000,-34433000.000000,-16280000.000000,-0.060000,-16280000.000000,-34433000.000000,-52561000.000000,-0.480000,-0.460000,-0.480000,1002466000.000000,1065467500.000000,1002466000.000000,619851000.000000,-18.000000,-38.074000,27774000.000000,0.240000,1.000000,251356000.000000,0.928000,532935000.000000,18128000.000000,364014000.000000,430109250.000000,0.000000,187700000.000000,126189000.000000,61511000.000000,71818000.000000,64172000.000000,7646000.000000,-24287000.000000,50000000.000000,-3046000.000000,-7096000.000000,,-10143000.000000,-46901000.000000,-91955000.000000,32753000.000000,-1225000.000000,-54039000.000000,-54039000.000000,-54039000.000000,816000.000000,0.000000,-0.199000,254769000.000000,-3413000.000000,47917000.000000,0.000000,0.731000,-13.565000,-13.188000,10977000.000000,0.000000,6.330000,2.706000,2.706000,46814000.000000,241686000.000000,270932000.000000,270932000.000000,0.000000,-0.047000,-0.051000,-0.080000,-0.127000,11018000.000000,230308000.000000,1.000000,115800000.000000,115815000.000000,116025000.000000,2.339000,541349000.000000,2327000.000000,1478000.000000,7811000.000000,4.674000
ART,2022-06-30,2022-08-30,2022-06-30,2022-Q2,349293000.000000,555390000.000000,2025-04-28,-2653000.000000,1053750000.000000,1115479250.000000,405081000.000000,648669000.000000,0.259000,8.621000,-8460000.000000,139400000.000000,139400000.000000,28767000.000000,-104162000.000000,7.261000,0.065000,3360000.000000,2549000.000000,811000.000000,3360000.000000,1868000.000000,16494000.000000,0.000000,0.000000,0.000000,-67068000.000000,-50574000.000000,-0.175000,-50574000.000000,-67068000.000000,-96989000.000000,-0.920000,-0.900000,-0.920000,989254000.000000,1038726750.000000,989254000.000000,419350000.000000,-6.000000,-8.292000,19665000.000000,0.171000,1.000000,259742000.000000,0.900000,532662000.000000,29921000.000000,329260000.000000,413466250.000000,0.000000,222947000.000000,120490000.000000,102457000.000000,64496000.000000,55788000.000000,8708000.000000,-37378000.000000,82879000.000000,-9869000.000000,-5836000.000000,,-15704000.000000,-49801000.000000,-124269000.000000,28125000.000000,-1703000.000000,-104162000.000000,-104162000.000000,-104162000.000000,816000.000000,0.000000,-0.361000,243999000.000000,15743000.000000,38752000.000000,0.000000,0.561000,-5.332000,-5.261000,11344000.000000,0.000000,4.840000,1.925000,1.925000,52956000.000000,237370000.000000,288509000.000000,288509000.000000,0.000000,-0.093000,-0.100000,-0.162000,-0.232000,10821000.000000,221020000.000000,1.000000,114750000.000000,114750000.000000,114750000.000000,2.514000,521088000.000000,2206000.000000,7173000.000000,11459000.000000,4.541000
ART,2022-09-30,2022-10-27,2022-09-30,2022-Q3,318739000.000000,492499474.000000,2025-04-28,-5065000.000000,1072270000.000000,1080423750.000000,387859000.000000,684411000.000000,0.284000,8.741000,-9221000.000000,166071000.000000,166071000.000000,41176000.000000,-118278000.000000,5.611000,0.079000,3934000.000000,3378000.000000,556000.000000,3934000.000000,1509000.000000,15004000.000000,0.000000,0.000000,0.000000,-72437000.000000,-57433000.000000,-0.187000,-57433000.000000,-72437000.000000,-106326000.000000,-1.040000,-1.020000,-1.040000,993588000.000000,1006632000.000000,993588000.000000,330362474.000000,-5.000000,-5.752000,40372000.000000,0.355000,1.000000,265996000.000000,0.866000,532248000.000000,33889000.000000,308765000.000000,357327750.000000,0.000000,205990000.000000,67228000.000000,138762000.000000,78683000.000000,69120000.000000,9563000.000000,78222000.000000,86879000.000000,-14247000.000000,-4834000.000000,,-19079000.000000,47708000.000000,-30765000.000000,49593000.000000,-2116000.000000,-118278000.000000,-118278000.000000,-118278000.000000,816000.000000,0.000000,-0.385000,233458000.000000,32538000.000000,41012000.000000,0.000000,0.496000,-4.164000,-4.183000,11334000.000000,0.000000,4.350000,1.603000,1.610000,62742000.000000,248495000.000000,307172000.000000,307172000.000000,0.000000,-0.109000,-0.117000,-0.203000,-0.236000,8898000.000000,211829000.000000,1.000000,113218270.000000,113675000.000000,113970000.000000,2.702000,540022000.000000,2068000.000000,11952000.000000,16053000.000000,4.751000
ART,2022-12-31,2023-02-27,2022-12-31,2022-Q4,275883000.000000,838214450.000000,2025-04-28,-3385000.000000,964686000.000000,1041247500.000000,340213000.000000,624473000.000000,0.318000,8.113000,-9976000.000000,52414000.000000,52414000.000000,54588000.000000,15035000.000000,5.289000,0.086000,7835000.000000,3112000.000000,4723000.000000,7835000.000000,995000.000000,13939000.000000,0.000000,0.090000,0.800000,62391000.000000,76330000.000000,0.231000,76330000.000000,62391000.000000,23870000.000000,0.140000,0.140000,0.140000,888213000.000000,968380250.000000,888213000.000000,793635450.000000,13.000000,10.397000,46686000.000000,0.426000,1.000000,276449000.000000,0.835000,529428000.000000,38521000.000000,326349000.000000,332097000.000000,0.000000,201545000.000000,122597000.000000,78948000.000000,76472000.000000,64330000.000000,12142000.000000,-49465000.000000,36879000.000000,-146068000.000000,-4508000.000000,,-150578000.000000,44450000.000000,16178000.000000,56662000.000000,-996000.000000,15035000.000000,15035000.000000,15035000.000000,0.000000,0.000000,0.045000,235849000.000000,40600000.000000,46937000.000000,5.714000,0.944000,55.751000,63.786000,14623000.000000,0.000000,8.930000,2.532000,2.953000,75170000.000000,273262000.000000,331037000.000000,331037000.000000,0.000000,0.014000,0.016000,0.188000,0.188000,9073000.000000,216281000.000000,1.000000,93865000.000000,109480000.000000,110335000.000000,3.024000,435258000.000000,1473000.000000,8835000.000000,8485000.000000,3.976000
ART,2022-12-31,2023-04-20,2022-12-31,2022-Q4,275883000.000000,971552668.000000,2025-04-28,-3385000.000000,964686000.000000,1041247500.000000,340213000.000000,624473000.000000,0.318000,9.956000,-9976000.000000,52414000.000000,52414000.000000,54588000.000000,15035000.000000,5.289000,0.086000,7835000.000000,3112000.000000,4723000.000000,7835000.000000,995000.000000,13939000.000000,0.000000,0.073000,0.800000,63599000.000000,77538000.000000,0.234000,77538000.000000,63599000.000000,23870000.000000,0.140000,0.140000,0.140000,888213000.000000,968380250.000000,888213000.000000,926973668.000000,15.000000,11.955000,46686000.000000,0.523000,1.000000,276449000.000000,0.835000,529428000.000000,39729000.000000,326349000.000000,332097000.000000,0.000000,201545000.000000,122597000.000000,78948000.000000,76472000.000000,64330000.000000,12142000.000000,-49465000.000000,36879000.000000,-146068000.000000,-4508000.000000,0.000000,-150578000.000000,44450000.000000,16178000.000000,56662000.000000,-996000.000000,15035000.000000,15035000.000000,15035000.000000,0.000000,0.000000,0.045000,234642000.000000,41807000.000000,46937000.000000,5.714000,1.094000,64.619000,77.786000,14623000.000000,0.000000,10.890000,2.935000,2.935000,75170000.000000,273262000.000000,331037000.000000,331037000.000000,0.000000,0.014000,0.016000,0.192000,0.192000,9073000.000000,216591000.000000,1.000000,89215121.000000,89215121.000000,,3.711000,435258000.000000,1473000.000000,8835000.000000,8485000.000000,4.879000
ART,2023-03-31,2023-04-27,2023-03-31,2023-Q1,272309000.000000,879555598.000000,2025-04-28,-3334000.000000,911550000.000000,1000564000.000000,337781000.000000,573769000.000000,0.346000,9.283000,-10402000.000000,84843000.000000,84843000.000000,63434000.000000,39948000.000000,5.159000,0.094000,6953000.000000,2468000.000000,4485000.000000,6953000.000000,6971000.000000,13729000.000000,0.000000,0.082000,0.800000,81599000.000000,95328000.000000,0.275000,95328000.000000,81599000.000000,51445000.000000,0.400000,0.400000,0.400000,833455000.000000,926127500.000000,833455000.000000,801665598.000000,10.000000,8.410000,58523000.000000,0.652000,1.000000,283070000.000000,0.817000,528990000.000000,30154000.000000,239198000.000000,300893000.000000,0.000000,59352000.000000,29246000.000000,30106000.000000,78095000.000000,65472000.000000,12623000.000000,-32168000.000000,,-145487000.000000,-4523000.000000,,-162284000.000000,61192000.000000,32795000.000000,68925000.000000,-774000.000000,39948000.000000,39948000.000000,39948000.000000,0.000000,0.000000,0.115000,228655000.000000,54415000.000000,42862000.000000,2.000000,1.055000,22.018000,24.475000,13183000.000000,0.000000,9.790000,2.538000,2.537000,56288000.000000,220917000.000000,346504000.000000,346504000.000000,0.000000,0.040000,0.043000,0.271000,0.235000,10539000.000000,209124000.000000,1.000000,89842247.000000,89785000.000000,90640000.000000,3.859000,382560000.000000,1491000.000000,11497000.000000,11416000.000000,4.261000
ART,2023-06-30,2023-08-24,2023-06-30,2023-Q2,272035000.000000,1149094121.000000,2025-04-28,-4553000.000000,908543000.000000,964262250.000000,354546000.000000,553997000.000000,0.376000,9.083000,-7111000.000000,98155000.000000,98155000.000000,74157000.000000,59321000.000000,4.297000,0.113000,8060000.000000,2787000.000000,5273000.000000,8060000.000000,4845000.000000,13664000.000000,0.000000,0.094000,1.200000,83117000.000000,96781000.000000,0.267000,96781000.000000,83117000.000000,68224000.000000,0.620000,0.600000,0.620000,816493000.000000,882937250.000000,816493000.000000,1058999121.000000,13.000000,10.942000,75707000.000000,0.842000,1.000000,288647000.000000,0.796000,528617000.000000,14893000.000000,207320000.000000,270408000.000000,0.000000,34679000.000000,24545000.000000,10134000.000000,92050000.000000,82511000.000000,9539000.000000,-40076000.000000,4000000.000000,-138270000.000000,-4553000.000000,,-155098000.000000,32203000.000000,32548000.000000,82818000.000000,-1168000.000000,59321000.000000,59321000.000000,59321000.000000,0.000000,0.000000,0.164000,232937000.000000,55710000.000000,47242000.000000,1.935000,1.407000,19.371000,20.613000,13852000.000000,0.000000,12.780000,3.167000,3.167000,60139000.000000,204780000.000000,362804000.000000,362804000.000000,0.000000,0.062000,0.067000,0.307000,0.229000,12760000.000000,213972000.000000,1.000000,89913468.000000,89895000.000000,91315000.000000,4.036000,379926000.000000,1393000.000000,8903000.000000,10435000.000000,4.226000
ART,2023-09-30,2023-10-26,2023-09-30,2023-Q3,279271000.000000,1053446250.000000,2025-04-28,-5515000.000000,900959000.000000,921434500.000000,354879000.000000,546080000.000000,0.413000,9.140000,-6888000.000000,83505000.000000,83505000.000000,83660000.000000,66773000.000000,4.694000,0.099000,8482000.000000,2888000.000000,5594000.000000,8482000.000000,3188000.000000,13431000.000000,0.000000,0.102000,1.200000,80965000.000000,94396000.000000,0.248000,94396000.000000,80965000.000000,70727000.000000,0.720000,0.700000,0.720000,819458000.000000,839404750.000000,819458000.000000,978423250.000000,12.000000,10.365000,74131000.000000,0.827000,1.000000,296436000.000000,0.780000,527278000.000000,10238000.000000,223050000.000000,248979250.000000,0.000000,34979000.000000,32449000.000000,2530000.000000,81501000.000000,75608000.000000,5893000.000000,-81460000.000000,,-151121000.000000,-4561000.000000,,-178789000.000000,16309000.000000,20357000.000000,81019000.000000,-1106000.000000,66773000.000000,66773000.000000,66773000.000000,0.000000,0.000000,0.176000,240822000.000000,55614000.000000,46835000.000000,1.667000,1.286000,15.777000,16.319000,14565000.000000,0.000000,11.750000,2.772000,2.772000,65237000.000000,225937000.000000,380096000.000000,380096000.000000,0.000000,0.072000,0.080000,0.325000,0.213000,14835000.000000,220871000.000000,1.000000,89655000.000000,89655000.000000,91215000.000000,4.240000,373681000.000000,1708000.000000,3954000.000000,10606000.000000,4.168000
ART,2023-12-31,2024-02-29,2023-12-31,2023-Q4,127050000.000000,1065972699.000000,2025-04-28,-4127000.000000,1027050000.000000,937025500.000000,208461000.000000,818589000.000000,0.423000,10.486000,-6154000.000000,93863000.000000,93863000.000000,93250000.000000,169408000.000000,2.561000,0.097000,10546000.000000,3770000.000000,6776000.000000,10546000.000000,10272000.000000,13165000.000000,0.000000,0.066000,0.800000,176749000.000000,189914000.000000,0.479000,189914000.000000,176749000.000000,176105000.000000,1.900000,1.860000,1.900000,935957000.000000,851340750.000000,935957000.000000,982655699.000000,6.000000,5.174000,76607000.000000,0.858000,1.000000,303577000.000000,0.765000,528926000.000000,644000.000000,333396000.000000,250741000.000000,0.000000,305253000.000000,32797000.000000,272456000.000000,91093000.000000,81411000.000000,9682000.000000,42918000.000000,0.000000,-32301000.000000,-4437000.000000,-23105000.000000,-59843000.000000,19999000.000000,23414000.000000,82761000.000000,-1469000.000000,169408000.000000,169408000.000000,169408000.000000,0.000000,0.000000,0.427000,240685000.000000,62892000.000000,52247000.000000,0.421000,1.139000,6.292000,6.411000,16074000.000000,0.000000,12.180000,2.686000,2.740000,77142000.000000,461271000.000000,396827000.000000,396827000.000000,0.000000,0.181000,0.199000,0.705000,0.445000,14926000.000000,222840000.000000,1.000000,87518284.000000,89255000.000000,90920000.000000,4.446000,498124000.000000,1133000.000000,6697000.000000,4651000.000000,5.581000
ART,2023-12-31,2024-04-24,2023-12-31,2023-Q4,127050000.000000,1268139935.000000,2025-04-28,-4127000.000000,1010943000.000000,937025500.000000,208461000.000000,802482000.000000,0.423000,10.510000,-6154000.000000,93863000.000000,93863000.000000,93250000.000000,153301000.000000,2.561000,0.099000,10546000.000000,3770000.000000,6776000.000000,10546000.000000,10272000.000000,13165000.000000,0.000000,0.055000,0.800000,160642000.000000,173807000.000000,0.438000,173807000.000000,160642000.000000,159998000.000000,1.720000,1.680000,1.720000,919850000.000000,851340750.000000,919850000.000000,1184822935.000000,7.000000,6.817000,76607000.000000,0.875000,1.000000,303577000.000000,0.765000,528926000.000000,644000.000000,317289000.000000,250741000.000000,0.000000,289146000.000000,32797000.000000,256349000.000000,91093000.000000,81411000.000000,9682000.000000,42918000.000000,0.000000,-32301000.000000,-4437000.000000,-23105000.000000,-59843000.000000,19999000.000000,23414000.000000,82761000.000000,-1469000.000000,153301000.000000,153301000.000000,153301000.000000,0.000000,0.000000,0.386000,240686000.000000,62891000.000000,52247000.000000,0.465000,1.379000,8.272000,8.424000,16074000.000000,0.000000,14.490000,3.196000,3.196000,77142000.000000,445164000.000000,396827000.000000,396827000.000000,0.000000,0.164000,0.180000,0.641000,0.405000,14926000.000000,223539000.000000,1.000000,87518284.000000,87518284.000000,,4.534000,482017000.000000,1133000.000000,6697000.000000,4651000.000000,5.508000
ART,2024-03-31,2024-04-25,2024-03-31,2024-Q1,91759000.000000,1202988000.000000,2025-04-28,-4373000.000000,997984000.000000,958634000.000000,175190000.000000,822794000.000000,0.429000,10.199000,-26392000.000000,91338000.000000,91338000.000000,100372000.000000,152662000.000000,2.100000,0.106000,10723000.000000,3781000.000000,6942000.000000,10723000.000000,7703000.000000,12858000.000000,0.000000,0.059000,0.800000,161132000.000000,173990000.000000,0.423000,173990000.000000,161132000.000000,160719000.000000,1.700000,1.660000,1.700000,902157000.000000,868516250.000000,902157000.000000,1122373000.000000,7.000000,6.451000,61664000.000000,0.697000,1.000000,311275000.000000,0.756000,528490000.000000,413000.000000,305448000.000000,267303500.000000,0.000000,264113000.000000,7751000.000000,256362000.000000,95827000.000000,83431000.000000,12396000.000000,9451000.000000,,-29837000.000000,-4631000.000000,-20706000.000000,-55173000.000000,-23434000.000000,0.000000,88056000.000000,-2954000.000000,152662000.000000,152662000.000000,152662000.000000,0.000000,0.000000,0.371000,242760000.000000,68515000.000000,52716000.000000,0.471000,1.333000,7.880000,8.000000,36781000.000000,0.000000,13.600000,2.922000,2.922000,68872000.000000,462724000.000000,411647000.000000,411647000.000000,0.000000,0.159000,0.176000,0.603000,0.391000,13651000.000000,228596000.000000,1.000000,88455000.000000,88455000.000000,89245000.000000,4.654000,469494000.000000,1161000.000000,8057000.000000,10638000.000000,5.308000
ART,2024-06-30,2024-08-22,2024-06-30,2024-Q2,112336000.000000,1283638453.000000,2025-04-28,-4292000.000000,1007904000.000000,983474250.000000,186681000.000000,821223000.000000,0.434000,10.427000,-28086000.000000,104356000.000000,104356000.000000,105463000.000000,158428000.000000,2.511000,0.093000,9679000.000000,3641000.000000,6038000.000000,9679000.000000,5130000.000000,13514000.000000,0.000000,0.055000,0.800000,168668000.000000,182182000.000000,0.426000,182182000.000000,168668000.000000,168162000.000000,,,,922445000.000000,895004250.000000,922445000.000000,1188961453.000000,7.000000,6.526000,61869000.000000,0.699000,1.000000,321784000.000000,0.753000,529072000.000000,506000.000000,309810000.000000,292926000.000000,0.000000,263703000.000000,7818000.000000,255885000.000000,85459000.000000,74345000.000000,11114000.000000,10004000.000000,500000.000000,-30231000.000000,-4250000.000000,-20706000.000000,-55316000.000000,-24637000.000000,0.000000,89955000.000000,-3802000.000000,158428000.000000,158428000.000000,158428000.000000,0.000000,0.000000,0.371000,243862000.000000,77922000.000000,52992000.000000,,1.392000,8.102000,,35038000.000000,0.000000,14.510000,3.004000,3.004000,70638000.000000,482931000.000000,427247000.000000,427247000.000000,0.000000,0.161000,0.177000,0.576000,0.395000,11974000.000000,230462000.000000,1.000000,88465779.000000,88465779.000000,,4.830000,478832000.000000,1228000.000000,9734000.000000,8531000.000000,5.413000
ART,2024-09-30,2024-10-29,2024-09-30,2024-Q3,101495000.000000,1643076460.000000,2025-04-28,-2823000.000000,1012665000.000000,1011400750.000000,193424000.000000,819241000.000000,0.443000,10.304000,-30272000.000000,106005000.000000,106005000.000000,113329000.000000,159532000.000000,2.104000,0.111000,8961000.000000,3523000.000000,5438000.000000,8961000.000000,3471000.000000,14455000.000000,0.000000,0.043000,0.800000,174425000.000000,188880000.000000,0.422000,188880000.000000,174425000.000000,173894000.000000,,,,911692000.000000,918062750.000000,911692000.000000,1546032460.000000,9.000000,8.185000,78346000.000000,0.885000,1.000000,334489000.000000,0.747000,527726000.000000,531000.000000,295966000.000000,311155000.000000,0.000000,255926000.000000,0.000000,255926000.000000,100973000.000000,91929000.000000,9044000.000000,26772000.000000,,-13001000.000000,-4269000.000000,-37443000.000000,-54958000.000000,-26890000.000000,0.000000,108618000.000000,-4270000.000000,159532000.000000,159532000.000000,159532000.000000,0.000000,0.000000,0.356000,249460000.000000,85029000.000000,63678000.000000,,1.802000,10.299000,,34490000.000000,0.000000,18.570000,3.669000,3.669000,79159000.000000,506107000.000000,447818000.000000,447818000.000000,0.000000,0.158000,0.174000,0.561000,0.389000,11713000.000000,237252000.000000,1.000000,88480154.000000,88480154.000000,,5.061000,484939000.000000,1099000.000000,14362000.000000,11715000.000000,5.481000
ART,2024-12-31,2025-02-27,2024-12-31,2024-Q4,130811000.000000,1590873169.000000,2025-04-28,-4938000.000000,1055585000.000000,1018534500.000000,231904000.000000,823681000.000000,0.472000,10.627000,-30607000.000000,126797000.000000,126797000.000000,132559000.000000,80771000.000000,2.294000,0.123000,9586000.000000,3955000.000000,5631000.000000,9586000.000000,5441000.000000,15582000.000000,0.000000,0.044000,0.800000,98999000.000000,114581000.000000,0.238000,114581000.000000,98999000.000000,98413000.000000,0.910000,0.900000,0.910000,940100000.000000,919098500.000000,940100000.000000,1473662169.000000,15.000000,12.861000,74370000.000000,0.841000,1.000000,348089000.000000,0.724000,527251000.000000,586000.000000,310030000.000000,305313500.000000,0.000000,261308000.000000,0.000000,261308000.000000,115484000.000000,101093000.000000,14391000.000000,35720000.000000,-1250000.000000,0.000000,-4181000.000000,-37435000.000000,-42146000.000000,-27112000.000000,1333000.000000,104977000.000000,-2785000.000000,80771000.000000,80771000.000000,80771000.000000,0.000000,0.000000,0.168000,255827000.000000,92262000.000000,75285000.000000,0.879000,1.692000,19.696000,19.758000,34058000.000000,0.000000,17.980000,3.310000,3.309000,97383000.000000,536623000.000000,480648000.000000,480648000.000000,0.000000,0.079000,0.088000,0.324000,0.206000,8631000.000000,243283000.000000,1.000000,88480154.000000,88463000.000000,89676000.000000,5.433000,528334000.000000,1063000.000000,17642000.000000,11879000.000000,5.972000
ART,2024-12-31,2025-04-10,2024-12-31,2024-Q4,130811000.000000,1321008699.000000,2025-04-28,-4938000.000000,1055585000.000000,1018534500.000000,231904000.000000,823681000.000000,0.472000,10.625000,-30607000.000000,126797000.000000,126797000.000000,132559000.000000,80771000.000000,2.294000,0.123000,9586000.000000,3955000.000000,5631000.000000,9586000.000000,5441000.000000,15582000.000000,0.000000,0.054000,0.800000,98999000.000000,114581000.000000,0.238000,114581000.000000,98999000.000000,98413000.000000,0.910000,0.900000,0.910000,940100000.000000,919098500.000000,940100000.000000,1203797699.000000,12.000000,10.506000,74370000.000000,0.841000,1.000000,348089000.000000,0.724000,527251000.000000,586000.000000,310030000.000000,305313500.000000,0.000000,261308000.000000,0.000000,261308000.000000,115484000.000000,101093000.000000,14391000.000000,35720000.000000,-1250000.000000,0.000000,-4181000.000000,-37435000.000000,-42146000.000000,-27112000.000000,1333000.000000,104977000.000000,-2785000.000000,80771000.000000,80771000.000000,80771000.000000,0.000000,0.000000,0.168000,255827000.000000,92262000.000000,75285000.000000,0.879000,1.405000,16.355000,16.407000,34058000.000000,0.000000,14.930000,2.748000,2.748000,97383000.000000,536623000.000000,480648000.000000,480648000.000000,0.000000,0.079000,0.088000,0.324000,0.206000,8631000.000000,243283000.000000,1.000000,88480154.000000,88480154.000000,,5.432000,528334000.000000,1063000.000000,17642000.000000,11879000.000000,5.971000
ART,2025-03-31,2025-04-28,2025-03-31,2025-Q1,117642000.000000,1479449117.000000,2025-04-28,-3786000.000000,1043099000.000000,1029813250.000000,218578000.000000,824521000.000000,0.506000,10.388000,-11810000.000000,103546000.000000,103546000.000000,159236000.000000,84215000.000000,2.166000,0.122000,9550000.000000,4095000.000000,5455000.000000,9550000.000000,4391000.000000,16945000.000000,0.000000,0.048000,0.800000,100300000.000000,117245000.000000,0.225000,117245000.000000,100300000.000000,99736000.000000,,,,929576000.000000,925953250.000000,929576000.000000,1385453117.000000,14.000000,11.817000,78090000.000000,0.873000,1.000000,362258000.000000,0.695000,527854000.000000,564000.000000,320313000.000000,309029750.000000,0.000000,262630000.000000,0.000000,262630000.000000,113524000.000000,100936000.000000,12588000.000000,12722000.000000,,,-4054000.000000,-62956000.000000,-67517000.000000,-9662000.000000,,89900000.000000,-513000.000000,84215000.000000,84215000.000000,84215000.000000,0.000000,0.000000,0.161000,268498000.000000,93760000.000000,68592000.000000,,1.592000,17.568000,,32897000.000000,0.000000,16.530000,2.837000,2.836000,108479000.000000,560340000.000000,521494000.000000,521494000.000000,0.000000,0.082000,0.091000,0.325000,0.192000,12235000.000000,247274000.000000,1.000000,89500854.000000,89486000.000000,,5.828000,515245000.000000,1140000.000000,15521000.000000,14558000.000000,5.758000
ARY,2017-12-31,2018-07-26,2017-12-31,2017-FY,37461000.000000,,2025-04-28,0.000000,636300000.000000,,74311000.000000,561989000.000000,,5.296000,2193000.000000,33207000.000000,33207000.000000,1303000.000000,6064000.000000,2.017000,0.090000,6105000.000000,2073000.000000,4032000.000000,6105000.000000,1472000.000000,16604000.000000,0.000000,,0.000000,7742000.000000,24346000.000000,0.181000,24346000.000000,7742000.000000,7504000.000000,,,,583503000.000000,,583503000.000000,,,,13846000.000000,0.126000,1.000000,133050000.000000,0.990000,540198000.000000,238000.000000,32150000.000000,,0.000000,7374000.000000,0.000000,7374000.000000,52797000.000000,36850000.000000,15947000.000000,-1683000.000000,-6896000.000000,0.000000,-10031000.000000,0.000000,-10031000.000000,-3305000.000000,-500000.000000,11653000.000000,709000.000000,6064000.000000,6064000.000000,6064000.000000,0.000000,0.000000,0.045000,122811000.000000,10239000.000000,21401000.000000,,,,,13460000.000000,0.000000,,,,38937000.000000,5366000.000000,134353000.000000,134353000.000000,0.000000,,,,0.058000,7006000.000000,102967000.000000,1.000000,110179545.000000,110179545.000000,,1.219000,96102000.000000,958000.000000,1440000.000000,15537000.000000,0.872000
ARY,2018-12-31,2019-02-21,2018-12-31,2018-FY,204088000.000000,934322542.000000,2025-04-28,0.000000,825303000.000000,730801500.000000,238090000.000000,587213000.000000,0.236000,7.654000,,177873000.000000,177873000.000000,13316000.000000,35160000.000000,7.002000,0.064000,4761000.000000,2490000.000000,2271000.000000,4761000.000000,1932000.000000,,0.000000,0.000000,0.000000,43336000.000000,,,,43336000.000000,41641000.000000,0.348000,0.336000,0.348000,775460000.000000,679481500.000000,775460000.000000,761210542.000000,18.000000,,,,1.000000,158960000.000000,0.923000,537022000.000000,1695000.000000,81167000.000000,56658500.000000,0.000000,38339000.000000,1254000.000000,37085000.000000,49843000.000000,34002000.000000,15841000.000000,,,,,,,,,,,35160000.000000,35160000.000000,35160000.000000,0.000000,0.000000,0.204000,113659000.000000,45301000.000000,17957000.000000,0.000000,1.205000,26.573000,24.368000,12162000.000000,0.000000,8.480000,5.423000,4.987000,44591000.000000,36432000.000000,172276000.000000,172276000.000000,0.000000,0.048000,0.052000,0.765000,0.252000,,100965000.000000,1.000000,110179545.000000,101310000.000000,104365000.000000,1.700000,288281000.000000,944000.000000,6481000.000000,15278000.000000,2.846000
ARY,2018-12-31,2019-04-17,2018-12-31,2018-FY,204088000.000000,983430182.000000,2025-04-28,316000.000000,825303000.000000,730801500.000000,238090000.000000,587213000.000000,0.236000,7.093000,-6748000.000000,177873000.000000,177873000.000000,13316000.000000,35160000.000000,7.002000,0.064000,4761000.000000,2490000.000000,2271000.000000,4761000.000000,1932000.000000,12694000.000000,0.000000,0.000000,0.000000,43336000.000000,56030000.000000,0.325000,56030000.000000,43336000.000000,41641000.000000,0.348000,0.336000,0.348000,775460000.000000,679481500.000000,775460000.000000,810318182.000000,19.000000,14.462000,27080000.000000,0.248000,1.000000,158960000.000000,0.923000,537022000.000000,1695000.000000,81167000.000000,56658500.000000,0.000000,38339000.000000,1254000.000000,37085000.000000,49843000.000000,34002000.000000,15841000.000000,145524000.000000,-38423000.000000,163004000.000000,-4058000.000000,0.000000,158946000.000000,-47250000.000000,-4588000.000000,33828000.000000,-857000.000000,35160000.000000,35160000.000000,35160000.000000,0.000000,0.000000,0.204000,113659000.000000,45301000.000000,17957000.000000,0.000000,1.268000,27.970000,25.848000,12162000.000000,0.000000,8.995000,5.708000,5.708000,44591000.000000,36432000.000000,172276000.000000,172276000.000000,0.000000,0.048000,0.052000,0.765000,0.252000,6439000.000000,100965000.000000,1.000000,109330760.000000,109330760.000000,,1.576000,288281000.000000,944000.000000,6481000.000000,15278000.000000,2.637000
ARY,2019-12-31,2020-02-25,2019-12-31,2019-FY,289757000.000000,847850852.000000,2025-04-28,-1508000.000000,1060620000.000000,934956500.000000,418327000.000000,642293000.000000,0.358000,8.122000,0.000000,139487000.000000,139487000.000000,73991000.000000,57899000.000000,3.254000,0.163000,56974000.000000,47793000.000000,9181000.000000,56974000.000000,708000.000000,,0.000000,0.000000,0.000000,65006000.000000,,,,65006000.000000,63501000.000000,0.520000,0.500000,0.520000,912206000.000000,836471500.000000,912206000.000000,765337852.000000,12.000000,,-41312000.000000,-0.368000,1.000000,260864000.000000,0.779000,532385000.000000,1505000.000000,317152000.000000,204152000.000000,7752000.000000,214447000.000000,136796000.000000,77651000.000000,148414000.000000,128570000.000000,19844000.000000,-38247000.000000,,,,,111897000.000000,-108832000.000000,,-41312000.000000,-138000.000000,57899000.000000,57899000.000000,57899000.000000,0.000000,0.000000,0.173000,240201000.000000,20663000.000000,57125000.000000,0.000000,0.929000,14.644000,13.712000,26053000.000000,0.000000,7.130000,2.532000,2.392000,108483000.000000,99513000.000000,334855000.000000,334855000.000000,0.000000,0.062000,0.069000,0.318000,0.194000,,166389000.000000,1.000000,118913163.000000,112315000.000000,112415000.000000,2.981000,528235000.000000,6204000.000000,5602000.000000,18329000.000000,4.703000
ARY,2019-12-31,2020-04-30,2019-12-31,2019-FY,289757000.000000,683750687.000000,2025-04-28,-1508000.000000,1060620000.000000,934956500.000000,418327000.000000,642293000.000000,0.358000,7.671000,-13035000.000000,139487000.000000,139487000.000000,73991000.000000,57899000.000000,3.254000,0.163000,56974000.000000,47793000.000000,9181000.000000,56974000.000000,708000.000000,18934000.000000,0.000000,0.000000,0.000000,65006000.000000,83940000.000000,0.251000,83940000.000000,65006000.000000,63501000.000000,0.520000,0.500000,0.520000,912206000.000000,836471500.000000,912206000.000000,601237687.000000,9.000000,7.163000,-57499000.000000,-0.484000,1.000000,260864000.000000,0.779000,532385000.000000,1505000.000000,317152000.000000,204152000.000000,7752000.000000,214447000.000000,136796000.000000,77651000.000000,148414000.000000,128570000.000000,19844000.000000,-38248000.000000,-58702000.000000,75486000.000000,37715000.000000,0.000000,113200000.000000,-106987000.000000,-35250000.000000,-44464000.000000,-137000.000000,57899000.000000,57899000.000000,57899000.000000,0.000000,0.000000,0.173000,185899000.000000,74965000.000000,57125000.000000,0.000000,0.750000,11.809000,11.058000,26053000.000000,0.000000,5.750000,2.042000,2.042000,108483000.000000,99513000.000000,334855000.000000,334855000.000000,0.000000,0.062000,0.069000,0.318000,0.194000,5118000.000000,166389000.000000,1.000000,118913163.000000,118913163.000000,,2.816000,528235000.000000,6204000.000000,5602000.000000,18329000.000000,4.442000
ARY,2020-12-31,2021-02-25,2020-12-31,2020-FY,141960000.000000,1486271500.000000,2025-04-28,1343000.000000,1107652000.000000,1053689500.000000,187508000.000000,920144000.000000,0.166000,8.924000,-9037000.000000,134168000.000000,134168000.000000,12112000.000000,176052000.000000,4.117000,0.058000,8973000.000000,5389000.000000,3584000.000000,8973000.000000,345000.000000,20390000.000000,0.000000,0.000000,0.000000,177257000.000000,197647000.000000,1.131000,197647000.000000,177257000.000000,176741000.000000,1.500000,1.480000,1.500000,1046707000.000000,962412500.000000,1046707000.000000,1361076500.000000,8.000000,6.886000,84287000.000000,0.719000,1.000000,162641000.000000,0.931000,536915000.000000,516000.000000,399994000.000000,345191750.000000,0.000000,361990000.000000,924000.000000,361066000.000000,60945000.000000,45548000.000000,15397000.000000,-4692000.000000,-44582000.000000,-49049000.000000,-51923000.000000,,-100972000.000000,2956000.000000,58535000.000000,93324000.000000,-627000.000000,176052000.000000,176052000.000000,176052000.000000,-141742000.000000,0.000000,1.007000,159459000.000000,3182000.000000,25454000.000000,0.000000,1.420000,8.442000,8.633000,18167000.000000,0.000000,12.950000,8.505000,8.691000,43356000.000000,280211000.000000,174753000.000000,174753000.000000,0.000000,0.167000,0.183000,0.514000,1.014000,4521000.000000,130833000.000000,1.000000,114770000.000000,117285000.000000,118695000.000000,1.490000,570737000.000000,3996000.000000,689000.000000,13066000.000000,4.866000
ARY,2021-12-31,2022-02-17,2021-12-31,2021-FY,181071000.000000,755356881.000000,2025-04-28,-520000.000000,1121391000.000000,1162590750.000000,252607000.000000,868784000.000000,0.216000,9.043000,-5896000.000000,102876000.000000,102876000.000000,13691000.000000,-15784000.000000,3.531000,0.077000,13508000.000000,11427000.000000,2081000.000000,13508000.000000,1092000.000000,19600000.000000,0.000000,0.000000,0.000000,-8829000.000000,10771000.000000,0.043000,10771000.000000,-8829000.000000,-15741000.000000,-0.120000,-0.120000,-0.120000,1041220000.000000,1078113250.000000,1041220000.000000,665988881.000000,-75.000000,61.832000,20668000.000000,0.180000,1.000000,237766000.000000,0.946000,533215000.000000,6912000.000000,427272000.000000,436493000.000000,0.000000,397137000.000000,78135000.000000,319002000.000000,80171000.000000,71536000.000000,8635000.000000,-29822000.000000,40992000.000000,-749000.000000,-5934000.000000,,-6683000.000000,-49703000.000000,-84835000.000000,26564000.000000,-1472000.000000,-15784000.000000,-15784000.000000,-15784000.000000,816000.000000,0.000000,-0.063000,245517000.000000,-7751000.000000,38753000.000000,0.000000,0.725000,-47.856000,-54.667000,12263000.000000,0.000000,6.560000,3.004000,3.004000,64382000.000000,277335000.000000,251457000.000000,251457000.000000,0.000000,-0.014000,-0.015000,-0.020000,-0.035000,9785000.000000,218946000.000000,1.000000,115145866.000000,115140000.000000,115140000.000000,2.184000,588176000.000000,2323000.000000,43000.000000,7295000.000000,5.108000
ARY,2021-12-31,2022-04-26,2021-12-31,2021-FY,470200000.000000,599909962.000000,2025-04-28,-520000.000000,1092460000.000000,1162590750.000000,540986000.000000,551474000.000000,0.216000,8.798000,-5896000.000000,102876000.000000,102876000.000000,13691000.000000,-43964000.000000,7.643000,0.078000,13508000.000000,11427000.000000,2081000.000000,13508000.000000,1092000.000000,19600000.000000,0.000000,0.000000,0.000000,-37009000.000000,-17409000.000000,-0.069000,-17409000.000000,-37009000.000000,-43921000.000000,-0.380000,-0.380000,-0.380000,1013039000.000000,1078113250.000000,1013039000.000000,510541962.000000,-14.000000,-29.326000,20668000.000000,0.179000,1.000000,237300000.000000,0.945000,534005000.000000,6912000.000000,398301000.000000,436493000.000000,0.000000,81019000.000000,78135000.000000,2884000.000000,79421000.000000,70786000.000000,8635000.000000,-29822000.000000,40992000.000000,-749000.000000,-5934000.000000,0.000000,-6683000.000000,-49703000.000000,-84835000.000000,26564000.000000,-1472000.000000,-43964000.000000,-43964000.000000,-43964000.000000,816000.000000,0.000000,-0.175000,243511000.000000,-6211000.000000,38378000.000000,0.000000,0.592000,-13.645000,-13.711000,12263000.000000,0.000000,5.210000,2.390000,2.390000,62402000.000000,249155000.000000,250991000.000000,250991000.000000,0.000000,-0.038000,-0.041000,-0.085000,-0.147000,9785000.000000,218196000.000000,1.000000,115145866.000000,115145866.000000,,2.180000,558455000.000000,2323000.000000,43000.000000,7295000.000000,4.850000
ARY,2022-12-31,2023-02-27,2022-12-31,2022-FY,275883000.000000,838214450.000000,2025-04-28,-3385000.000000,964686000.000000,1041247500.000000,340213000.000000,624473000.000000,0.318000,8.113000,-9976000.000000,52414000.000000,52414000.000000,54588000.000000,15035000.000000,5.289000,0.086000,7835000.000000,3112000.000000,4723000.000000,7835000.000000,995000.000000,13939000.000000,0.000000,0.090000,0.800000,62391000.000000,76330000.000000,0.231000,76330000.000000,62391000.000000,23870000.000000,0.140000,0.140000,0.140000,888213000.000000,968380250.000000,888213000.000000,793635450.000000,13.000000,10.397000,46686000.000000,0.426000,1.000000,276449000.000000,0.835000,529428000.000000,38521000.000000,326349000.000000,332097000.000000,0.000000,201545000.000000,122597000.000000,78948000.000000,76472000.000000,64330000.000000,12142000.000000,-49465000.000000,36879000.000000,-146068000.000000,-4508000.000000,,-150578000.000000,44450000.000000,16178000.000000,56662000.000000,-996000.000000,15035000.000000,15035000.000000,15035000.000000,0.000000,0.000000,0.045000,235849000.000000,40600000.000000,46937000.000000,5.714000,0.944000,55.751000,63.786000,14623000.000000,0.000000,8.930000,2.532000,2.953000,75170000.000000,273262000.000000,331037000.000000,331037000.000000,0.000000,0.014000,0.016000,0.188000,0.188000,9073000.000000,216281000.000000,1.000000,93865000.000000,109480000.000000,110335000.000000,3.024000,435258000.000000,1473000.000000,8835000.000000,8485000.000000,3.976000
ARY,2022-12-31,2023-04-20,2022-12-31,2022-FY,275883000.000000,971552668.000000,2025-04-28,-3385000.000000,964686000.000000,1041247500.000000,340213000.000000,624473000.000000,0.318000,9.956000,-9976000.000000,52414000.000000,52414000.000000,54588000.000000,15035000.000000,5.289000,0.086000,7835000.000000,3112000.000000,4723000.000000,7835000.000000,995000.000000,13939000.000000,0.000000,0.073000,0.800000,63599000.000000,77538000.000000,0.234000,77538000.000000,63599000.000000,23870000.000000,0.140000,0.140000,0.140000,888213000.000000,968380250.000000,888213000.000000,926973668.000000,15.000000,11.955000,46686000.000000,0.523000,1.000000,276449000.000000,0.835000,529428000.000000,39729000.000000,326349000.000000,332097000.000000,0.000000,201545000.000000,122597000.000000,78948000.000000,76472000.000000,64330000.000000,12142000.000000,-49465000.000000,36879000.000000,-146068000.000000,-4508000.000000,0.000000,-150578000.000000,44450000.000000,16178000.000000,56662000.000000,-996000.000000,15035000.000000,15035000.000000,15035000.000000,0.000000,0.000000,0.045000,234642000.000000,41807000.000000,46937000.000000,5.714000,1.094000,64.619000,77.786000,14623000.000000,0.000000,10.890000,2.935000,2.935000,75170000.000000,273262000.000000,331037000.000000,331037000.000000,0.000000,0.014000,0.016000,0.192000,0.192000,9073000.000000,216591000.000000,1.000000,89215121.000000,89215121.000000,,3.711000,435258000.000000,1473000.000000,8835000.000000,8485000.000000,4.879000
ARY,2023-12-31,2024-02-29,2023-12-31,2023-FY,127050000.000000,1065972699.000000,2025-04-28,-4127000.000000,1027050000.000000,937025500.000000,208461000.000000,818589000.000000,0.423000,10.486000,-6154000.000000,93863000.000000,93863000.000000,93250000.000000,169408000.000000,2.561000,0.097000,10546000.000000,3770000.000000,6776000.000000,10546000.000000,10272000.000000,13165000.000000,0.000000,0.066000,0.800000,176749000.000000,189914000.000000,0.479000,189914000.000000,176749000.000000,176105000.000000,1.900000,1.860000,1.900000,935957000.000000,851340750.000000,935957000.000000,982655699.000000,6.000000,5.174000,76607000.000000,0.858000,1.000000,303577000.000000,0.765000,528926000.000000,644000.000000,333396000.000000,250741000.000000,0.000000,305253000.000000,32797000.000000,272456000.000000,91093000.000000,81411000.000000,9682000.000000,42918000.000000,0.000000,-32301000.000000,-4437000.000000,-23105000.000000,-59843000.000000,19999000.000000,23414000.000000,82761000.000000,-1469000.000000,169408000.000000,169408000.000000,169408000.000000,0.000000,0.000000,0.427000,240685000.000000,62892000.000000,52247000.000000,0.421000,1.139000,6.292000,6.411000,16074000.000000,0.000000,12.180000,2.686000,2.740000,77142000.000000,461271000.000000,396827000.000000,396827000.000000,0.000000,0.181000,0.199000,0.705000,0.445000,14926000.000000,222840000.000000,1.000000,87518284.000000,89255000.000000,90920000.000000,4.446000,498124000.000000,1133000.000000,6697000.000000,4651000.000000,5.581000
ARY,2023-12-31,2024-04-24,2023-12-31,2023-FY,127050000.000000,1268139935.000000,2025-04-28,-4127000.000000,1010943000.000000,937025500.000000,208461000.000000,802482000.000000,0.423000,10.510000,-6154000.000000,93863000.000000,93863000.000000,93250000.000000,153301000.000000,2.561000,0.099000,10546000.000000,3770000.000000,6776000.000000,10546000.000000,10272000.000000,13165000.000000,0.000000,0.055000,0.800000,160642000.000000,173807000.000000,0.438000,173807000.000000,160642000.000000,159998000.000000,1.720000,1.680000,1.720000,919850000.000000,851340750.000000,919850000.000000,1184822935.000000,7.000000,6.817000,76607000.000000,0.875000,1.000000,303577000.000000,0.765000,528926000.000000,644000.000000,317289000.000000,250741000.000000,0.000000,289146000.000000,32797000.000000,256349000.000000,91093000.000000,81411000.000000,9682000.000000,42918000.000000,0.000000,-32301000.000000,-4437000.000000,-23105000.000000,-59843000.000000,19999000.000000,23414000.000000,82761000.000000,-1469000.000000,153301000.000000,153301000.000000,153301000.000000,0.000000,0.000000,0.386000,240686000.000000,62891000.000000,52247000.000000,0.465000,1.379000,8.272000,8.424000,16074000.000000,0.000000,14.490000,3.196000,3.196000,77142000.000000,445164000.000000,396827000.000000,396827000.000000,0.000000,0.164000,0.180000,0.641000,0.405000,14926000.000000,223539000.000000,1.000000,87518284.000000,87518284.000000,,4.534000,482017000.000000,1133000.000000,6697000.000000,4651000.000000,5.508000
ARY,2024-12-31,2025-02-27,2024-12-31,2024-FY,130811000.000000,1590873169.000000,2025-04-28,-4938000.000000,1055585000.000000,1018534500.000000,231904000.000000,823681000.000000,0.472000,10.627000,-30607000.000000,126797000.000000,126797000.000000,132559000.000000,80771000.000000,2.294000,0.123000,9586000.000000,3955000.000000,5631000.000000,9586000.000000,5441000.000000,15582000.000000,0.000000,0.044000,0.800000,98999000.000000,114581000.000000,0.238000,114581000.000000,98999000.000000,98413000.000000,0.910000,0.900000,0.910000,940100000.000000,919098500.000000,940100000.000000,1473662169.000000,15.000000,12.861000,74370000.000000,0.841000,1.000000,348089000.000000,0.724000,527251000.000000,586000.000000,310030000.000000,305313500.000000,0.000000,261308000.000000,0.000000,261308000.000000,115484000.000000,101093000.000000,14391000.000000,35720000.000000,-1250000.000000,0.000000,-4181000.000000,-37435000.000000,-42146000.000000,-27112000.000000,1333000.000000,104977000.000000,-2785000.000000,80771000.000000,80771000.000000,80771000.000000,0.000000,0.000000,0.168000,255827000.000000,92262000.000000,75285000.000000,0.879000,1.692000,19.696000,19.758000,34058000.000000,0.000000,17.980000,3.310000,3.309000,97383000.000000,536623000.000000,480648000.000000,480648000.000000,0.000000,0.079000,0.088000,0.324000,0.206000,8631000.000000,243283000.000000,1.000000,88480154.000000,88463000.000000,89676000.000000,5.433000,528334000.000000,1063000.000000,17642000.000000,11879000.000000,5.972000
ARY,2024-12-31,2025-04-10,2024-12-31,2024-FY,130811000.000000,1321008699.000000,2025-04-28,-4938000.000000,1055585000.000000,1018534500.000000,231904000.000000,823681000.000000,0.472000,10.625000,-30607000.000000,126797000.000000,126797000.000000,132559000.000000,80771000.000000,2.294000,0.123000,9586000.000000,3955000.000000,5631000.000000,9586000.000000,5441000.000000,15582000.000000,0.000000,0.054000,0.800000,98999000.000000,114581000.000000,0.238000,114581000.000000,98999000.000000,98413000.000000,0.910000,0.900000,0.910000,940100000.000000,919098500.000000,940100000.000000,1203797699.000000,12.000000,10.506000,74370000.000000,0.841000,1.000000,348089000.000000,0.724000,527251000.000000,586000.000000,310030000.000000,305313500.000000,0.000000,261308000.000000,0.000000,261308000.000000,115484000.000000,101093000.000000,14391000.000000,35720000.000000,-1250000.000000,0.000000,-4181000.000000,-37435000.000000,-42146000.000000,-27112000.000000,1333000.000000,104977000.000000,-2785000.000000,80771000.000000,80771000.000000,80771000.000000,0.000000,0.000000,0.168000,255827000.000000,92262000.000000,75285000.000000,0.879000,1.405000,16.355000,16.407000,34058000.000000,0.000000,14.930000,2.748000,2.748000,97383000.000000,536623000.000000,480648000.000000,480648000.000000,0.000000,0.079000,0.088000,0.324000,0.206000,8631000.000000,243283000.000000,1.000000,88480154.000000,88480154.000000,,5.432000,528334000.000000,1063000.000000,17642000.000000,11879000.000000,5.971000
MRQ,2016-12-31,2016-12-31,2016-12-31,2016-Q4,25695000.000000,,2025-04-28,0.000000,640479000.000000,,78967000.000000,561512000.000000,,,,34181000.000000,34181000.000000,,,1.482000,0.127000,12045000.000000,10321000.000000,1724000.000000,12045000.000000,3578000.000000,,0.000000,,0.000000,,,,,,,,,,568197000.000000,,568197000.000000,,,,,,1.000000,,,546114000.000000,,18957000.000000,,0.000000,2885000.000000,0.000000,2885000.000000,72282000.000000,53272000.000000,19010000.000000,,,,,,,,,,,,,,,,,,,29911000.000000,,,,,11788000.000000,,,,,42757000.000000,-7704000.000000,,,,,,,,,,1.000000,,,,,94365000.000000,724000.000000,,17065000.000000,
MRQ,2017-06-30,2017-06-30,2017-06-30,2017-Q2,27781000.000000,,2025-04-28,0.000000,622851000.000000,,61228000.000000,561623000.000000,,5.981000,,21099000.000000,21099000.000000,108000.000000,-2551000.000000,1.831000,0.095000,6462000.000000,3024000.000000,3438000.000000,6462000.000000,2604000.000000,,0.000000,,0.000000,-1714000.000000,,,,-1714000.000000,-1854000.000000,-0.026000,-0.026000,-0.026000,568989000.000000,,568989000.000000,,,,,,1.000000,26383000.000000,0.996000,544778000.000000,140000.000000,29989000.000000,,0.000000,2235000.000000,0.000000,2235000.000000,53862000.000000,33447000.000000,20415000.000000,,,,,,,,,,,-2551000.000000,-2551000.000000,-2551000.000000,0.000000,0.000000,-0.096000,28915000.000000,-2532000.000000,19175000.000000,0.000000,,,,13828000.000000,0.000000,,,,36013000.000000,-8395000.000000,26491000.000000,26491000.000000,0.000000,,,,,,24940000.000000,1.000000,,95125000.000000,95125000.000000,0.278000,78073000.000000,783000.000000,697000.000000,16686000.000000,0.821000
MRQ,2017-09-30,2017-09-30,2017-09-30,2017-Q3,42215000.000000,,2025-04-28,0.000000,635465000.000000,,77736000.000000,557729000.000000,,6.089000,0.000000,33841000.000000,33841000.000000,411000.000000,7531000.000000,2.188000,0.097000,5688000.000000,2449000.000000,3239000.000000,5688000.000000,3791000.000000,,0.000000,,0.000000,9177000.000000,,,,9177000.000000,9146000.000000,0.080000,0.078000,0.080000,579224000.000000,,579224000.000000,,,,9137000.000000,0.096000,1.000000,43106000.000000,0.991000,542237000.000000,31000.000000,29554000.000000,,0.000000,1942000.000000,0.000000,1942000.000000,56242000.000000,35521000.000000,20721000.000000,12391000.000000,,,,,-897000.000000,4151000.000000,,9137000.000000,352000.000000,7531000.000000,7531000.000000,7531000.000000,0.000000,0.000000,0.173000,32424000.000000,10682000.000000,21276000.000000,0.000000,,,,12744000.000000,0.000000,,,,40903000.000000,1662000.000000,43517000.000000,43517000.000000,0.000000,,,,,,26577000.000000,1.000000,,95125000.000000,96845000.000000,0.457000,93228000.000000,806000.000000,1615000.000000,16786000.000000,0.980000
MRQ,2017-12-31,2017-12-31,2017-12-31,2017-Q4,37461000.000000,,2025-04-28,1605000.000000,636300000.000000,,74311000.000000,561989000.000000,,6.134000,-1310000.000000,33207000.000000,33207000.000000,3347000.000000,1252000.000000,2.017000,0.090000,6105000.000000,2073000.000000,4032000.000000,6105000.000000,1472000.000000,,0.000000,,0.000000,144000.000000,,,,144000.000000,139000.000000,0.010000,0.010000,0.010000,583503000.000000,,583503000.000000,,,,9058000.000000,0.095000,1.000000,35523000.000000,0.914000,540198000.000000,5000.000000,32150000.000000,,0.000000,7374000.000000,0.000000,7374000.000000,52797000.000000,36850000.000000,15947000.000000,-539000.000000,,,,,-1626000.000000,-9282000.000000,,10368000.000000,-95000.000000,1252000.000000,1252000.000000,1252000.000000,0.000000,0.000000,0.032000,34227000.000000,1296000.000000,21401000.000000,0.000000,,,,13460000.000000,0.000000,,,,38937000.000000,5366000.000000,38870000.000000,38870000.000000,0.000000,,,,,,27910000.000000,1.000000,,95125000.000000,97320000.000000,0.409000,96102000.000000,958000.000000,-1113000.000000,15537000.000000,1.010000
MRQ,2018-03-31,2018-03-31,2018-03-31,2018-Q1,,,2025-04-28,,,,,,,,0.000000,,,678000.000000,6619000.000000,,,,,,,,,,,0.000000,8942000.000000,,,,8942000.000000,8908000.000000,0.070000,0.068000,0.070000,,,,,,,4137000.000000,0.043000,1.000000,38768000.000000,0.983000,,34000.000000,,,,,,,,,,5538000.000000,,,,,-1050000.000000,2451000.000000,,4137000.000000,555000.000000,6619000.000000,6619000.000000,6619000.000000,0.000000,0.000000,0.168000,28991000.000000,9777000.000000,,0.000000,,,,,0.000000,,,,,,39446000.000000,39446000.000000,0.000000,,,,,,25818000.000000,1.000000,110179545.000000,95125000.000000,97665000.000000,0.415000,,,2289000.000000,,
MRQ,2018-06-30,2018-06-30,2018-06-30,2018-Q2,56595000.000000,,2025-04-28,0.000000,651491000.000000,,91636000.000000,559855000.000000,,6.293000,-4139000.000000,43993000.000000,43993000.000000,1401000.000000,7411000.000000,2.615000,0.088000,5826000.000000,2589000.000000,3237000.000000,5826000.000000,2182000.000000,,0.000000,,0.000000,9989000.000000,,,,9989000.000000,9946000.000000,0.070000,0.072000,0.070000,598585000.000000,,598585000.000000,,,,6617000.000000,0.070000,1.000000,38427000.000000,0.965000,538739000.000000,43000.000000,39544000.000000,,0.000000,6786000.000000,0.000000,6786000.000000,52906000.000000,35041000.000000,17865000.000000,5722000.000000,,,,,-1296000.000000,-3738000.000000,,10756000.000000,-1029000.000000,7411000.000000,7411000.000000,7411000.000000,0.000000,0.000000,0.186000,27959000.000000,10468000.000000,21804000.000000,0.000000,,,,13213000.000000,0.000000,,,,44601000.000000,21683000.000000,39828000.000000,39828000.000000,0.000000,,,,,,24695000.000000,1.000000,110179545.000000,95125000.000000,98315000.000000,0.419000,112752000.000000,1117000.000000,2535000.000000,16882000.000000,1.185000
MRQ,2018-09-30,2018-09-30,2018-09-30,2018-Q3,238815000.000000,990514110.000000,2025-04-28,0.000000,829629000.000000,,273464000.000000,556165000.000000,,7.400000,0.000000,217642000.000000,217642000.000000,3663000.000000,9717000.000000,7.892000,0.068000,5004000.000000,2309000.000000,2695000.000000,5004000.000000,1853000.000000,,0.000000,0.000000,0.000000,10741000.000000,,,,10741000.000000,10687000.000000,0.100000,0.100000,0.100000,777003000.000000,,777003000.000000,952347110.000000,32.000000,,6820000.000000,0.065000,1.000000,39132000.000000,0.914000,538048000.000000,54000.000000,44294000.000000,,0.000000,4594000.000000,0.000000,4594000.000000,52626000.000000,34649000.000000,17977000.000000,173857000.000000,,,,,169463000.000000,-2426000.000000,,6820000.000000,-209000.000000,9717000.000000,9717000.000000,9717000.000000,0.000000,0.000000,0.227000,27292000.000000,11840000.000000,23484000.000000,0.000000,1.275000,39.622000,35.960000,12396000.000000,0.000000,8.990000,6.155000,5.865000,53241000.000000,33122000.000000,42795000.000000,42795000.000000,0.000000,,,,,,24079000.000000,1.000000,110179545.000000,104995000.000000,108410000.000000,0.408000,291581000.000000,1127000.000000,970000.000000,16051000.000000,2.777000
MRQ,2018-12-31,2018-12-31,2018-12-31,2018-Q4,204088000.000000,612598270.000000,2025-04-28,316000.000000,825303000.000000,,238090000.000000,587213000.000000,,7.063000,-6748000.000000,177873000.000000,177873000.000000,-2025000.000000,11413000.000000,7.002000,0.064000,4761000.000000,2490000.000000,2271000.000000,4761000.000000,1932000.000000,,0.000000,0.000000,0.000000,13663000.000000,,,,13663000.000000,12100000.000000,0.100000,0.100000,0.100000,775460000.000000,,775460000.000000,399960270.000000,9.000000,7.138000,5367000.000000,0.049000,1.000000,41290000.000000,1.052000,537022000.000000,1563000.000000,81167000.000000,,0.000000,41431000.000000,4346000.000000,37085000.000000,49843000.000000,34002000.000000,15841000.000000,-39594000.000000,,,,,-8171000.000000,-43537000.000000,,12115000.000000,-175000.000000,11413000.000000,11413000.000000,11413000.000000,-941000.000000,0.000000,0.291000,28996000.000000,12294000.000000,17957000.000000,0.000000,0.790000,17.423000,16.353000,12162000.000000,0.000000,5.560000,3.797000,3.491000,41499000.000000,36432000.000000,39265000.000000,39265000.000000,0.000000,,,,,,26630000.000000,1.000000,110179545.000000,109795000.000000,113070000.000000,0.358000,288281000.000000,944000.000000,687000.000000,15278000.000000,2.626000
MRQ,2019-03-31,2019-03-31,2019-03-31,2019-Q1,200425000.000000,723879611.000000,2025-04-28,-63000.000000,842842000.000000,,240946000.000000,601896000.000000,,7.093000,-2429000.000000,169846000.000000,169846000.000000,8637000.000000,4380000.000000,5.946000,0.086000,18337000.000000,6356000.000000,11981000.000000,18337000.000000,1455000.000000,4142000.000000,0.000000,0.000000,0.000000,4847000.000000,8989000.000000,0.180000,8989000.000000,4847000.000000,4693000.000000,0.040000,0.040000,0.040000,775884000.000000,,775884000.000000,550767611.000000,14.000000,,6071000.000000,0.055000,1.000000,41206000.000000,0.827000,536084000.000000,154000.000000,114728000.000000,,0.000000,56600000.000000,17667000.000000,38933000.000000,66958000.000000,40521000.000000,26437000.000000,-8083000.000000,0.000000,-5780000.000000,-1559000.000000,,-7495000.000000,-9088000.000000,-7265000.000000,8500000.000000,56000.000000,4380000.000000,4380000.000000,4380000.000000,0.000000,0.000000,0.088000,37179000.000000,4027000.000000,23824000.000000,0.000000,0.933000,21.988000,21.194000,26293000.000000,0.000000,6.570000,4.215000,4.185000,42105000.000000,43014000.000000,49843000.000000,49843000.000000,0.000000,,,,,1134000.000000,31181000.000000,1.000000,110179545.000000,109390000.000000,111980000.000000,0.456000,306758000.000000,585000.000000,313000.000000,15992000.000000,2.804000
MRQ,2019-06-30,2019-06-30,2019-06-30,2019-Q2,193509000.000000,1141413129.000000,2025-04-28,172000.000000,852333000.000000,,242194000.000000,610139000.000000,,7.069000,-4248000.000000,134155000.000000,134155000.000000,12519000.000000,3422000.000000,4.975000,0.093000,17041000.000000,6988000.000000,10053000.000000,17041000.000000,1218000.000000,4281000.000000,0.000000,0.000000,0.000000,2579000.000000,6860000.000000,0.111000,6860000.000000,2579000.000000,2406000.000000,0.040000,0.040000,0.040000,779642000.000000,,779642000.000000,989904129.000000,31.000000,21.435000,-20274000.000000,-0.184000,1.000000,49206000.000000,0.797000,535085000.000000,173000.000000,151449000.000000,,0.000000,86158000.000000,39141000.000000,47017000.000000,72691000.000000,48685000.000000,24006000.000000,-35485000.000000,0.000000,0.000000,-1670000.000000,,-1670000.000000,-17789000.000000,-14430000.000000,-16026000.000000,-205000.000000,3422000.000000,3422000.000000,3422000.000000,0.000000,0.000000,0.055000,51966000.000000,-2760000.000000,32174000.000000,0.000000,1.464000,39.452000,37.286000,27362000.000000,0.000000,10.440000,5.895000,5.947000,44864000.000000,46538000.000000,61725000.000000,61725000.000000,0.000000,,,,,1104000.000000,41909000.000000,1.000000,109330760.000000,110290000.000000,112325000.000000,0.560000,317248000.000000,676000.000000,-1016000.000000,14480000.000000,2.876000
MRQ,2019-09-30,2019-09-30,2019-09-30,2019-Q3,269818000.000000,1108396038.000000,2025-04-28,-1810000.000000,984031000.000000,,352161000.000000,631870000.000000,,7.927000,-3686000.000000,170697000.000000,170697000.000000,5372000.000000,28120000.000000,4.277000,0.121000,36221000.000000,26471000.000000,9750000.000000,36221000.000000,1159000.000000,4511000.000000,0.000000,0.000000,0.000000,29169000.000000,33680000.000000,0.704000,33680000.000000,29169000.000000,29015000.000000,0.260000,0.240000,0.260000,878154000.000000,,878154000.000000,991282038.000000,20.000000,,-21225000.000000,-0.192000,1.000000,42448000.000000,0.888000,533933000.000000,154000.000000,233279000.000000,,1932000.000000,171010000.000000,100761000.000000,70249000.000000,105877000.000000,82343000.000000,23534000.000000,37356000.000000,0.000000,70988000.000000,19218000.000000,,90206000.000000,-35311000.000000,-31625000.000000,-17539000.000000,-813000.000000,28120000.000000,28120000.000000,28120000.000000,-3601000.000000,0.000000,0.588000,40272000.000000,2176000.000000,41542000.000000,0.000000,1.262000,23.416000,22.841000,27689000.000000,0.000000,10.050000,5.580000,5.604000,51914000.000000,76044000.000000,47820000.000000,47820000.000000,0.000000,,,,,1377000.000000,36137000.000000,1.000000,110288163.000000,110775000.000000,112945000.000000,0.432000,450098000.000000,0.000000,895000.000000,15354000.000000,4.063000
MRQ,2019-12-31,2019-12-31,2019-12-31,2019-Q4,289757000.000000,1089540508.000000,2025-04-28,-1508000.000000,1060620000.000000,,418327000.000000,642293000.000000,,7.684000,-2672000.000000,139487000.000000,139487000.000000,-7306000.000000,21976000.000000,3.254000,0.163000,56974000.000000,47793000.000000,9181000.000000,56974000.000000,708000.000000,6000000.000000,0.000000,0.000000,0.000000,25930000.000000,31930000.000000,0.655000,31930000.000000,25930000.000000,25746000.000000,0.040000,0.040000,0.040000,912206000.000000,,912206000.000000,955064508.000000,16.000000,11.917000,-22676000.000000,-0.191000,1.000000,56069000.000000,1.150000,532385000.000000,184000.000000,317152000.000000,,7752000.000000,214447000.000000,136796000.000000,77651000.000000,148414000.000000,128570000.000000,19844000.000000,-32035000.000000,-51944000.000000,9481000.000000,22679000.000000,,32159000.000000,-44193000.000000,10423000.000000,-20004000.000000,825000.000000,21976000.000000,21976000.000000,21976000.000000,-11765000.000000,0.000000,0.451000,56761000.000000,-692000.000000,57125000.000000,0.000000,1.194000,18.818000,25.694000,26053000.000000,0.000000,9.250000,6.153000,5.867000,108483000.000000,99513000.000000,48763000.000000,48763000.000000,0.000000,,,,,1478000.000000,50415000.000000,1.000000,117788163.000000,118720000.000000,120880000.000000,0.411000,528235000.000000,6204000.000000,3770000.000000,18329000.000000,4.449000
MRQ,2020-03-31,2020-03-31,2020-03-31,2020-Q1,261129000.000000,638563685.000000,2025-04-28,-4083000.000000,1054791000.000000,,409057000.000000,645734000.000000,,7.422000,-2988000.000000,169826000.000000,169826000.000000,1671000.000000,-20859000.000000,2.765000,0.193000,58140000.000000,48420000.000000,9720000.000000,58140000.000000,6355000.000000,4739000.000000,0.000000,0.000000,0.000000,-13390000.000000,-8651000.000000,-0.215000,-8651000.000000,-13390000.000000,-19310000.000000,-0.180000,-0.180000,-0.180000,884239000.000000,,884239000.000000,556050685.000000,13.000000,8.713000,48434000.000000,0.407000,1.000000,38523000.000000,0.958000,537694000.000000,5920000.000000,257483000.000000,,7329000.000000,172272000.000000,93946000.000000,78326000.000000,170552000.000000,147928000.000000,22624000.000000,30490000.000000,-4882000.000000,-5490000.000000,-240000.000000,,-5731000.000000,-15202000.000000,-6119000.000000,51422000.000000,-152000.000000,-20859000.000000,-20859000.000000,-20859000.000000,4892000.000000,0.000000,-0.519000,46065000.000000,-7542000.000000,66225000.000000,0.000000,0.722000,19.552000,33.562000,25032000.000000,0.000000,5.370000,3.217000,3.223000,103070000.000000,79611000.000000,40194000.000000,40194000.000000,0.000000,,,,,957000.000000,38092000.000000,1.000000,118913163.000000,119145000.000000,120820000.000000,0.337000,517097000.000000,4682000.000000,1549000.000000,17792000.000000,4.340000
MRQ,2020-06-30,2020-06-30,2020-06-30,2020-Q2,252861000.000000,1073346093.000000,2025-04-28,-2873000.000000,963594000.000000,,307167000.000000,656427000.000000,,7.485000,-3051000.000000,105454000.000000,105454000.000000,2144000.000000,17141000.000000,5.656000,0.082000,8448000.000000,3996000.000000,4452000.000000,8448000.000000,4045000.000000,4817000.000000,0.000000,0.000000,0.000000,15131000.000000,19948000.000000,0.619000,19948000.000000,15131000.000000,14935000.000000,0.120000,0.120000,0.120000,890884000.000000,,890884000.000000,961660093.000000,17.000000,12.504000,3996000.000000,0.034000,1.000000,30073000.000000,0.933000,538973000.000000,196000.000000,273309000.000000,,184000.000000,154455000.000000,70457000.000000,83998000.000000,72714000.000000,54306000.000000,18408000.000000,-62110000.000000,0.000000,-12980000.000000,-49992000.000000,,-62972000.000000,-6185000.000000,-3283000.000000,7047000.000000,-2262000.000000,17141000.000000,17141000.000000,17141000.000000,-797000.000000,0.000000,0.532000,36331000.000000,-6258000.000000,28815000.000000,0.000000,1.205000,23.143000,37.500000,23292000.000000,0.000000,9.000000,6.351000,6.339000,102910000.000000,98025000.000000,32217000.000000,32217000.000000,0.000000,,,,,1277000.000000,31017000.000000,1.000000,119260677.000000,119020000.000000,119960000.000000,0.271000,424621000.000000,10165000.000000,-2206000.000000,16958000.000000,3.568000
MRQ,2020-09-30,2020-09-30,2020-09-30,2020-Q3,132457000.000000,1149774267.000000,2025-04-28,677000.000000,1088721000.000000,,176332000.000000,912389000.000000,,8.833000,-2218000.000000,64416000.000000,64416000.000000,2298000.000000,154367000.000000,4.019000,0.059000,9093000.000000,5185000.000000,3908000.000000,9093000.000000,2749000.000000,4955000.000000,0.000000,0.000000,0.000000,155780000.000000,160735000.000000,3.828000,160735000.000000,155780000.000000,155657000.000000,1.320000,1.320000,1.320000,1027820000.000000,,1027820000.000000,1052768267.000000,6.000000,5.162000,15152000.000000,0.130000,1.000000,39692000.000000,0.945000,539542000.000000,123000.000000,449981000.000000,,178000.000000,404565000.000000,55220000.000000,349345000.000000,60902000.000000,43875000.000000,17027000.000000,-42359000.000000,-39260000.000000,-22384000.000000,-1496000.000000,,-23880000.000000,-35849000.000000,6313000.000000,17370000.000000,1322000.000000,154367000.000000,154367000.000000,154367000.000000,-148113000.000000,0.000000,3.676000,36692000.000000,3000000.000000,26058000.000000,0.000000,1.119000,6.661000,7.523000,19556000.000000,0.000000,9.780000,7.047000,6.974000,42812000.000000,253796000.000000,41990000.000000,41990000.000000,0.000000,,,,,1401000.000000,31158000.000000,1.000000,117563831.000000,116355000.000000,117810000.000000,0.361000,549179000.000000,3945000.000000,1290000.000000,13930000.000000,4.720000
MRQ,2020-12-31,2020-12-31,2020-12-31,2020-Q4,138391000.000000,1050574775.000000,2025-04-28,408000.000000,1109612000.000000,,183711000.000000,925901000.000000,,9.139000,-780000.000000,134168000.000000,134168000.000000,2214000.000000,28526000.000000,4.054000,0.058000,8973000.000000,5389000.000000,3584000.000000,8973000.000000,345000.000000,5879000.000000,0.000000,0.000000,0.000000,27999000.000000,33878000.000000,0.759000,33878000.000000,27999000.000000,27969000.000000,-0.960000,-0.940000,-0.960000,1048895000.000000,,1048895000.000000,995251775.000000,6.000000,4.972000,16706000.000000,0.146000,1.000000,42447000.000000,0.950000,536915000.000000,30000.000000,402182000.000000,,0.000000,366436000.000000,0.000000,366436000.000000,60717000.000000,45320000.000000,15397000.000000,69288000.000000,-1440000.000000,-8195000.000000,-195000.000000,,-8390000.000000,60191000.000000,61624000.000000,17486000.000000,465000.000000,28526000.000000,28526000.000000,28526000.000000,2275000.000000,0.000000,0.639000,40089000.000000,2358000.000000,25454000.000000,0.000000,1.002000,5.863000,28.531000,18167000.000000,0.000000,9.130000,6.365000,6.488000,40483000.000000,283334000.000000,44661000.000000,44661000.000000,0.000000,,,,,886000.000000,37893000.000000,1.000000,115068431.000000,114770000.000000,116245000.000000,0.389000,572697000.000000,4383000.000000,-557000.000000,12839000.000000,4.990000
MRQ,2021-03-31,2021-03-31,2021-03-31,2021-Q1,131370000.000000,1147700000.000000,2025-04-28,27000.000000,1126452000.000000,,188859000.000000,937593000.000000,,9.147000,-1875000.000000,143297000.000000,143297000.000000,2164000.000000,639000.000000,3.285000,0.070000,9060000.000000,4531000.000000,4529000.000000,9060000.000000,513000.000000,5037000.000000,0.000000,0.000000,0.000000,253000.000000,5290000.000000,0.103000,5290000.000000,253000.000000,-189000.000000,0.000000,0.000000,0.000000,1053049000.000000,,1053049000.000000,1022505000.000000,5.000000,4.651000,5400000.000000,0.047000,1.000000,49419000.000000,0.958000,545177000.000000,442000.000000,389549000.000000,,21000.000000,371912000.000000,80000.000000,371832000.000000,73402000.000000,57489000.000000,15913000.000000,9575000.000000,-9008000.000000,-748000.000000,8000.000000,,-740000.000000,3039000.000000,13917000.000000,7275000.000000,-446000.000000,639000.000000,639000.000000,639000.000000,0.000000,0.000000,0.012000,50878000.000000,-1459000.000000,32269000.000000,,1.090000,5.719000,20.833000,16650000.000000,0.000000,10.000000,6.733000,6.754000,39563000.000000,288618000.000000,51583000.000000,51583000.000000,0.000000,,,,,733000.000000,45913000.000000,1.000000,114770000.000000,115125000.000000,116345000.000000,0.448000,581275000.000000,3933000.000000,-828000.000000,12094000.000000,5.049000
MRQ,2021-06-30,2021-06-30,2021-06-30,2021-Q2,174516000.000000,1180245126.000000,2025-04-28,1105000.000000,1190028000.000000,,253280000.000000,936748000.000000,,9.520000,-1077000.000000,178481000.000000,178481000.000000,2651000.000000,44287000.000000,3.216000,0.086000,6719000.000000,3974000.000000,2745000.000000,6719000.000000,450000.000000,5080000.000000,0.000000,0.000000,0.000000,45882000.000000,50962000.000000,0.847000,50962000.000000,45882000.000000,42334000.000000,0.380000,0.380000,0.380000,1096217000.000000,,1096217000.000000,1046008126.000000,5.000000,4.170000,5175000.000000,0.045000,1.000000,57510000.000000,0.956000,543670000.000000,3548000.000000,395832000.000000,,21000.000000,397244000.000000,22837000.000000,374407000.000000,93811000.000000,78764000.000000,15047000.000000,35322000.000000,50000000.000000,0.000000,-2430000.000000,,-2431000.000000,31500000.000000,-17439000.000000,6252000.000000,-138000.000000,44287000.000000,44287000.000000,44287000.000000,0.000000,0.000000,0.736000,65425000.000000,-7915000.000000,43048000.000000,0.000000,1.077000,5.181000,13.851000,14846000.000000,0.000000,10.250000,5.949000,5.949000,43728000.000000,330710000.000000,60161000.000000,60161000.000000,0.000000,,,,,1717000.000000,60121000.000000,1.000000,115145866.000000,115145000.000000,115755000.000000,0.522000,646358000.000000,3824000.000000,-1953000.000000,11610000.000000,5.613000
MRQ,2021-09-30,2021-09-30,2021-09-30,2021-Q3,176732000.000000,1019040914.000000,2025-04-28,-311000.000000,1212492000.000000,,254386000.000000,958106000.000000,,9.744000,-1392000.000000,89964000.000000,89964000.000000,3337000.000000,23500000.000000,3.276000,0.081000,29289000.000000,27094000.000000,2195000.000000,29289000.000000,587000.000000,4928000.000000,0.000000,0.000000,0.000000,24667000.000000,29595000.000000,0.444000,29595000.000000,24667000.000000,23888000.000000,0.200000,0.200000,0.200000,1121967000.000000,,1121967000.000000,847278914.000000,9.000000,7.077000,-4828000.000000,-0.042000,1.000000,63283000.000000,0.950000,540844000.000000,779000.000000,533319000.000000,,24000.000000,506171000.000000,106313000.000000,399858000.000000,90525000.000000,77654000.000000,12871000.000000,-88158000.000000,0.000000,-1000.000000,-2016000.000000,,-2018000.000000,-82705000.000000,-81313000.000000,-3436000.000000,-358000.000000,23500000.000000,23500000.000000,23500000.000000,0.000000,0.000000,0.353000,63903000.000000,-620000.000000,36591000.000000,0.000000,0.908000,10.511000,-23.289000,13751000.000000,0.000000,8.850000,4.569000,4.569000,47482000.000000,357873000.000000,66620000.000000,66620000.000000,0.000000,,,,,3663000.000000,58960000.000000,1.000000,115145866.000000,115145000.000000,116130000.000000,0.579000,671648000.000000,3653000.000000,388000.000000,11424000.000000,5.833000
MRQ,2021-12-31,2021-12-31,2021-12-31,2021-Q4,470200000.000000,812929814.000000,2025-04-28,-520000.000000,1092460000.000000,,540986000.000000,551474000.000000,,8.798000,-1552000.000000,102876000.000000,102876000.000000,5540000.000000,-112390000.000000,7.643000,0.078000,13508000.000000,11427000.000000,2081000.000000,13508000.000000,1092000.000000,4555000.000000,0.000000,0.000000,0.000000,-106101000.000000,-101546000.000000,-1.398000,-101546000.000000,-106101000.000000,-109955000.000000,-0.980000,-0.960000,-0.980000,1013039000.000000,,1013039000.000000,752254814.000000,-20.000000,-43.211000,14921000.000000,0.130000,1.000000,67086000.000000,0.924000,534005000.000000,3854000.000000,398301000.000000,,0.000000,81018000.000000,78135000.000000,2883000.000000,79421000.000000,70786000.000000,8635000.000000,13441000.000000,0.000000,0.000000,-1496000.000000,,-1495000.000000,-1537000.000000,0.000000,16473000.000000,-530000.000000,-112390000.000000,-112390000.000000,-112390000.000000,816000.000000,0.000000,-1.548000,63306000.000000,3780000.000000,38378000.000000,0.000000,0.802000,-18.491000,-18.579000,12263000.000000,0.000000,7.060000,3.239000,3.239000,62402000.000000,249155000.000000,72626000.000000,72626000.000000,0.000000,,,,,3671000.000000,53203000.000000,1.000000,115145866.000000,115145000.000000,115145000.000000,0.631000,558455000.000000,2323000.000000,2435000.000000,7295000.000000,4.850000
MRQ,2022-03-31,2022-03-31,2022-03-31,2022-Q1,402361000.000000,680512068.000000,2025-04-28,-580000.000000,1074284000.000000,,466533000.000000,607751000.000000,,8.656000,-958000.000000,117786000.000000,117786000.000000,8048000.000000,-9436000.000000,7.270000,0.072000,4623000.000000,3291000.000000,1332000.000000,4623000.000000,2594000.000000,3590000.000000,0.000000,0.000000,0.000000,1119000.000000,4709000.000000,0.066000,4709000.000000,1119000.000000,-8828000.000000,-0.080000,-0.080000,-0.080000,1002466000.000000,,1002466000.000000,591144068.000000,-17.000000,-36.311000,12506000.000000,0.108000,1.000000,63535000.000000,0.888000,532935000.000000,9947000.000000,364014000.000000,,0.000000,187700000.000000,126189000.000000,61511000.000000,71818000.000000,64172000.000000,7646000.000000,15108000.000000,0.000000,-3045000.000000,-1154000.000000,0.000000,-4199000.000000,5841000.000000,6797000.000000,13464000.000000,-199000.000000,-9436000.000000,-9436000.000000,-9436000.000000,0.000000,0.000000,-0.132000,62193000.000000,1342000.000000,47917000.000000,0.000000,0.679000,-12.593000,-12.312000,10977000.000000,0.000000,5.910000,2.511000,2.526000,46814000.000000,241686000.000000,71583000.000000,71583000.000000,0.000000,,,,,1967000.000000,58024000.000000,1.000000,115145866.000000,115815000.000000,115815000.000000,0.618000,541349000.000000,2327000.000000,608000.000000,7811000.000000,4.674000
MRQ,2022-06-30,2022-06-30,2022-06-30,2022-Q2,349293000.000000,510678000.000000,2025-04-28,-2653000.000000,1053750000.000000,,405081000.000000,648669000.000000,,8.621000,-4558000.000000,139400000.000000,139400000.000000,11842000.000000,-5836000.000000,7.261000,0.065000,3360000.000000,2549000.000000,811000.000000,3360000.000000,1868000.000000,3421000.000000,0.000000,0.000000,0.000000,13247000.000000,16668000.000000,0.214000,16668000.000000,13247000.000000,-2094000.000000,-0.060000,-0.060000,-0.060000,989254000.000000,,989254000.000000,397515000.000000,-6.000000,-7.860000,-2934000.000000,-0.026000,1.000000,65992000.000000,0.848000,532662000.000000,15341000.000000,329260000.000000,,0.000000,222947000.000000,120490000.000000,102457000.000000,64496000.000000,55788000.000000,8708000.000000,22231000.000000,32879000.000000,-6823000.000000,-1170000.000000,0.000000,-7992000.000000,28600000.000000,247000.000000,1624000.000000,-616000.000000,-5836000.000000,-5836000.000000,-5836000.000000,0.000000,0.000000,-0.075000,54751000.000000,11241000.000000,38752000.000000,0.000000,0.516000,-4.903000,-4.793000,11344000.000000,0.000000,4.410000,1.769000,1.753000,52956000.000000,237370000.000000,77834000.000000,77834000.000000,0.000000,,,,,1520000.000000,50833000.000000,1.000000,115800000.000000,114750000.000000,114750000.000000,0.678000,521088000.000000,2206000.000000,3742000.000000,11459000.000000,4.541000
MRQ,2022-09-30,2022-09-30,2022-09-30,2022-Q3,318739000.000000,498015000.000000,2025-04-28,-5065000.000000,1072270000.000000,,387859000.000000,684411000.000000,,8.741000,-2153000.000000,166071000.000000,166071000.000000,15746000.000000,9384000.000000,5.611000,0.079000,3934000.000000,3378000.000000,556000.000000,3934000.000000,1509000.000000,3438000.000000,0.000000,0.000000,0.000000,19298000.000000,22736000.000000,0.266000,22736000.000000,19298000.000000,14551000.000000,0.080000,0.080000,0.080000,993588000.000000,,993588000.000000,361975000.000000,-5.000000,-6.303000,15879000.000000,0.140000,1.000000,69601000.000000,0.816000,532248000.000000,4747000.000000,308765000.000000,,0.000000,205990000.000000,67228000.000000,138762000.000000,78683000.000000,69120000.000000,9563000.000000,27442000.000000,4000000.000000,-4379000.000000,-1014000.000000,0.000000,-5393000.000000,14804000.000000,12191000.000000,18032000.000000,-771000.000000,9384000.000000,9384000.000000,9384000.000000,0.000000,0.000000,0.110000,53426000.000000,16175000.000000,41012000.000000,0.000000,0.501000,-4.211000,-4.173000,11334000.000000,0.000000,4.340000,1.620000,1.605000,62742000.000000,248495000.000000,85347000.000000,85347000.000000,0.000000,,,,,1740000.000000,49769000.000000,1.000000,114750000.000000,113675000.000000,113970000.000000,0.751000,540022000.000000,2068000.000000,5167000.000000,16053000.000000,4.751000
MRQ,2022-12-31,2022-12-31,2022-12-31,2022-Q4,275883000.000000,712142918.000000,2025-04-28,-3385000.000000,964686000.000000,,340213000.000000,624473000.000000,,9.463000,-2307000.000000,52414000.000000,52414000.000000,18951000.000000,20922000.000000,5.289000,0.086000,7835000.000000,3112000.000000,4723000.000000,7835000.000000,995000.000000,3490000.000000,0.000000,0.000000,0.000000,29935000.000000,33425000.000000,0.347000,33425000.000000,29935000.000000,20241000.000000,0.200000,0.200000,0.200000,888213000.000000,,888213000.000000,550005918.000000,9.000000,7.093000,21235000.000000,0.226000,1.000000,77321000.000000,0.803000,529428000.000000,9694000.000000,326349000.000000,,0.000000,201545000.000000,122597000.000000,78948000.000000,76472000.000000,64330000.000000,12142000.000000,-114246000.000000,-36879000.000000,-131821000.000000,-878000.000000,0.000000,-132994000.000000,-4795000.000000,33822000.000000,23542000.000000,590000.000000,20922000.000000,20922000.000000,20922000.000000,0.000000,0.000000,0.217000,64272000.000000,13049000.000000,46937000.000000,0.000000,0.802000,47.366000,44.929000,14623000.000000,0.000000,6.290000,2.151000,2.080000,75170000.000000,273262000.000000,96272000.000000,96272000.000000,0.000000,,,,,3846000.000000,57966000.000000,1.000000,113218270.000000,93865000.000000,94615000.000000,1.026000,435258000.000000,1473000.000000,-681000.000000,8485000.000000,4.637000
MRQ,2023-03-31,2023-03-31,2023-03-31,2023-Q1,272309000.000000,954607050.000000,2025-04-28,-3334000.000000,911550000.000000,,337781000.000000,573769000.000000,,9.283000,-1384000.000000,84843000.000000,84843000.000000,16895000.000000,15478000.000000,5.159000,0.094000,6953000.000000,2468000.000000,4485000.000000,6953000.000000,6971000.000000,3380000.000000,0.000000,0.079000,0.800000,19119000.000000,22499000.000000,0.258000,22499000.000000,19119000.000000,18747000.000000,0.180000,0.180000,0.180000,833455000.000000,,833455000.000000,910028050.000000,11.000000,9.546000,24343000.000000,0.271000,1.000000,70156000.000000,0.806000,528990000.000000,372000.000000,239198000.000000,,0.000000,59352000.000000,29246000.000000,30106000.000000,78095000.000000,65472000.000000,12623000.000000,32405000.000000,,-2464000.000000,-1168000.000000,-12273000.000000,-15905000.000000,22583000.000000,23414000.000000,25727000.000000,23000.000000,15478000.000000,15478000.000000,15478000.000000,0.000000,0.000000,0.178000,56206000.000000,13950000.000000,42862000.000000,4.444000,1.145000,23.896000,25.425000,13183000.000000,0.000000,10.170000,2.755000,2.635000,56288000.000000,220917000.000000,87051000.000000,87051000.000000,0.000000,,,,,3433000.000000,50556000.000000,1.000000,93865000.000000,89785000.000000,90640000.000000,0.970000,382560000.000000,1491000.000000,3269000.000000,11416000.000000,4.261000
MRQ,2023-06-30,2023-06-30,2023-06-30,2023-Q2,272035000.000000,1785165448.000000,2025-04-28,-4553000.000000,908543000.000000,,354546000.000000,553997000.000000,,9.083000,-1267000.000000,98155000.000000,98155000.000000,22565000.000000,13537000.000000,4.297000,0.113000,8060000.000000,2787000.000000,5273000.000000,8060000.000000,4845000.000000,3356000.000000,0.000000,0.060000,0.400000,14765000.000000,18121000.000000,0.193000,18121000.000000,14765000.000000,14685000.000000,0.160000,0.140000,0.160000,816493000.000000,,816493000.000000,1707275448.000000,21.000000,17.641000,14250000.000000,0.159000,1.000000,71569000.000000,0.760000,528617000.000000,80000.000000,207320000.000000,,0.000000,34679000.000000,24545000.000000,10134000.000000,92050000.000000,82511000.000000,9539000.000000,14323000.000000,0.000000,394000.000000,-1120000.000000,0.000000,-806000.000000,-389000.000000,0.000000,15517000.000000,-1010000.000000,13537000.000000,13537000.000000,13537000.000000,0.000000,0.000000,0.144000,59033000.000000,12536000.000000,47242000.000000,2.500000,2.186000,30.093000,32.048000,13852000.000000,0.000000,19.870000,4.920000,4.923000,60139000.000000,204780000.000000,94134000.000000,94134000.000000,0.000000,,,,,3741000.000000,55681000.000000,1.000000,89842247.000000,89895000.000000,91315000.000000,1.047000,379926000.000000,1393000.000000,1148000.000000,10435000.000000,4.226000
MRQ,2023-09-30,2023-09-30,2023-09-30,2023-Q3,279271000.000000,1013324784.000000,2025-04-28,-5515000.000000,900959000.000000,,354879000.000000,546080000.000000,,9.140000,-1930000.000000,83505000.000000,83505000.000000,25249000.000000,16836000.000000,4.694000,0.099000,8482000.000000,2888000.000000,5594000.000000,8482000.000000,3188000.000000,3205000.000000,0.000000,0.106000,0.000000,17146000.000000,20351000.000000,0.198000,20351000.000000,17146000.000000,17054000.000000,0.180000,0.180000,0.180000,819458000.000000,,819458000.000000,923229784.000000,11.000000,9.780000,14303000.000000,0.160000,1.000000,77390000.000000,0.754000,527278000.000000,92000.000000,223050000.000000,,0.000000,34979000.000000,32449000.000000,2530000.000000,81501000.000000,75608000.000000,5893000.000000,-13942000.000000,0.000000,-17230000.000000,-930000.000000,-10832000.000000,-29084000.000000,-1090000.000000,0.000000,16233000.000000,-709000.000000,16836000.000000,16836000.000000,16836000.000000,0.000000,0.000000,0.164000,61311000.000000,16079000.000000,46835000.000000,0.000000,1.237000,15.176000,15.653000,14565000.000000,0.000000,11.270000,2.666000,2.658000,65237000.000000,225937000.000000,102639000.000000,102639000.000000,0.000000,,,,,3815000.000000,56668000.000000,1.000000,89913468.000000,89655000.000000,91215000.000000,1.145000,373681000.000000,1708000.000000,218000.000000,10606000.000000,4.168000
MRQ,2023-12-31,2023-12-31,2023-12-31,2023-Q4,127050000.000000,1186135650.000000,2025-04-28,-4127000.000000,1010943000.000000,,208461000.000000,802482000.000000,,10.488000,-1571000.000000,93863000.000000,93863000.000000,28540000.000000,107450000.000000,2.561000,0.099000,10546000.000000,3770000.000000,6776000.000000,10546000.000000,10272000.000000,3225000.000000,0.000000,0.091000,0.000000,109611000.000000,112836000.000000,0.999000,112836000.000000,109611000.000000,109512000.000000,1.200000,1.190000,1.200000,919850000.000000,,919850000.000000,1111112650.000000,7.000000,6.393000,23713000.000000,0.270000,1.000000,84463000.000000,0.747000,528926000.000000,99000.000000,317289000.000000,,0.000000,289146000.000000,32797000.000000,256349000.000000,91093000.000000,81411000.000000,9682000.000000,10132000.000000,0.000000,-13001000.000000,-922000.000000,0.000000,-14048000.000000,-1106000.000000,0.000000,25284000.000000,227000.000000,107450000.000000,107450000.000000,107450000.000000,0.000000,0.000000,0.951000,64136000.000000,20327000.000000,52247000.000000,0.000000,1.289000,7.737000,7.692000,16074000.000000,0.000000,13.230000,2.989000,2.976000,77142000.000000,445164000.000000,113003000.000000,113003000.000000,0.000000,,,,,3937000.000000,60633000.000000,1.000000,89655000.000000,87709000.000000,89281000.000000,1.288000,482017000.000000,1133000.000000,2062000.000000,4651000.000000,5.496000
MRQ,2024-03-31,2024-03-31,2024-03-31,2024-Q1,91759000.000000,1383664070.000000,2025-04-28,-4373000.000000,997984000.000000,,175190000.000000,822794000.000000,,10.199000,-21624000.000000,91338000.000000,91338000.000000,24018000.000000,14839000.000000,2.100000,0.106000,10723000.000000,3781000.000000,6942000.000000,10723000.000000,7703000.000000,3072000.000000,0.000000,0.051000,0.400000,19610000.000000,22682000.000000,0.223000,22682000.000000,19610000.000000,19468000.000000,0.170000,0.170000,0.170000,902157000.000000,,902157000.000000,1300347070.000000,8.000000,7.474000,9398000.000000,0.106000,1.000000,77853000.000000,0.764000,528490000.000000,142000.000000,305448000.000000,,0.000000,264113000.000000,7751000.000000,256362000.000000,95827000.000000,83431000.000000,12396000.000000,-1062000.000000,0.000000,0.000000,-1219000.000000,-9874000.000000,-11235000.000000,-20849000.000000,0.000000,31022000.000000,-1462000.000000,14839000.000000,14839000.000000,14839000.000000,0.000000,0.000000,0.146000,58280000.000000,19573000.000000,52716000.000000,2.353000,1.534000,9.064000,9.246000,36781000.000000,0.000000,15.810000,3.361000,3.397000,68872000.000000,462724000.000000,101871000.000000,101871000.000000,0.000000,,,,,2158000.000000,53004000.000000,1.000000,87518284.000000,88453000.000000,89243000.000000,1.152000,469494000.000000,1161000.000000,4629000.000000,10638000.000000,5.308000
MRQ,2024-06-30,2024-06-30,2024-06-30,2024-Q2,112336000.000000,1241908200.000000,2025-04-28,-4292000.000000,1007904000.000000,,186681000.000000,821223000.000000,,10.428000,-2961000.000000,104356000.000000,104356000.000000,27656000.000000,19303000.000000,2.511000,0.093000,9679000.000000,3641000.000000,6038000.000000,9679000.000000,5130000.000000,4012000.000000,0.000000,0.028000,0.000000,22301000.000000,26313000.000000,0.240000,26313000.000000,22301000.000000,22128000.000000,,,,922445000.000000,,922445000.000000,1161293200.000000,7.000000,6.374000,14455000.000000,0.163000,1.000000,82078000.000000,0.748000,529072000.000000,173000.000000,309810000.000000,,0.000000,263703000.000000,7818000.000000,255885000.000000,85459000.000000,74345000.000000,11114000.000000,14876000.000000,500000.000000,0.000000,-819000.000000,0.000000,-949000.000000,-1592000.000000,0.000000,17416000.000000,-1858000.000000,19303000.000000,19303000.000000,19303000.000000,0.000000,0.000000,0.176000,60135000.000000,21943000.000000,52992000.000000,,1.346000,7.839000,,35038000.000000,0.000000,14.040000,2.907000,2.907000,70638000.000000,482931000.000000,109734000.000000,109734000.000000,0.000000,,,,,2064000.000000,57547000.000000,1.000000,88455000.000000,88455000.000000,,1.241000,478832000.000000,1228000.000000,2825000.000000,8531000.000000,5.413000
MRQ,2024-09-30,2024-09-30,2024-09-30,2024-Q3,101495000.000000,1366796286.000000,2025-04-28,-2823000.000000,1012665000.000000,,193424000.000000,819241000.000000,,10.306000,-4116000.000000,106005000.000000,106005000.000000,33115000.000000,17940000.000000,2.104000,0.111000,8961000.000000,3523000.000000,5438000.000000,8961000.000000,3471000.000000,4146000.000000,0.000000,0.052000,0.400000,22903000.000000,27049000.000000,0.220000,27049000.000000,22903000.000000,22786000.000000,,,,911692000.000000,,911692000.000000,1272119286.000000,7.000000,6.735000,30780000.000000,0.348000,1.000000,90095000.000000,0.731000,527726000.000000,117000.000000,295966000.000000,,0.000000,255926000.000000,0.000000,255926000.000000,100973000.000000,91929000.000000,9044000.000000,2826000.000000,,0.000000,-1041000.000000,-27569000.000000,-28726000.000000,-3343000.000000,0.000000,34896000.000000,-1177000.000000,17940000.000000,17940000.000000,17940000.000000,0.000000,0.000000,0.146000,66909000.000000,23186000.000000,63678000.000000,,1.499000,8.568000,,34490000.000000,0.000000,15.450000,3.052000,3.052000,79159000.000000,506107000.000000,123210000.000000,123210000.000000,0.000000,,,,,3554000.000000,63458000.000000,1.000000,88465779.000000,88465779.000000,,1.393000,484939000.000000,1099000.000000,4846000.000000,11715000.000000,5.482000
MRQ,2024-12-31,2024-12-31,2024-12-31,2024-Q4,130811000.000000,1675814117.000000,2025-04-28,-4938000.000000,1055585000.000000,,231904000.000000,823681000.000000,,10.625000,-1906000.000000,126797000.000000,126797000.000000,47772000.000000,28689000.000000,2.294000,0.123000,9586000.000000,3955000.000000,5631000.000000,9586000.000000,5441000.000000,4353000.000000,0.000000,0.042000,0.000000,34185000.000000,38538000.000000,0.264000,38538000.000000,34185000.000000,34031000.000000,0.320000,0.320000,0.320000,940100000.000000,,940100000.000000,1578770117.000000,16.000000,13.779000,19737000.000000,0.223000,1.000000,98061000.000000,0.672000,527251000.000000,154000.000000,310030000.000000,,0.000000,261308000.000000,0.000000,261308000.000000,115484000.000000,101093000.000000,14391000.000000,19080000.000000,-1250000.000000,0.000000,-1103000.000000,8000.000000,-1236000.000000,-1328000.000000,833000.000000,21643000.000000,1713000.000000,28689000.000000,28689000.000000,28689000.000000,0.000000,0.000000,0.197000,70505000.000000,27556000.000000,75285000.000000,0.000000,1.783000,20.748000,20.813000,34058000.000000,0.000000,18.940000,3.487000,3.486000,97383000.000000,536623000.000000,145833000.000000,145833000.000000,0.000000,,,,,856000.000000,66664000.000000,1.000000,88480154.000000,88480000.000000,89741000.000000,1.648000,528334000.000000,1063000.000000,5342000.000000,11879000.000000,5.971000
MRQ,2025-03-31,2025-03-31,2025-03-31,2025-Q1,117642000.000000,1410373655.000000,2025-04-28,-3786000.000000,1043099000.000000,,218578000.000000,824521000.000000,,10.388000,-2827000.000000,103546000.000000,103546000.000000,50693000.000000,18283000.000000,2.166000,0.122000,9550000.000000,4095000.000000,5455000.000000,9550000.000000,4391000.000000,4434000.000000,0.000000,0.050000,0.400000,20911000.000000,25345000.000000,0.178000,25345000.000000,20911000.000000,20791000.000000,0.200000,0.200000,0.200000,929576000.000000,,929576000.000000,1293162655.000000,13.000000,11.030000,13118000.000000,0.147000,1.000000,92024000.000000,0.645000,527854000.000000,120000.000000,320313000.000000,,0.000000,262630000.000000,0.000000,262630000.000000,113524000.000000,100936000.000000,12588000.000000,-24060000.000000,-1250000.000000,,-1091000.000000,-35395000.000000,-36606000.000000,-3399000.000000,,15945000.000000,809000.000000,18283000.000000,18283000.000000,18283000.000000,0.000000,0.000000,0.128000,70949000.000000,21075000.000000,68592000.000000,2.000000,1.517000,16.747000,,32897000.000000,0.000000,15.940000,2.704000,2.735000,108479000.000000,560340000.000000,142717000.000000,142717000.000000,0.000000,,,,,5761000.000000,59605000.000000,1.000000,88480154.000000,89486000.000000,90188000.000000,1.595000,515245000.000000,1140000.000000,2508000.000000,14558000.000000,5.758000
MRT,2016-12-31,2016-12-31,2016-12-31,2016-Q4,25695000.000000,,2025-04-28,0.000000,640479000.000000,,78967000.000000,561512000.000000,,,,34181000.000000,34181000.000000,,,1.482000,0.127000,12045000.000000,10321000.000000,1724000.000000,12045000.000000,3578000.000000,,0.000000,,0.000000,,,,,,,,,,568197000.000000,,568197000.000000,,,,,,1.000000,,,546114000.000000,,18957000.000000,,0.000000,2885000.000000,0.000000,2885000.000000,72282000.000000,53272000.000000,19010000.000000,,,,,,,,,,,,,,,,,,,29911000.000000,,,,,11788000.000000,,,,,42757000.000000,-7704000.000000,,,,,,,,,,1.000000,,,,,94365000.000000,724000.000000,,17065000.000000,
MRT,2017-06-30,2017-06-30,2017-06-30,2017-Q2,27781000.000000,,2025-04-28,0.000000,622851000.000000,,61228000.000000,561623000.000000,,5.981000,,21099000.000000,21099000.000000,,,1.831000,0.095000,6462000.000000,3024000.000000,3438000.000000,6462000.000000,2604000.000000,,0.000000,,0.000000,,,,,,,,,,568989000.000000,,568989000.000000,,,,,,1.000000,,,544778000.000000,,29989000.000000,,0.000000,2235000.000000,0.000000,2235000.000000,53862000.000000,33447000.000000,20415000.000000,,,,,,,,,,,,,,,,,,,19175000.000000,,,,,13828000.000000,,,,,36013000.000000,-8395000.000000,,,,,,,,,,1.000000,,95125000.000000,,,78073000.000000,783000.000000,,16686000.000000,0.821000
MRT,2017-09-30,2017-09-30,2017-09-30,2017-Q3,42215000.000000,,2025-04-28,0.000000,635465000.000000,,77736000.000000,557729000.000000,,6.089000,,33841000.000000,33841000.000000,,,2.188000,0.097000,5688000.000000,2449000.000000,3239000.000000,5688000.000000,3791000.000000,,0.000000,,0.000000,,,,,,,,,,579224000.000000,,579224000.000000,,,,,,1.000000,,,542237000.000000,,29554000.000000,,0.000000,1942000.000000,0.000000,1942000.000000,56242000.000000,35521000.000000,20721000.000000,,,,,,,,,,,,,,,,,,,21276000.000000,,,,,12744000.000000,,,,,40903000.000000,1662000.000000,,,,,,,,,,1.000000,,95125000.000000,,,93228000.000000,806000.000000,,16786000.000000,0.980000
MRT,2017-12-31,2017-12-31,2017-12-31,2017-Q4,37461000.000000,,2025-04-28,1605000.000000,636300000.000000,638389500.000000,74311000.000000,561989000.000000,0.210000,6.134000,-1310000.000000,33207000.000000,33207000.000000,3969000.000000,6064000.000000,2.017000,0.090000,6105000.000000,2073000.000000,4032000.000000,6105000.000000,1472000.000000,16604000.000000,0.000000,,0.000000,7742000.000000,24346000.000000,0.181000,24346000.000000,7742000.000000,7504000.000000,0.060000,0.060000,0.060000,583503000.000000,575850000.000000,583503000.000000,,,,10343000.000000,0.109000,1.000000,130384000.000000,0.970000,540198000.000000,238000.000000,32150000.000000,25553500.000000,0.000000,7374000.000000,0.000000,7374000.000000,52797000.000000,36850000.000000,15947000.000000,-1683000.000000,-6896000.000000,0.000000,-10031000.000000,0.000000,-10031000.000000,-3305000.000000,-500000.000000,11653000.000000,709000.000000,6064000.000000,6064000.000000,6064000.000000,0.000000,0.000000,0.045000,120145000.000000,10239000.000000,21401000.000000,0.000000,,,,13460000.000000,0.000000,,,,38937000.000000,5366000.000000,134353000.000000,134353000.000000,0.000000,0.009000,0.011000,0.303000,0.058000,7006000.000000,98464000.000000,1.000000,,95125000.000000,96350000.000000,1.412000,96102000.000000,958000.000000,1440000.000000,15537000.000000,1.010000
MRT,2018-03-31,2018-03-31,2018-03-31,2018-Q1,,,2025-04-28,,,,,,,,,,,4544000.000000,12851000.000000,,,,,,,,,,,0.000000,16549000.000000,,,,16549000.000000,16339000.000000,0.134000,0.130000,0.134000,,,,,,,,,1.000000,143780000.000000,0.969000,,210000.000000,,,,,,,,,,,,,,,,,,,,12851000.000000,12851000.000000,12851000.000000,0.000000,0.000000,0.087000,124557000.000000,19223000.000000,,0.000000,,,,,0.000000,,,,,,148324000.000000,148324000.000000,0.000000,,,,0.112000,,105245000.000000,1.000000,110179545.000000,95125000.000000,97665000.000000,1.559000,,,3488000.000000,,
MRT,2018-06-30,2018-06-30,2018-06-30,2018-Q2,56595000.000000,,2025-04-28,0.000000,651491000.000000,637171000.000000,91636000.000000,559855000.000000,0.254000,6.293000,-5449000.000000,43993000.000000,43993000.000000,5837000.000000,22813000.000000,2.615000,0.088000,5826000.000000,2589000.000000,3237000.000000,5826000.000000,2182000.000000,,0.000000,,0.000000,28252000.000000,,,,28252000.000000,28139000.000000,0.230000,0.228000,0.230000,598585000.000000,583787000.000000,598585000.000000,,,,28949000.000000,0.304000,1.000000,155824000.000000,0.964000,538739000.000000,113000.000000,39544000.000000,34766500.000000,0.000000,6786000.000000,0.000000,6786000.000000,52906000.000000,35041000.000000,17865000.000000,23112000.000000,,,,,-4869000.000000,-6418000.000000,,34398000.000000,-217000.000000,22813000.000000,22813000.000000,22813000.000000,0.000000,0.000000,0.141000,123601000.000000,32223000.000000,21804000.000000,0.000000,,,,13213000.000000,0.000000,,,,44601000.000000,21683000.000000,161661000.000000,161661000.000000,0.000000,0.036000,0.039000,0.813000,0.175000,,105000000.000000,1.000000,110179545.000000,95125000.000000,98315000.000000,1.699000,112752000.000000,1117000.000000,5326000.000000,16882000.000000,1.185000
MRT,2018-09-30,2018-09-30,2018-09-30,2018-Q3,238815000.000000,990514110.000000,2025-04-28,0.000000,829629000.000000,732547000.000000,273464000.000000,556165000.000000,0.220000,7.400000,-5449000.000000,217642000.000000,217642000.000000,9089000.000000,24999000.000000,7.892000,0.068000,5004000.000000,2309000.000000,2695000.000000,5004000.000000,1853000.000000,,0.000000,0.000000,0.000000,29816000.000000,,,,29816000.000000,29680000.000000,0.250000,0.250000,0.250000,777003000.000000,678113500.000000,777003000.000000,952347110.000000,32.000000,,26632000.000000,0.254000,1.000000,151850000.000000,0.944000,538048000.000000,136000.000000,44294000.000000,36924000.000000,0.000000,4594000.000000,0.000000,4594000.000000,52626000.000000,34649000.000000,17977000.000000,184578000.000000,,,,,165491000.000000,-12995000.000000,,32081000.000000,-778000.000000,24999000.000000,24999000.000000,24999000.000000,0.000000,0.000000,0.155000,118469000.000000,33381000.000000,23484000.000000,0.000000,1.275000,39.622000,35.960000,12396000.000000,0.000000,8.990000,6.155000,5.865000,53241000.000000,33122000.000000,160939000.000000,160939000.000000,0.000000,0.034000,0.037000,0.807000,0.185000,,102502000.000000,1.000000,110179545.000000,104995000.000000,108410000.000000,1.533000,291581000.000000,1127000.000000,4681000.000000,16051000.000000,2.777000
MRT,2018-12-31,2018-12-31,2018-12-31,2018-Q4,204088000.000000,612598270.000000,2025-04-28,316000.000000,825303000.000000,730801500.000000,238090000.000000,587213000.000000,0.221000,7.654000,-6748000.000000,177873000.000000,177873000.000000,3716000.000000,35160000.000000,7.002000,0.064000,4761000.000000,2490000.000000,2271000.000000,4761000.000000,1932000.000000,12694000.000000,0.000000,0.000000,0.000000,43335000.000000,56029000.000000,0.347000,56029000.000000,43335000.000000,41641000.000000,0.340000,0.340000,0.340000,775460000.000000,679481500.000000,775460000.000000,399960270.000000,9.000000,7.138000,27080000.000000,0.267000,1.000000,157618000.000000,0.977000,537022000.000000,1694000.000000,81167000.000000,56658500.000000,0.000000,41431000.000000,4346000.000000,37085000.000000,49843000.000000,34002000.000000,15841000.000000,145524000.000000,-38423000.000000,163004000.000000,-4058000.000000,0.000000,158946000.000000,-47250000.000000,-4588000.000000,33828000.000000,-857000.000000,35160000.000000,35160000.000000,35160000.000000,-941000.000000,0.000000,0.218000,113237000.000000,44381000.000000,17957000.000000,0.000000,0.790000,17.423000,16.353000,12162000.000000,0.000000,5.560000,3.797000,3.491000,41499000.000000,36432000.000000,161334000.000000,161334000.000000,0.000000,0.048000,0.052000,0.765000,0.269000,6439000.000000,101221000.000000,1.000000,110179545.000000,101310000.000000,104365000.000000,1.592000,288281000.000000,944000.000000,6481000.000000,15278000.000000,2.846000
MRT,2019-03-31,2019-03-31,2019-03-31,2019-Q1,200425000.000000,723879611.000000,2025-04-28,-63000.000000,842842000.000000,787316250.000000,240946000.000000,601896000.000000,0.218000,7.093000,-13316000.000000,169846000.000000,169846000.000000,11676000.000000,32921000.000000,5.946000,0.086000,18337000.000000,6356000.000000,11981000.000000,18337000.000000,1455000.000000,,0.000000,0.000000,0.000000,39240000.000000,,,,39240000.000000,37426000.000000,0.310000,0.312000,0.310000,775884000.000000,731733000.000000,775884000.000000,550767611.000000,14.000000,,24875000.000000,0.227000,1.000000,160055000.000000,0.932000,536084000.000000,1814000.000000,114728000.000000,69933250.000000,0.000000,56600000.000000,17667000.000000,38933000.000000,66958000.000000,40521000.000000,26437000.000000,131902000.000000,,,,,152501000.000000,-58789000.000000,,38191000.000000,-1357000.000000,32921000.000000,32921000.000000,32921000.000000,-941000.000000,0.000000,0.192000,121426000.000000,38629000.000000,23824000.000000,0.000000,0.933000,21.988000,21.194000,26293000.000000,0.000000,6.570000,4.215000,4.185000,42105000.000000,43014000.000000,171731000.000000,171731000.000000,0.000000,0.042000,0.045000,0.561000,0.228000,,106585000.000000,1.000000,110179545.000000,109390000.000000,111980000.000000,1.570000,306758000.000000,585000.000000,4505000.000000,15992000.000000,2.804000
MRT,2019-06-30,2019-06-30,2019-06-30,2019-Q2,193509000.000000,1141413129.000000,2025-04-28,172000.000000,852333000.000000,837526750.000000,242194000.000000,610139000.000000,0.231000,7.069000,-13425000.000000,134155000.000000,134155000.000000,22794000.000000,28932000.000000,4.975000,0.093000,17041000.000000,6988000.000000,10053000.000000,17041000.000000,1218000.000000,14351000.000000,0.000000,0.000000,0.000000,31830000.000000,46181000.000000,0.239000,46181000.000000,31830000.000000,29886000.000000,0.280000,0.280000,0.280000,779642000.000000,776997250.000000,779642000.000000,989904129.000000,31.000000,21.435000,-2016000.000000,-0.018000,1.000000,170834000.000000,0.882000,535085000.000000,1944000.000000,151449000.000000,97909500.000000,0.000000,86158000.000000,39141000.000000,47017000.000000,72691000.000000,48685000.000000,24006000.000000,90695000.000000,-39970000.000000,157224000.000000,-5097000.000000,,152127000.000000,-72840000.000000,-25687000.000000,11409000.000000,-533000.000000,28932000.000000,28932000.000000,28932000.000000,-941000.000000,0.000000,0.149000,145433000.000000,25401000.000000,32174000.000000,0.000000,1.464000,39.452000,37.286000,27362000.000000,0.000000,10.440000,5.895000,5.947000,44864000.000000,46538000.000000,193628000.000000,193628000.000000,0.000000,0.035000,0.037000,0.325000,0.164000,5761000.000000,123799000.000000,1.000000,109330760.000000,110290000.000000,112325000.000000,1.756000,317248000.000000,676000.000000,954000.000000,14480000.000000,2.876000
MRT,2019-09-30,2019-09-30,2019-09-30,2019-Q3,269818000.000000,1108396038.000000,2025-04-28,-1810000.000000,984031000.000000,876127250.000000,352161000.000000,631870000.000000,0.227000,7.927000,-17111000.000000,170697000.000000,170697000.000000,24503000.000000,47335000.000000,4.277000,0.121000,36221000.000000,26471000.000000,9750000.000000,36221000.000000,1159000.000000,,0.000000,0.000000,0.000000,50258000.000000,,,,50258000.000000,48214000.000000,0.440000,0.420000,0.440000,878154000.000000,802285000.000000,878154000.000000,991282038.000000,20.000000,,-30061000.000000,-0.271000,1.000000,174150000.000000,0.877000,533933000.000000,2044000.000000,233279000.000000,145155750.000000,1932000.000000,171010000.000000,100761000.000000,70249000.000000,105877000.000000,82343000.000000,23534000.000000,-45806000.000000,,,,,72870000.000000,-105725000.000000,,-12950000.000000,-1137000.000000,47335000.000000,47335000.000000,47335000.000000,-4542000.000000,0.000000,0.238000,158413000.000000,15737000.000000,41542000.000000,0.000000,1.262000,23.416000,22.841000,27689000.000000,0.000000,10.050000,5.580000,5.604000,51914000.000000,76044000.000000,198653000.000000,198653000.000000,0.000000,0.054000,0.059000,0.346000,0.253000,,135857000.000000,1.000000,110288163.000000,110775000.000000,112945000.000000,1.793000,450098000.000000,0.000000,879000.000000,15354000.000000,4.063000
MRT,2019-12-31,2019-12-31,2019-12-31,2019-Q4,289757000.000000,1089540508.000000,2025-04-28,-1508000.000000,1060620000.000000,934956500.000000,418327000.000000,642293000.000000,0.189000,8.122000,-13035000.000000,139487000.000000,139487000.000000,2549000.000000,57899000.000000,3.254000,0.163000,56974000.000000,47793000.000000,9181000.000000,56974000.000000,708000.000000,18934000.000000,0.000000,0.000000,0.000000,61212000.000000,80146000.000000,0.453000,80146000.000000,61212000.000000,60557000.000000,0.360000,0.360000,0.360000,912206000.000000,836471500.000000,912206000.000000,955064508.000000,16.000000,11.917000,-57499000.000000,-0.512000,1.000000,174529000.000000,0.986000,532385000.000000,655000.000000,317152000.000000,204152000.000000,7752000.000000,214447000.000000,136796000.000000,77651000.000000,148414000.000000,128570000.000000,19844000.000000,-38248000.000000,-58702000.000000,75486000.000000,37715000.000000,0.000000,113200000.000000,-106987000.000000,-35250000.000000,-44464000.000000,-137000.000000,57899000.000000,57899000.000000,57899000.000000,-17161000.000000,0.000000,0.327000,175065000.000000,-536000.000000,57125000.000000,0.000000,1.194000,18.818000,25.694000,26053000.000000,0.000000,9.250000,6.153000,5.867000,108483000.000000,99513000.000000,177078000.000000,177078000.000000,0.000000,0.062000,0.069000,0.300000,0.346000,5118000.000000,155645000.000000,1.000000,117788163.000000,112315000.000000,112415000.000000,1.577000,528235000.000000,6204000.000000,2658000.000000,18329000.000000,4.703000
MRT,2020-03-31,2020-03-31,2020-03-31,2020-Q1,261129000.000000,638563685.000000,2025-04-28,-4083000.000000,1054791000.000000,987943750.000000,409057000.000000,645734000.000000,0.201000,7.422000,-13594000.000000,169826000.000000,169826000.000000,12256000.000000,32659000.000000,2.765000,0.193000,58140000.000000,48420000.000000,9720000.000000,58140000.000000,6355000.000000,19531000.000000,0.000000,0.000000,0.000000,44288000.000000,63819000.000000,0.322000,63819000.000000,44288000.000000,37857000.000000,0.160000,0.140000,0.160000,884239000.000000,863560250.000000,884239000.000000,556050685.000000,13.000000,8.713000,-15741000.000000,-0.132000,1.000000,186246000.000000,0.938000,537694000.000000,6431000.000000,257483000.000000,239840750.000000,7329000.000000,172272000.000000,93946000.000000,78326000.000000,170552000.000000,147928000.000000,22624000.000000,326000.000000,-56826000.000000,74979000.000000,39987000.000000,,114964000.000000,-112495000.000000,-41751000.000000,-2147000.000000,-345000.000000,32659000.000000,32659000.000000,32659000.000000,-10474000.000000,0.000000,0.165000,195064000.000000,-8818000.000000,66225000.000000,0.000000,0.722000,19.552000,33.562000,25032000.000000,0.000000,5.370000,3.217000,3.223000,103070000.000000,79611000.000000,198502000.000000,198502000.000000,0.000000,0.033000,0.038000,0.185000,0.223000,4916000.000000,166553000.000000,1.000000,118913163.000000,119145000.000000,120820000.000000,1.666000,517097000.000000,4682000.000000,5198000.000000,17792000.000000,4.340000
MRT,2020-06-30,2020-06-30,2020-06-30,2020-Q2,252861000.000000,1073346093.000000,2025-04-28,-2873000.000000,963594000.000000,1015759000.000000,307167000.000000,656427000.000000,0.166000,7.485000,-12397000.000000,105454000.000000,105454000.000000,1881000.000000,46378000.000000,5.656000,0.082000,8448000.000000,3996000.000000,4452000.000000,8448000.000000,4045000.000000,20067000.000000,0.000000,0.000000,0.000000,56840000.000000,76907000.000000,0.455000,76907000.000000,56840000.000000,50386000.000000,0.240000,0.220000,0.240000,890884000.000000,891370750.000000,890884000.000000,961660093.000000,17.000000,12.504000,8529000.000000,0.072000,1.000000,167113000.000000,0.989000,538973000.000000,6454000.000000,273309000.000000,270305750.000000,184000.000000,154455000.000000,70457000.000000,83998000.000000,72714000.000000,54306000.000000,18408000.000000,-26299000.000000,-56826000.000000,61999000.000000,-8335000.000000,,53662000.000000,-100891000.000000,-30604000.000000,20926000.000000,-2402000.000000,46378000.000000,46378000.000000,46378000.000000,-11271000.000000,0.000000,0.274000,179429000.000000,-12316000.000000,28815000.000000,0.000000,1.205000,23.143000,37.500000,23292000.000000,0.000000,9.000000,6.351000,6.339000,102910000.000000,98025000.000000,168994000.000000,168994000.000000,0.000000,0.046000,0.052000,0.210000,0.336000,5089000.000000,155661000.000000,1.000000,119260677.000000,119020000.000000,119960000.000000,1.420000,424621000.000000,10165000.000000,4008000.000000,16958000.000000,3.568000
MRT,2020-09-30,2020-09-30,2020-09-30,2020-Q3,132457000.000000,1149774267.000000,2025-04-28,677000.000000,1088721000.000000,1041931500.000000,176332000.000000,912389000.000000,0.157000,8.833000,-10929000.000000,64416000.000000,64416000.000000,-1193000.000000,172625000.000000,4.019000,0.059000,9093000.000000,5185000.000000,3908000.000000,9093000.000000,2749000.000000,20511000.000000,0.000000,0.000000,0.000000,183451000.000000,203962000.000000,1.250000,203962000.000000,183451000.000000,177028000.000000,1.300000,1.300000,1.300000,1027820000.000000,928787250.000000,1027820000.000000,1052768267.000000,6.000000,5.162000,44906000.000000,0.386000,1.000000,164357000.000000,1.007000,539542000.000000,6423000.000000,449981000.000000,324481250.000000,178000.000000,404565000.000000,55220000.000000,349345000.000000,60902000.000000,43875000.000000,17027000.000000,-106014000.000000,-96086000.000000,-31373000.000000,-29049000.000000,,-60424000.000000,-101429000.000000,7334000.000000,55835000.000000,-267000.000000,172625000.000000,172625000.000000,172625000.000000,-155783000.000000,0.000000,1.058000,175849000.000000,-11492000.000000,26058000.000000,0.000000,1.119000,6.661000,7.523000,19556000.000000,0.000000,9.780000,7.047000,6.974000,42812000.000000,253796000.000000,163164000.000000,163164000.000000,0.000000,0.166000,0.186000,0.565000,1.124000,5113000.000000,150682000.000000,1.000000,117563831.000000,116355000.000000,117810000.000000,1.402000,549179000.000000,3945000.000000,4403000.000000,13930000.000000,4.720000
MRT,2020-12-31,2020-12-31,2020-12-31,2020-Q4,138391000.000000,1050574775.000000,2025-04-28,408000.000000,1109612000.000000,1054179500.000000,183711000.000000,925901000.000000,0.157000,8.943000,-9037000.000000,134168000.000000,134168000.000000,8327000.000000,179174000.000000,4.054000,0.058000,8973000.000000,5389000.000000,3584000.000000,8973000.000000,345000.000000,20390000.000000,0.000000,0.000000,0.000000,179765000.000000,200155000.000000,1.213000,200155000.000000,179765000.000000,179249000.000000,0.320000,0.320000,0.320000,1048895000.000000,962959500.000000,1048895000.000000,995251775.000000,6.000000,4.972000,84287000.000000,0.719000,1.000000,156729000.000000,0.950000,536915000.000000,516000.000000,402182000.000000,345738750.000000,0.000000,366436000.000000,0.000000,366436000.000000,60717000.000000,45320000.000000,15397000.000000,-4692000.000000,-45582000.000000,-49049000.000000,-51923000.000000,0.000000,-100972000.000000,2956000.000000,58535000.000000,93324000.000000,-627000.000000,179174000.000000,179174000.000000,179174000.000000,-141742000.000000,0.000000,1.086000,159177000.000000,-2448000.000000,25454000.000000,0.000000,1.002000,5.863000,28.531000,18167000.000000,0.000000,9.130000,6.365000,6.488000,40483000.000000,283334000.000000,165056000.000000,165056000.000000,0.000000,0.170000,0.186000,0.520000,1.089000,4521000.000000,138160000.000000,1.000000,115068431.000000,117285000.000000,118695000.000000,1.407000,572697000.000000,4383000.000000,75000.000000,12839000.000000,4.883000
MRT,2021-03-31,2021-03-31,2021-03-31,2021-Q1,131370000.000000,1147700000.000000,2025-04-28,27000.000000,1126452000.000000,1072094750.000000,188859000.000000,937593000.000000,0.159000,9.147000,-7924000.000000,143297000.000000,143297000.000000,8820000.000000,200673000.000000,3.285000,0.070000,9060000.000000,4531000.000000,4529000.000000,9060000.000000,513000.000000,20688000.000000,0.000000,0.000000,0.000000,199163000.000000,219851000.000000,1.290000,219851000.000000,199163000.000000,198372000.000000,0.480000,0.500000,0.480000,1053049000.000000,1005162000.000000,1053049000.000000,1022505000.000000,5.000000,4.651000,41254000.000000,0.358000,1.000000,161631000.000000,0.948000,545177000.000000,791000.000000,389549000.000000,378755250.000000,21000.000000,371912000.000000,80000.000000,371832000.000000,73402000.000000,57489000.000000,15913000.000000,-25606000.000000,-49708000.000000,-44307000.000000,-51675000.000000,,-95982000.000000,21196000.000000,78571000.000000,49178000.000000,-921000.000000,200673000.000000,200673000.000000,200673000.000000,-146635000.000000,0.000000,1.177000,163990000.000000,-2359000.000000,32269000.000000,0.000000,1.090000,5.719000,20.833000,16650000.000000,0.000000,10.000000,6.733000,6.754000,39563000.000000,288618000.000000,170451000.000000,170451000.000000,0.000000,0.187000,0.200000,0.526000,1.168000,4297000.000000,145981000.000000,1.000000,114770000.000000,115125000.000000,116345000.000000,1.481000,581275000.000000,3933000.000000,-2301000.000000,12094000.000000,5.049000
MRT,2021-06-30,2021-06-30,2021-06-30,2021-Q2,174516000.000000,1180245126.000000,2025-04-28,1105000.000000,1190028000.000000,1128703250.000000,253280000.000000,936748000.000000,0.176000,9.520000,-5950000.000000,178481000.000000,178481000.000000,9327000.000000,227819000.000000,3.216000,0.086000,6719000.000000,3974000.000000,2745000.000000,6719000.000000,450000.000000,20951000.000000,0.000000,0.000000,0.000000,229914000.000000,250865000.000000,1.264000,250865000.000000,229914000.000000,225771000.000000,0.740000,0.760000,0.740000,1096217000.000000,1056495250.000000,1096217000.000000,1046008126.000000,5.000000,4.170000,42433000.000000,0.369000,1.000000,189068000.000000,0.953000,543670000.000000,4143000.000000,395832000.000000,409386000.000000,21000.000000,397244000.000000,22837000.000000,374407000.000000,93811000.000000,78764000.000000,15047000.000000,71826000.000000,292000.000000,-31327000.000000,-4113000.000000,,-35441000.000000,58881000.000000,64415000.000000,48383000.000000,1203000.000000,227819000.000000,227819000.000000,227819000.000000,-145838000.000000,0.000000,1.148000,193084000.000000,-4016000.000000,43048000.000000,0.000000,1.077000,5.181000,13.851000,14846000.000000,0.000000,10.250000,5.949000,5.949000,43728000.000000,330710000.000000,198395000.000000,198395000.000000,0.000000,0.202000,0.216000,0.562000,1.159000,4737000.000000,175085000.000000,1.000000,115145866.000000,115145000.000000,115755000.000000,1.723000,646358000.000000,3824000.000000,-2048000.000000,11610000.000000,5.613000
MRT,2021-09-30,2021-09-30,2021-09-30,2021-Q3,176732000.000000,1019040914.000000,2025-04-28,-311000.000000,1212492000.000000,1159646000.000000,254386000.000000,958106000.000000,0.192000,9.744000,-5124000.000000,89964000.000000,89964000.000000,10366000.000000,96952000.000000,3.276000,0.081000,29289000.000000,27094000.000000,2195000.000000,29289000.000000,587000.000000,20924000.000000,0.000000,0.000000,0.000000,98801000.000000,119725000.000000,0.537000,119725000.000000,98801000.000000,94002000.000000,-0.380000,-0.360000,-0.380000,1121967000.000000,1080032000.000000,1121967000.000000,847278914.000000,9.000000,7.077000,22453000.000000,0.195000,1.000000,212659000.000000,0.954000,540844000.000000,4799000.000000,533319000.000000,430220500.000000,24000.000000,506171000.000000,106313000.000000,399858000.000000,90525000.000000,77654000.000000,12871000.000000,26027000.000000,39552000.000000,-8944000.000000,-4633000.000000,,-13579000.000000,12025000.000000,-23211000.000000,27577000.000000,-477000.000000,96952000.000000,96952000.000000,96952000.000000,2275000.000000,0.000000,0.435000,220295000.000000,-7636000.000000,36591000.000000,0.000000,0.908000,10.511000,-23.289000,13751000.000000,0.000000,8.850000,4.569000,4.569000,47482000.000000,357873000.000000,223025000.000000,223025000.000000,0.000000,0.084000,0.090000,0.230000,0.443000,6999000.000000,202887000.000000,1.000000,115145866.000000,115145000.000000,116130000.000000,1.937000,671648000.000000,3653000.000000,-2950000.000000,11424000.000000,5.833000
MRT,2021-12-31,2021-12-31,2021-12-31,2021-Q4,470200000.000000,812929814.000000,2025-04-28,-520000.000000,1092460000.000000,1155358000.000000,540986000.000000,551474000.000000,0.217000,8.798000,-5896000.000000,102876000.000000,102876000.000000,13691000.000000,-43964000.000000,7.643000,0.078000,13508000.000000,11427000.000000,2081000.000000,13508000.000000,1092000.000000,19600000.000000,0.000000,0.000000,0.000000,-37009000.000000,-17409000.000000,-0.069000,-17409000.000000,-37009000.000000,-43921000.000000,-0.380000,-0.380000,-0.380000,1013039000.000000,1071068000.000000,1013039000.000000,752254814.000000,-20.000000,-43.211000,20668000.000000,0.180000,1.000000,237300000.000000,0.945000,534005000.000000,6912000.000000,398301000.000000,429250250.000000,0.000000,81018000.000000,78135000.000000,2883000.000000,79421000.000000,70786000.000000,8635000.000000,-29822000.000000,40992000.000000,-749000.000000,-5934000.000000,0.000000,-6683000.000000,-49703000.000000,-84835000.000000,26564000.000000,-1472000.000000,-43964000.000000,-43964000.000000,-43964000.000000,816000.000000,0.000000,-0.175000,243511000.000000,-6211000.000000,38378000.000000,0.000000,0.802000,-18.491000,-18.579000,12263000.000000,0.000000,7.060000,3.239000,3.239000,62402000.000000,249155000.000000,250991000.000000,250991000.000000,0.000000,-0.038000,-0.041000,-0.086000,-0.147000,9785000.000000,218196000.000000,1.000000,115145866.000000,115140000.000000,115140000.000000,2.180000,558455000.000000,2323000.000000,43000.000000,7295000.000000,4.850000
MRT,2022-03-31,2022-03-31,2022-03-31,2022-Q1,402361000.000000,680512068.000000,2025-04-28,-580000.000000,1074284000.000000,1142316000.000000,466533000.000000,607751000.000000,0.237000,8.656000,-4979000.000000,117786000.000000,117786000.000000,19576000.000000,-54039000.000000,7.270000,0.072000,4623000.000000,3291000.000000,1332000.000000,4623000.000000,2594000.000000,18153000.000000,0.000000,0.000000,0.000000,-34433000.000000,-16280000.000000,-0.060000,-16280000.000000,-34433000.000000,-52561000.000000,-0.480000,-0.460000,-0.480000,1002466000.000000,1058422250.000000,1002466000.000000,591144068.000000,-17.000000,-36.311000,27774000.000000,0.240000,1.000000,251414000.000000,0.928000,532935000.000000,18128000.000000,364014000.000000,422866500.000000,0.000000,187700000.000000,126189000.000000,61511000.000000,71818000.000000,64172000.000000,7646000.000000,-24287000.000000,50000000.000000,-3046000.000000,-7096000.000000,,-10143000.000000,-46901000.000000,-91955000.000000,32753000.000000,-1225000.000000,-54039000.000000,-54039000.000000,-54039000.000000,816000.000000,0.000000,-0.199000,254827000.000000,-3413000.000000,47917000.000000,0.000000,0.679000,-12.593000,-12.312000,10977000.000000,0.000000,5.910000,2.511000,2.526000,46814000.000000,241686000.000000,270990000.000000,270990000.000000,0.000000,-0.047000,-0.051000,-0.081000,-0.127000,11018000.000000,230308000.000000,1.000000,115145866.000000,115815000.000000,115815000.000000,2.340000,541349000.000000,2327000.000000,1478000.000000,7811000.000000,4.674000
MRT,2022-06-30,2022-06-30,2022-06-30,2022-Q2,349293000.000000,510678000.000000,2025-04-28,-2653000.000000,1053750000.000000,1108246500.000000,405081000.000000,648669000.000000,0.260000,8.621000,-8460000.000000,139400000.000000,139400000.000000,28767000.000000,-104162000.000000,7.261000,0.065000,3360000.000000,2549000.000000,811000.000000,3360000.000000,1868000.000000,16494000.000000,0.000000,0.000000,0.000000,-67068000.000000,-50574000.000000,-0.175000,-50574000.000000,-67068000.000000,-96989000.000000,-0.920000,-0.900000,-0.920000,989254000.000000,1031681500.000000,989254000.000000,397515000.000000,-6.000000,-7.860000,19665000.000000,0.171000,1.000000,259896000.000000,0.900000,532662000.000000,29921000.000000,329260000.000000,406223500.000000,0.000000,222947000.000000,120490000.000000,102457000.000000,64496000.000000,55788000.000000,8708000.000000,-37378000.000000,32879000.000000,-9869000.000000,-5836000.000000,,-15704000.000000,-49801000.000000,-74269000.000000,28125000.000000,-1703000.000000,-104162000.000000,-104162000.000000,-104162000.000000,816000.000000,0.000000,-0.361000,244153000.000000,15743000.000000,38752000.000000,0.000000,0.516000,-4.903000,-4.793000,11344000.000000,0.000000,4.410000,1.769000,1.753000,52956000.000000,237370000.000000,288663000.000000,288663000.000000,0.000000,-0.094000,-0.101000,-0.165000,-0.232000,10821000.000000,221020000.000000,1.000000,115800000.000000,114750000.000000,114750000.000000,2.516000,521088000.000000,2206000.000000,7173000.000000,11459000.000000,4.541000
MRT,2022-09-30,2022-09-30,2022-09-30,2022-Q3,318739000.000000,498015000.000000,2025-04-28,-5065000.000000,1072270000.000000,1073191000.000000,387859000.000000,684411000.000000,0.286000,8.741000,-9221000.000000,166071000.000000,166071000.000000,41176000.000000,-118278000.000000,5.611000,0.079000,3934000.000000,3378000.000000,556000.000000,3934000.000000,1509000.000000,15004000.000000,0.000000,0.000000,0.000000,-72437000.000000,-57433000.000000,-0.187000,-57433000.000000,-72437000.000000,-106326000.000000,-1.040000,-1.020000,-1.040000,993588000.000000,999586750.000000,993588000.000000,361975000.000000,-5.000000,-6.303000,40372000.000000,0.355000,1.000000,266214000.000000,0.866000,532248000.000000,33889000.000000,308765000.000000,350085000.000000,0.000000,205990000.000000,67228000.000000,138762000.000000,78683000.000000,69120000.000000,9563000.000000,78222000.000000,36879000.000000,-14247000.000000,-4834000.000000,,-19079000.000000,47708000.000000,19235000.000000,49593000.000000,-2116000.000000,-118278000.000000,-118278000.000000,-118278000.000000,816000.000000,0.000000,-0.385000,233676000.000000,32538000.000000,41012000.000000,0.000000,0.501000,-4.211000,-4.173000,11334000.000000,0.000000,4.340000,1.620000,1.605000,62742000.000000,248495000.000000,307390000.000000,307390000.000000,0.000000,-0.110000,-0.118000,-0.207000,-0.236000,8898000.000000,211829000.000000,1.000000,114750000.000000,113675000.000000,113970000.000000,2.704000,540022000.000000,2068000.000000,11952000.000000,16053000.000000,4.751000
MRT,2022-12-31,2022-12-31,2022-12-31,2022-Q4,275883000.000000,712142918.000000,2025-04-28,-3385000.000000,964686000.000000,1041247500.000000,340213000.000000,624473000.000000,0.318000,8.113000,-9976000.000000,52414000.000000,52414000.000000,54588000.000000,15035000.000000,5.289000,0.086000,7835000.000000,3112000.000000,4723000.000000,7835000.000000,995000.000000,13939000.000000,0.000000,0.000000,0.000000,63599000.000000,77538000.000000,0.234000,77538000.000000,63599000.000000,23870000.000000,0.140000,0.140000,0.140000,888213000.000000,968380250.000000,888213000.000000,550005918.000000,9.000000,7.093000,46686000.000000,0.426000,1.000000,276449000.000000,0.835000,529428000.000000,39729000.000000,326349000.000000,332097000.000000,0.000000,201545000.000000,122597000.000000,78948000.000000,76472000.000000,64330000.000000,12142000.000000,-49465000.000000,0.000000,-146068000.000000,-4215000.000000,0.000000,-150578000.000000,44450000.000000,53057000.000000,56662000.000000,-996000.000000,15035000.000000,15035000.000000,15035000.000000,0.000000,0.000000,0.045000,234642000.000000,41807000.000000,46937000.000000,0.000000,0.802000,47.366000,44.929000,14623000.000000,0.000000,6.290000,2.151000,2.080000,75170000.000000,273262000.000000,331037000.000000,331037000.000000,0.000000,0.014000,0.016000,0.192000,0.192000,9073000.000000,216591000.000000,1.000000,113218270.000000,109480000.000000,110335000.000000,3.024000,435258000.000000,1473000.000000,8835000.000000,8485000.000000,3.976000
MRT,2023-03-31,2023-03-31,2023-03-31,2023-Q1,272309000.000000,954607050.000000,2025-04-28,-3334000.000000,911550000.000000,1000564000.000000,337781000.000000,573769000.000000,0.346000,9.283000,-10402000.000000,84843000.000000,84843000.000000,63434000.000000,39948000.000000,5.159000,0.094000,6953000.000000,2468000.000000,4485000.000000,6953000.000000,6971000.000000,13729000.000000,0.000000,0.079000,0.800000,81599000.000000,95328000.000000,0.275000,95328000.000000,81599000.000000,51445000.000000,0.400000,0.400000,0.400000,833455000.000000,926127500.000000,833455000.000000,910028050.000000,11.000000,9.546000,58523000.000000,0.652000,1.000000,283070000.000000,0.817000,528990000.000000,30154000.000000,239198000.000000,300893000.000000,0.000000,59352000.000000,29246000.000000,30106000.000000,78095000.000000,65472000.000000,12623000.000000,-32168000.000000,,-145487000.000000,-4230000.000000,-12273000.000000,-162284000.000000,61192000.000000,69674000.000000,68925000.000000,-774000.000000,39948000.000000,39948000.000000,39948000.000000,0.000000,0.000000,0.115000,228655000.000000,54415000.000000,42862000.000000,2.000000,1.145000,23.896000,25.425000,13183000.000000,0.000000,10.170000,2.755000,2.635000,56288000.000000,220917000.000000,346504000.000000,346504000.000000,0.000000,0.040000,0.043000,0.271000,0.235000,10539000.000000,209124000.000000,1.000000,93865000.000000,89785000.000000,90640000.000000,3.859000,382560000.000000,1491000.000000,11497000.000000,11416000.000000,4.261000
MRT,2023-06-30,2023-06-30,2023-06-30,2023-Q2,272035000.000000,1785165448.000000,2025-04-28,-4553000.000000,908543000.000000,964262250.000000,354546000.000000,553997000.000000,0.376000,9.083000,-7111000.000000,98155000.000000,98155000.000000,74157000.000000,59321000.000000,4.297000,0.113000,8060000.000000,2787000.000000,5273000.000000,8060000.000000,4845000.000000,13664000.000000,0.000000,0.060000,1.200000,83117000.000000,96781000.000000,0.267000,96781000.000000,83117000.000000,68224000.000000,0.620000,0.600000,0.620000,816493000.000000,882937250.000000,816493000.000000,1707275448.000000,21.000000,17.641000,75707000.000000,0.842000,1.000000,288647000.000000,0.796000,528617000.000000,14893000.000000,207320000.000000,270408000.000000,0.000000,34679000.000000,24545000.000000,10134000.000000,92050000.000000,82511000.000000,9539000.000000,-40076000.000000,-32879000.000000,-138270000.000000,-4180000.000000,-12273000.000000,-155098000.000000,32203000.000000,69427000.000000,82818000.000000,-1168000.000000,59321000.000000,59321000.000000,59321000.000000,0.000000,0.000000,0.164000,232937000.000000,55710000.000000,47242000.000000,1.935000,2.186000,30.093000,32.048000,13852000.000000,0.000000,19.870000,4.920000,4.923000,60139000.000000,204780000.000000,362804000.000000,362804000.000000,0.000000,0.062000,0.067000,0.307000,0.229000,12760000.000000,213972000.000000,1.000000,89842247.000000,89895000.000000,91315000.000000,4.036000,379926000.000000,1393000.000000,8903000.000000,10435000.000000,4.226000
MRT,2023-09-30,2023-09-30,2023-09-30,2023-Q3,279271000.000000,1013324784.000000,2025-04-28,-5515000.000000,900959000.000000,921434500.000000,354879000.000000,546080000.000000,0.413000,9.140000,-6888000.000000,83505000.000000,83505000.000000,83660000.000000,66773000.000000,4.694000,0.099000,8482000.000000,2888000.000000,5594000.000000,8482000.000000,3188000.000000,13431000.000000,0.000000,0.106000,1.200000,80965000.000000,94396000.000000,0.248000,94396000.000000,80965000.000000,70727000.000000,0.720000,0.700000,0.720000,819458000.000000,839404750.000000,819458000.000000,923229784.000000,11.000000,9.780000,74131000.000000,0.827000,1.000000,296436000.000000,0.780000,527278000.000000,10238000.000000,223050000.000000,248979250.000000,0.000000,34979000.000000,32449000.000000,2530000.000000,81501000.000000,75608000.000000,5893000.000000,-81460000.000000,,-151121000.000000,-4096000.000000,-23105000.000000,-178789000.000000,16309000.000000,57236000.000000,81019000.000000,-1106000.000000,66773000.000000,66773000.000000,66773000.000000,0.000000,0.000000,0.176000,240822000.000000,55614000.000000,46835000.000000,1.667000,1.237000,15.176000,15.653000,14565000.000000,0.000000,11.270000,2.666000,2.658000,65237000.000000,225937000.000000,380096000.000000,380096000.000000,0.000000,0.072000,0.080000,0.325000,0.213000,14835000.000000,220871000.000000,1.000000,89913468.000000,89655000.000000,91215000.000000,4.240000,373681000.000000,1708000.000000,3954000.000000,10606000.000000,4.168000
MRT,2023-12-31,2023-12-31,2023-12-31,2023-Q4,127050000.000000,1186135650.000000,2025-04-28,-4127000.000000,1010943000.000000,932998750.000000,208461000.000000,802482000.000000,0.425000,10.306000,-6154000.000000,93863000.000000,93863000.000000,93250000.000000,153301000.000000,2.561000,0.099000,10546000.000000,3770000.000000,6776000.000000,10546000.000000,10272000.000000,13165000.000000,0.000000,0.091000,1.200000,160642000.000000,173807000.000000,0.438000,173807000.000000,160642000.000000,159998000.000000,1.720000,1.690000,1.720000,919850000.000000,847314000.000000,919850000.000000,1111112650.000000,7.000000,6.393000,76607000.000000,0.858000,1.000000,303577000.000000,0.765000,528926000.000000,644000.000000,317289000.000000,246714250.000000,0.000000,289146000.000000,32797000.000000,256349000.000000,91093000.000000,81411000.000000,9682000.000000,42918000.000000,0.000000,-32301000.000000,-4068000.000000,-23105000.000000,-59843000.000000,19999000.000000,23414000.000000,82761000.000000,-1469000.000000,153301000.000000,153301000.000000,153301000.000000,0.000000,0.000000,0.386000,240686000.000000,62891000.000000,52247000.000000,0.698000,1.289000,7.737000,7.692000,16074000.000000,0.000000,13.230000,2.989000,2.976000,77142000.000000,445164000.000000,396827000.000000,396827000.000000,0.000000,0.164000,0.181000,0.651000,0.405000,14926000.000000,223539000.000000,1.000000,89655000.000000,89256000.000000,90922000.000000,4.446000,482017000.000000,1133000.000000,6697000.000000,4651000.000000,5.400000
MRT,2024-03-31,2024-03-31,2024-03-31,2024-Q1,91759000.000000,1383664070.000000,2025-04-28,-4373000.000000,997984000.000000,954607250.000000,175190000.000000,822794000.000000,0.431000,10.199000,-26392000.000000,91338000.000000,91338000.000000,100372000.000000,152662000.000000,2.100000,0.106000,10723000.000000,3781000.000000,6942000.000000,10723000.000000,7703000.000000,12858000.000000,0.000000,0.051000,0.800000,161132000.000000,173990000.000000,0.423000,173990000.000000,161132000.000000,160719000.000000,1.710000,1.680000,1.710000,902157000.000000,864489500.000000,902157000.000000,1300347070.000000,8.000000,7.474000,61664000.000000,0.697000,1.000000,311275000.000000,0.756000,528490000.000000,413000.000000,305448000.000000,263276750.000000,0.000000,264113000.000000,7751000.000000,256362000.000000,95827000.000000,83431000.000000,12396000.000000,9451000.000000,0.000000,-29837000.000000,-4191000.000000,-20706000.000000,-55173000.000000,-23434000.000000,0.000000,88056000.000000,-2954000.000000,152662000.000000,152662000.000000,152662000.000000,0.000000,0.000000,0.371000,242760000.000000,68515000.000000,52716000.000000,0.468000,1.534000,9.064000,9.246000,36781000.000000,0.000000,15.810000,3.361000,3.397000,68872000.000000,462724000.000000,411647000.000000,411647000.000000,0.000000,0.160000,0.177000,0.612000,0.391000,13651000.000000,225986000.000000,1.000000,87518284.000000,88453000.000000,89243000.000000,4.654000,469494000.000000,1161000.000000,8057000.000000,10638000.000000,5.308000
MRT,2024-06-30,2024-06-30,2024-06-30,2024-Q2,112336000.000000,1241908200.000000,2025-04-28,-4292000.000000,1007904000.000000,979447500.000000,186681000.000000,821223000.000000,0.436000,10.428000,-28086000.000000,104356000.000000,104356000.000000,105463000.000000,158428000.000000,2.511000,0.093000,9679000.000000,3641000.000000,6038000.000000,9679000.000000,5130000.000000,13514000.000000,0.000000,0.028000,0.400000,168668000.000000,182182000.000000,0.426000,182182000.000000,168668000.000000,168162000.000000,,,,922445000.000000,890977500.000000,922445000.000000,1161293200.000000,7.000000,6.374000,61869000.000000,0.699000,1.000000,321784000.000000,0.753000,529072000.000000,506000.000000,309810000.000000,288899250.000000,0.000000,263703000.000000,7818000.000000,255885000.000000,85459000.000000,74345000.000000,11114000.000000,10004000.000000,500000.000000,-30231000.000000,-3890000.000000,-20706000.000000,-55316000.000000,-24637000.000000,0.000000,89955000.000000,-3802000.000000,158428000.000000,158428000.000000,158428000.000000,0.000000,0.000000,0.371000,243862000.000000,77922000.000000,52992000.000000,,1.346000,7.839000,,35038000.000000,0.000000,14.040000,2.907000,2.907000,70638000.000000,482931000.000000,427247000.000000,427247000.000000,0.000000,0.162000,0.178000,0.584000,0.395000,11974000.000000,227852000.000000,1.000000,88455000.000000,88455000.000000,,4.830000,478832000.000000,1228000.000000,9734000.000000,8531000.000000,5.413000
MRT,2024-09-30,2024-09-30,2024-09-30,2024-Q3,101495000.000000,1366796286.000000,2025-04-28,-2823000.000000,1012665000.000000,1007374000.000000,193424000.000000,819241000.000000,0.445000,10.306000,-30272000.000000,106005000.000000,106005000.000000,113329000.000000,159532000.000000,2.104000,0.111000,8961000.000000,3523000.000000,5438000.000000,8961000.000000,3471000.000000,14455000.000000,0.000000,0.052000,0.800000,174425000.000000,188880000.000000,0.422000,188880000.000000,174425000.000000,173894000.000000,,,,911692000.000000,914036000.000000,911692000.000000,1272119286.000000,7.000000,6.735000,78346000.000000,0.886000,1.000000,334489000.000000,0.747000,527726000.000000,531000.000000,295966000.000000,307128250.000000,0.000000,255926000.000000,0.000000,255926000.000000,100973000.000000,91929000.000000,9044000.000000,26772000.000000,,-13001000.000000,-4001000.000000,-37443000.000000,-54958000.000000,-26890000.000000,0.000000,108618000.000000,-4270000.000000,159532000.000000,159532000.000000,159532000.000000,0.000000,0.000000,0.356000,249460000.000000,85029000.000000,63678000.000000,,1.499000,8.568000,,34490000.000000,0.000000,15.450000,3.052000,3.052000,79159000.000000,506107000.000000,447818000.000000,447818000.000000,0.000000,0.158000,0.175000,0.568000,0.389000,11713000.000000,234642000.000000,1.000000,88465779.000000,88465779.000000,,5.062000,484939000.000000,1099000.000000,14362000.000000,11715000.000000,5.482000
MRT,2024-12-31,2024-12-31,2024-12-31,2024-Q4,130811000.000000,1675814117.000000,2025-04-28,-4938000.000000,1055585000.000000,1018534500.000000,231904000.000000,823681000.000000,0.472000,10.627000,-30607000.000000,126797000.000000,126797000.000000,132559000.000000,80771000.000000,2.294000,0.123000,9586000.000000,3955000.000000,5631000.000000,9586000.000000,5441000.000000,15582000.000000,0.000000,0.042000,0.800000,98999000.000000,114581000.000000,0.238000,114581000.000000,98999000.000000,98413000.000000,0.910000,0.900000,0.910000,940100000.000000,919098500.000000,940100000.000000,1578770117.000000,16.000000,13.779000,74370000.000000,0.841000,1.000000,348089000.000000,0.724000,527251000.000000,586000.000000,310030000.000000,305313500.000000,0.000000,261308000.000000,0.000000,261308000.000000,115484000.000000,101093000.000000,14391000.000000,35720000.000000,-1250000.000000,0.000000,-4181000.000000,-37435000.000000,-42146000.000000,-27112000.000000,1333000.000000,104977000.000000,-2785000.000000,80771000.000000,80771000.000000,80771000.000000,0.000000,0.000000,0.168000,255827000.000000,92262000.000000,75285000.000000,0.879000,1.783000,20.748000,20.813000,34058000.000000,0.000000,18.940000,3.487000,3.486000,97383000.000000,536623000.000000,480648000.000000,480648000.000000,0.000000,0.079000,0.088000,0.324000,0.206000,8631000.000000,243283000.000000,1.000000,88480154.000000,88463000.000000,89676000.000000,5.433000,528334000.000000,1063000.000000,17642000.000000,11879000.000000,5.972000
MRT,2025-03-31,2025-03-31,2025-03-31,2025-Q1,117642000.000000,1410373655.000000,2025-04-28,-3786000.000000,1043099000.000000,1029813250.000000,218578000.000000,824521000.000000,0.506000,10.388000,-11810000.000000,103546000.000000,103546000.000000,159236000.000000,84215000.000000,2.166000,0.122000,9550000.000000,4095000.000000,5455000.000000,9550000.000000,4391000.000000,16945000.000000,0.000000,0.050000,0.800000,100300000.000000,117245000.000000,0.225000,117245000.000000,100300000.000000,99736000.000000,,,,929576000.000000,925953250.000000,929576000.000000,1293162655.000000,13.000000,11.030000,78090000.000000,0.873000,1.000000,362258000.000000,0.695000,527854000.000000,564000.000000,320313000.000000,309029750.000000,0.000000,262630000.000000,0.000000,262630000.000000,113524000.000000,100936000.000000,12588000.000000,12722000.000000,,,-4054000.000000,-62956000.000000,-67517000.000000,-9662000.000000,,89900000.000000,-513000.000000,84215000.000000,84215000.000000,84215000.000000,0.000000,0.000000,0.161000,268498000.000000,93760000.000000,68592000.000000,,1.517000,16.747000,,32897000.000000,0.000000,15.940000,2.704000,2.735000,108479000.000000,560340000.000000,521494000.000000,521494000.000000,0.000000,0.082000,0.091000,0.325000,0.192000,12235000.000000,247274000.000000,1.000000,88480154.000000,89486000.000000,,5.828000,515245000.000000,1140000.000000,15521000.000000,14558000.000000,5.758000
MRY,2017-12-31,2017-12-31,2017-12-31,2017-FY,37461000.000000,,2025-04-28,1605000.000000,636300000.000000,638389500.000000,74311000.000000,561989000.000000,0.210000,6.134000,-1310000.000000,33207000.000000,33207000.000000,3969000.000000,6064000.000000,2.017000,0.090000,6105000.000000,2073000.000000,4032000.000000,6105000.000000,1472000.000000,16604000.000000,0.000000,,0.000000,7742000.000000,24346000.000000,0.181000,24346000.000000,7742000.000000,7504000.000000,0.060000,0.060000,0.060000,583503000.000000,575850000.000000,583503000.000000,,,,10343000.000000,0.109000,1.000000,130384000.000000,0.970000,540198000.000000,238000.000000,32150000.000000,25553500.000000,0.000000,7374000.000000,0.000000,7374000.000000,52797000.000000,36850000.000000,15947000.000000,-1683000.000000,-6896000.000000,0.000000,-10031000.000000,0.000000,-10031000.000000,-3305000.000000,-500000.000000,11653000.000000,709000.000000,6064000.000000,6064000.000000,6064000.000000,0.000000,0.000000,0.045000,120145000.000000,10239000.000000,21401000.000000,0.000000,,,,13460000.000000,0.000000,,,,38937000.000000,5366000.000000,134353000.000000,134353000.000000,0.000000,0.009000,0.011000,0.303000,0.058000,7006000.000000,98464000.000000,1.000000,,95125000.000000,96350000.000000,1.412000,96102000.000000,958000.000000,1440000.000000,15537000.000000,1.010000
MRY,2018-12-31,2018-12-31,2018-12-31,2018-FY,204088000.000000,612598270.000000,2025-04-28,316000.000000,825303000.000000,730801500.000000,238090000.000000,587213000.000000,0.221000,7.654000,-6748000.000000,177873000.000000,177873000.000000,3716000.000000,35160000.000000,7.002000,0.064000,4761000.000000,2490000.000000,2271000.000000,4761000.000000,1932000.000000,12694000.000000,0.000000,0.000000,0.000000,43335000.000000,56029000.000000,0.347000,56029000.000000,43335000.000000,41641000.000000,0.340000,0.340000,0.340000,775460000.000000,679481500.000000,775460000.000000,399960270.000000,9.000000,7.138000,27080000.000000,0.267000,1.000000,157618000.000000,0.977000,537022000.000000,1694000.000000,81167000.000000,56658500.000000,0.000000,41431000.000000,4346000.000000,37085000.000000,49843000.000000,34002000.000000,15841000.000000,145524000.000000,-38423000.000000,163004000.000000,-4058000.000000,0.000000,158946000.000000,-47250000.000000,-4588000.000000,33828000.000000,-857000.000000,35160000.000000,35160000.000000,35160000.000000,-941000.000000,0.000000,0.218000,113237000.000000,44381000.000000,17957000.000000,0.000000,0.790000,17.423000,16.353000,12162000.000000,0.000000,5.560000,3.797000,3.491000,41499000.000000,36432000.000000,161334000.000000,161334000.000000,0.000000,0.048000,0.052000,0.765000,0.269000,6439000.000000,101221000.000000,1.000000,110179545.000000,101310000.000000,104365000.000000,1.592000,288281000.000000,944000.000000,6481000.000000,15278000.000000,2.846000
MRY,2019-12-31,2019-12-31,2019-12-31,2019-FY,289757000.000000,1089540508.000000,2025-04-28,-1508000.000000,1060620000.000000,934956500.000000,418327000.000000,642293000.000000,0.189000,8.122000,-13035000.000000,139487000.000000,139487000.000000,2549000.000000,57899000.000000,3.254000,0.163000,56974000.000000,47793000.000000,9181000.000000,56974000.000000,708000.000000,18934000.000000,0.000000,0.000000,0.000000,61212000.000000,80146000.000000,0.453000,80146000.000000,61212000.000000,60557000.000000,0.360000,0.360000,0.360000,912206000.000000,836471500.000000,912206000.000000,955064508.000000,16.000000,11.917000,-57499000.000000,-0.512000,1.000000,174529000.000000,0.986000,532385000.000000,655000.000000,317152000.000000,204152000.000000,7752000.000000,214447000.000000,136796000.000000,77651000.000000,148414000.000000,128570000.000000,19844000.000000,-38248000.000000,-58702000.000000,75486000.000000,37715000.000000,0.000000,113200000.000000,-106987000.000000,-35250000.000000,-44464000.000000,-137000.000000,57899000.000000,57899000.000000,57899000.000000,-17161000.000000,0.000000,0.327000,175065000.000000,-536000.000000,57125000.000000,0.000000,1.194000,18.818000,25.694000,26053000.000000,0.000000,9.250000,6.153000,5.867000,108483000.000000,99513000.000000,177078000.000000,177078000.000000,0.000000,0.062000,0.069000,0.300000,0.346000,5118000.000000,155645000.000000,1.000000,117788163.000000,112315000.000000,112415000.000000,1.577000,528235000.000000,6204000.000000,2658000.000000,18329000.000000,4.703000
MRY,2020-12-31,2020-12-31,2020-12-31,2020-FY,138391000.000000,1050574775.000000,2025-04-28,408000.000000,1109612000.000000,1054179500.000000,183711000.000000,925901000.000000,0.157000,8.943000,-9037000.000000,134168000.000000,134168000.000000,8327000.000000,179174000.000000,4.054000,0.058000,8973000.000000,5389000.000000,3584000.000000,8973000.000000,345000.000000,20390000.000000,0.000000,0.000000,0.000000,179765000.000000,200155000.000000,1.213000,200155000.000000,179765000.000000,179249000.000000,0.320000,0.320000,0.320000,1048895000.000000,962959500.000000,1048895000.000000,995251775.000000,6.000000,4.972000,84287000.000000,0.719000,1.000000,156729000.000000,0.950000,536915000.000000,516000.000000,402182000.000000,345738750.000000,0.000000,366436000.000000,0.000000,366436000.000000,60717000.000000,45320000.000000,15397000.000000,-4692000.000000,-45582000.000000,-49049000.000000,-51923000.000000,0.000000,-100972000.000000,2956000.000000,58535000.000000,93324000.000000,-627000.000000,179174000.000000,179174000.000000,179174000.000000,-141742000.000000,0.000000,1.086000,159177000.000000,-2448000.000000,25454000.000000,0.000000,1.002000,5.863000,28.531000,18167000.000000,0.000000,9.130000,6.365000,6.488000,40483000.000000,283334000.000000,165056000.000000,165056000.000000,0.000000,0.170000,0.186000,0.520000,1.089000,4521000.000000,138160000.000000,1.000000,115068431.000000,117285000.000000,118695000.000000,1.407000,572697000.000000,4383000.000000,75000.000000,12839000.000000,4.883000
MRY,2021-12-31,2021-12-31,2021-12-31,2021-FY,470200000.000000,812929814.000000,2025-04-28,-520000.000000,1092460000.000000,1155358000.000000,540986000.000000,551474000.000000,0.217000,8.798000,-5896000.000000,102876000.000000,102876000.000000,13691000.000000,-43964000.000000,7.643000,0.078000,13508000.000000,11427000.000000,2081000.000000,13508000.000000,1092000.000000,19600000.000000,0.000000,0.000000,0.000000,-37009000.000000,-17409000.000000,-0.069000,-17409000.000000,-37009000.000000,-43921000.000000,-0.380000,-0.380000,-0.380000,1013039000.000000,1071068000.000000,1013039000.000000,752254814.000000,-20.000000,-43.211000,20668000.000000,0.180000,1.000000,237300000.000000,0.945000,534005000.000000,6912000.000000,398301000.000000,429250250.000000,0.000000,81018000.000000,78135000.000000,2883000.000000,79421000.000000,70786000.000000,8635000.000000,-29822000.000000,40992000.000000,-749000.000000,-5934000.000000,0.000000,-6683000.000000,-49703000.000000,-84835000.000000,26564000.000000,-1472000.000000,-43964000.000000,-43964000.000000,-43964000.000000,816000.000000,0.000000,-0.175000,243511000.000000,-6211000.000000,38378000.000000,0.000000,0.802000,-18.491000,-18.579000,12263000.000000,0.000000,7.060000,3.239000,3.239000,62402000.000000,249155000.000000,250991000.000000,250991000.000000,0.000000,-0.038000,-0.041000,-0.086000,-0.147000,9785000.000000,218196000.000000,1.000000,115145866.000000,115140000.000000,115140000.000000,2.180000,558455000.000000,2323000.000000,43000.000000,7295000.000000,4.850000
MRY,2022-12-31,2022-12-31,2022-12-31,2022-FY,275883000.000000,712142918.000000,2025-04-28,-3385000.000000,964686000.000000,1041247500.000000,340213000.000000,624473000.000000,0.318000,8.113000,-9976000.000000,52414000.000000,52414000.000000,54588000.000000,15035000.000000,5.289000,0.086000,7835000.000000,3112000.000000,4723000.000000,7835000.000000,995000.000000,13939000.000000,0.000000,0.000000,0.000000,63599000.000000,77538000.000000,0.234000,77538000.000000,63599000.000000,23870000.000000,0.140000,0.140000,0.140000,888213000.000000,968380250.000000,888213000.000000,550005918.000000,9.000000,7.093000,46686000.000000,0.426000,1.000000,276449000.000000,0.835000,529428000.000000,39729000.000000,326349000.000000,332097000.000000,0.000000,201545000.000000,122597000.000000,78948000.000000,76472000.000000,64330000.000000,12142000.000000,-49465000.000000,0.000000,-146068000.000000,-4215000.000000,0.000000,-150578000.000000,44450000.000000,53057000.000000,56662000.000000,-996000.000000,15035000.000000,15035000.000000,15035000.000000,0.000000,0.000000,0.045000,234642000.000000,41807000.000000,46937000.000000,0.000000,0.802000,47.366000,44.929000,14623000.000000,0.000000,6.290000,2.151000,2.080000,75170000.000000,273262000.000000,331037000.000000,331037000.000000,0.000000,0.014000,0.016000,0.192000,0.192000,9073000.000000,216591000.000000,1.000000,113218270.000000,109480000.000000,110335000.000000,3.024000,435258000.000000,1473000.000000,8835000.000000,8485000.000000,3.976000
MRY,2023-12-31,2023-12-31,2023-12-31,2023-FY,127050000.000000,1186135650.000000,2025-04-28,-4127000.000000,1010943000.000000,932998750.000000,208461000.000000,802482000.000000,0.425000,10.306000,-6154000.000000,93863000.000000,93863000.000000,93250000.000000,153301000.000000,2.561000,0.099000,10546000.000000,3770000.000000,6776000.000000,10546000.000000,10272000.000000,13165000.000000,0.000000,0.091000,1.200000,160642000.000000,173807000.000000,0.438000,173807000.000000,160642000.000000,159998000.000000,1.720000,1.690000,1.720000,919850000.000000,847314000.000000,919850000.000000,1111112650.000000,7.000000,6.393000,76607000.000000,0.858000,1.000000,303577000.000000,0.765000,528926000.000000,644000.000000,317289000.000000,246714250.000000,0.000000,289146000.000000,32797000.000000,256349000.000000,91093000.000000,81411000.000000,9682000.000000,42918000.000000,0.000000,-32301000.000000,-4068000.000000,-23105000.000000,-59843000.000000,19999000.000000,23414000.000000,82761000.000000,-1469000.000000,153301000.000000,153301000.000000,153301000.000000,0.000000,0.000000,0.386000,240686000.000000,62891000.000000,52247000.000000,0.698000,1.289000,7.737000,7.692000,16074000.000000,0.000000,13.230000,2.989000,2.976000,77142000.000000,445164000.000000,396827000.000000,396827000.000000,0.000000,0.164000,0.181000,0.651000,0.405000,14926000.000000,223539000.000000,1.000000,89655000.000000,89256000.000000,90922000.000000,4.446000,482017000.000000,1133000.000000,6697000.000000,4651000.000000,5.400000
MRY,2024-12-31,2024-12-31,2024-12-31,2024-FY,130811000.000000,1675814117.000000,2025-04-28,-4938000.000000,1055585000.000000,1018534500.000000,231904000.000000,823681000.000000,0.472000,10.627000,-30607000.000000,126797000.000000,126797000.000000,132559000.000000,80771000.000000,2.294000,0.123000,9586000.000000,3955000.000000,5631000.000000,9586000.000000,5441000.000000,15582000.000000,0.000000,0.042000,0.800000,98999000.000000,114581000.000000,0.238000,114581000.000000,98999000.000000,98413000.000000,0.910000,0.900000,0.910000,940100000.000000,919098500.000000,940100000.000000,1578770117.000000,16.000000,13.779000,74370000.000000,0.841000,1.000000,348089000.000000,0.724000,527251000.000000,586000.000000,310030000.000000,305313500.000000,0.000000,261308000.000000,0.000000,261308000.000000,115484000.000000,101093000.000000,14391000.000000,35720000.000000,-1250000.000000,0.000000,-4181000.000000,-37435000.000000,-42146000.000000,-27112000.000000,1333000.000000,104977000.000000,-2785000.000000,80771000.000000,80771000.000000,80771000.000000,0.000000,0.000000,0.168000,255827000.000000,92262000.000000,75285000.000000,0.879000,1.783000,20.748000,20.813000,34058000.000000,0.000000,18.940000,3.487000,3.486000,97383000.000000,536623000.000000,480648000.000000,480648000.000000,0.000000,0.079000,0.088000,0.324000,0.206000,8631000.000000,243283000.000000,1.000000,88480154.000000,88463000.000000,89676000.000000,5.433000,528334000.000000,1063000.000000,17642000.000000,11879000.000000,5.972000
