dimension,calendardate,datekey,reportperiod,fiscalperiod,workingcapital,marketcap,lastupdated,accoci,assets,assetsavg,assetsc,assetsnc,assetturnover,bvps,capex,cashneq,cashnequsd,cor,consolinc,currentratio,de,debt,debtc,debtnc,debtusd,deferredrev,depamor,deposits,divyield,dps,ebit,ebitda,ebitdamargin,ebitdausd,ebitusd,ebt,eps,epsdil,epsusd,equity,equityavg,equityusd,ev,evebit,evebitda,fcf,fcfps,fxusd,gp,grossmargin,intangibles,intexp,invcap,invcapavg,inventory,investments,investmentsc,investmentsnc,liabilities,liabilitiesc,liabilitiesnc,ncf,ncfbus,ncfcommon,ncfdebt,ncfdiv,ncff,ncfi,ncfinv,ncfo,ncfx,netinc,netinccmn,netinccmnusd,netincdis,netincnci,netmargin,opex,opinc,payables,payoutratio,pb,pe,pe1,ppnenet,prefdivis,price,ps,ps1,receivables,retearn,revenue,revenueusd,rnd,roa,roe,roic,ros,sbcomp,sgna,sharefactor,sharesbas,shareswa,shareswadil,sps,tangibles,taxassets,taxexp,taxliabilities,tbvps
ARQ,2016-03-31,2016-06-20,2016-03-31,2016-Q1,57824000.000000,,2024-11-01,0.000000,70825000.000000,,63225000.000000,7600000.000000,,-241.765000,-1525000.000000,62616000.000000,62616000.000000,0.000000,-10588000.000000,11.706000,-2.223000,322000.000000,156000.000000,166000.000000,322000.000000,0.000000,304000.000000,0.000000,,0.000000,-10588000.000000,-10284000.000000,,-10284000.000000,-10588000.000000,-10588000.000000,-51.500000,-51.500000,-51.500000,-57890000.000000,,-57890000.000000,,,,-12143000.000000,-50.713000,1.000000,0.000000,,0.000000,0.000000,3130000.000000,,0.000000,0.000000,0.000000,0.000000,128715000.000000,5401000.000000,123314000.000000,26224000.000000,0.000000,0.000000,-17000.000000,0.000000,38367000.000000,-1525000.000000,0.000000,-10618000.000000,0.000000,-10588000.000000,-12325000.000000,-12325000.000000,0.000000,0.000000,,10636000.000000,-10636000.000000,2260000.000000,0.000000,,,,4857000.000000,1737000.000000,,,,0.000000,-64101000.000000,0.000000,0.000000,8265000.000000,,,,,662000.000000,2371000.000000,1.000000,2276016.000000,239447.000000,239447.000000,0.000000,70825000.000000,0.000000,0.000000,0.000000,295.786000
ARQ,2016-06-30,2016-08-15,2016-06-30,2016-Q2,46004000.000000,210369339.000000,2024-11-01,0.000000,60946000.000000,,52153000.000000,8793000.000000,,-267.956000,-302000.000000,50599000.000000,50599000.000000,0.000000,-12021000.000000,8.482000,-1.891000,301000.000000,163000.000000,138000.000000,301000.000000,0.000000,316000.000000,0.000000,0.000000,0.000000,-12021000.000000,-11705000.000000,,-11705000.000000,-12021000.000000,-12021000.000000,-54.200000,-54.200000,-54.200000,-68413000.000000,,-68413000.000000,160071339.000000,,,-11453000.000000,-44.858000,1.000000,0.000000,,0.000000,0.000000,4499000.000000,,0.000000,0.000000,0.000000,0.000000,129359000.000000,6149000.000000,123210000.000000,-12017000.000000,0.000000,357000.000000,-38000.000000,0.000000,-564000.000000,-302000.000000,0.000000,-11151000.000000,0.000000,-12021000.000000,-13844000.000000,-13844000.000000,0.000000,0.000000,,12065000.000000,-12065000.000000,1645000.000000,0.000000,-3.075000,,,4773000.000000,1823000.000000,90.000000,,,0.000000,-76122000.000000,0.000000,0.000000,9525000.000000,,,,,1148000.000000,2540000.000000,1.000000,2337437.000000,255315.000000,255315.000000,0.000000,60946000.000000,0.000000,0.000000,0.000000,238.709000
ARQ,2016-09-30,2016-11-14,2016-09-30,2016-Q3,86533000.000000,298100980.000000,2024-11-01,0.000000,100410000.000000,,94881000.000000,5529000.000000,,41.240000,-181000.000000,93977000.000000,93977000.000000,0.000000,-14169000.000000,11.366000,0.106000,261000.000000,165000.000000,96000.000000,261000.000000,0.000000,315000.000000,0.000000,0.000000,0.000000,-14169000.000000,-13854000.000000,,-13854000.000000,-14169000.000000,-14169000.000000,-6.500000,-6.500000,-6.500000,90781000.000000,,90781000.000000,204384980.000000,,,-9352000.000000,-4.248000,1.000000,0.000000,,0.000000,0.000000,-1654000.000000,,0.000000,0.000000,0.000000,0.000000,9629000.000000,8348000.000000,1281000.000000,43378000.000000,0.000000,50458000.000000,-40000.000000,0.000000,52730000.000000,-181000.000000,0.000000,-9171000.000000,0.000000,-14169000.000000,-14290000.000000,-14290000.000000,0.000000,0.000000,,14217000.000000,-14217000.000000,4039000.000000,0.000000,3.284000,,,4603000.000000,121000.000000,127.500000,,,0.000000,-90291000.000000,0.000000,0.000000,11584000.000000,,,,,1694000.000000,2633000.000000,1.000000,2338047.000000,2201274.000000,2201274.000000,0.000000,100410000.000000,0.000000,0.000000,0.000000,45.614000
ARQ,2016-12-31,2017-03-20,2016-12-31,2016-Q4,75941000.000000,374988476.000000,2024-11-01,-9000.000000,91323000.000000,,85508000.000000,5815000.000000,,63.484000,-314000.000000,59071000.000000,59071000.000000,0.000000,-10965000.000000,8.938000,0.133000,221000.000000,168000.000000,53000.000000,221000.000000,550000.000000,338000.000000,0.000000,0.000000,0.000000,-10965000.000000,-10627000.000000,-33.524000,-10627000.000000,-10965000.000000,-10965000.000000,3.900000,3.900000,3.900000,80602000.000000,,80602000.000000,316138476.000000,-7.000000,-6.803000,-9910000.000000,-7.805000,1.000000,317000.000000,1.000000,0.000000,0.000000,22906000.000000,,0.000000,25005000.000000,25005000.000000,0.000000,10721000.000000,9567000.000000,1154000.000000,-34906000.000000,0.000000,3060000.000000,-40000.000000,0.000000,24000.000000,-25334000.000000,-25020000.000000,-9596000.000000,0.000000,-10965000.000000,-10965000.000000,-10965000.000000,0.000000,0.000000,-34.590000,11362000.000000,-11045000.000000,2415000.000000,0.000000,4.652000,-7.292000,-3.958000,4850000.000000,0.000000,160.300000,1182.929000,642.030000,867000.000000,-101256000.000000,317000.000000,317000.000000,8443000.000000,,,,,730000.000000,2919000.000000,1.000000,2339292.000000,1269641.000000,1269641.000000,0.250000,91323000.000000,0.000000,0.000000,0.000000,71.928000
ARQ,2017-03-31,2017-05-15,2017-03-31,2017-Q1,65640000.000000,392963541.000000,2024-11-01,-13000.000000,78023000.000000,,72505000.000000,5518000.000000,,29.981000,-396000.000000,48482000.000000,48482000.000000,0.000000,-11515000.000000,10.562000,0.112000,180000.000000,171000.000000,9000.000000,180000.000000,0.000000,365000.000000,0.000000,0.000000,0.000000,-11515000.000000,-11150000.000000,-10.127000,-11150000.000000,-11515000.000000,-11515000.000000,-4.900000,-4.900000,-4.900000,70136000.000000,,70136000.000000,344661541.000000,-7.000000,-7.281000,-13216000.000000,-5.649000,1.000000,1101000.000000,1.000000,0.000000,0.000000,22856000.000000,,0.000000,22495000.000000,22495000.000000,0.000000,7887000.000000,6865000.000000,1022000.000000,-10589000.000000,0.000000,169000.000000,-41000.000000,0.000000,128000.000000,2103000.000000,2499000.000000,-12820000.000000,0.000000,-11515000.000000,-11515000.000000,-11515000.000000,0.000000,0.000000,-10.459000,12714000.000000,-11613000.000000,2377000.000000,0.000000,5.603000,-7.764000,-2.433000,4546000.000000,0.000000,150.100000,277.125000,247.627000,551000.000000,-112771000.000000,1101000.000000,1101000.000000,9628000.000000,,,,,884000.000000,3086000.000000,1.000000,2618012.000000,2339345.000000,2339345.000000,0.471000,78023000.000000,0.000000,0.000000,0.000000,33.353000
ARQ,2017-06-30,2017-08-09,2017-06-30,2017-Q2,86174000.000000,599783037.000000,2024-11-01,-6000.000000,99031000.000000,,93190000.000000,5841000.000000,,35.601000,-312000.000000,80014000.000000,80014000.000000,0.000000,-13368000.000000,13.282000,0.087000,138000.000000,130000.000000,8000.000000,138000.000000,0.000000,381000.000000,0.000000,0.000000,0.000000,-13368000.000000,-12987000.000000,,-12987000.000000,-13368000.000000,-13368000.000000,-5.200000,-5.200000,-5.200000,91081000.000000,,91081000.000000,519907037.000000,-10.000000,-10.694000,-12122000.000000,-4.738000,1.000000,0.000000,,0.000000,0.000000,12139000.000000,,0.000000,11990000.000000,11990000.000000,0.000000,7950000.000000,7016000.000000,934000.000000,31532000.000000,0.000000,33414000.000000,-42000.000000,0.000000,33148000.000000,10194000.000000,10506000.000000,-11810000.000000,0.000000,-13368000.000000,-13368000.000000,-13368000.000000,0.000000,0.000000,,13513000.000000,-13513000.000000,1348000.000000,0.000000,6.585000,-11.963000,-17.984000,4508000.000000,0.000000,228.400000,422.978000,412.089000,0.000000,-126139000.000000,0.000000,0.000000,10041000.000000,,,,,1156000.000000,3472000.000000,1.000000,2626020.000000,2558415.000000,2558415.000000,0.000000,99031000.000000,0.000000,0.000000,0.000000,38.708000
ARQ,2017-09-30,2017-11-08,2017-09-30,2017-Q3,73928000.000000,305170140.000000,2024-11-01,-10000.000000,88677000.000000,,83167000.000000,5510000.000000,,29.929000,-46000.000000,42632000.000000,42632000.000000,0.000000,-13825000.000000,9.002000,0.128000,96000.000000,89000.000000,7000.000000,96000.000000,0.000000,391000.000000,0.000000,0.000000,0.000000,-13825000.000000,-13434000.000000,,-13434000.000000,-13825000.000000,-13825000.000000,-5.300000,-5.300000,-5.300000,78592000.000000,,78592000.000000,262634140.000000,-5.000000,-5.449000,-9578000.000000,-3.647000,1.000000,0.000000,,0.000000,0.000000,36902000.000000,,0.000000,39799000.000000,39799000.000000,0.000000,10085000.000000,9239000.000000,846000.000000,-37382000.000000,0.000000,200000.000000,-42000.000000,0.000000,-31000.000000,-27819000.000000,-27773000.000000,-9532000.000000,0.000000,-13825000.000000,-13825000.000000,-13825000.000000,0.000000,0.000000,,14040000.000000,-14040000.000000,1846000.000000,0.000000,3.883000,-6.144000,-10.091000,4127000.000000,0.000000,116.050000,215.212000,214.907000,0.000000,-139964000.000000,0.000000,0.000000,10447000.000000,,,,,1108000.000000,3593000.000000,1.000000,2629644.000000,2625922.000000,2625922.000000,0.000000,88677000.000000,0.000000,0.000000,0.000000,33.770000
ARQ,2017-12-31,2018-03-12,2017-12-31,2017-Q4,60746000.000000,396629600.000000,2024-11-01,-42000.000000,78488000.000000,,73159000.000000,5329000.000000,,24.813000,-67000.000000,32688000.000000,32688000.000000,0.000000,-15302000.000000,5.894000,0.202000,53000.000000,47000.000000,6000.000000,53000.000000,0.000000,390000.000000,0.000000,0.000000,0.000000,-15302000.000000,-14912000.000000,,-14912000.000000,-15302000.000000,-15302000.000000,-5.900000,-5.900000,-5.900000,65324000.000000,,65324000.000000,363994600.000000,-7.000000,-6.935000,-10634000.000000,-4.039000,1.000000,0.000000,,0.000000,0.000000,33440000.000000,,0.000000,39844000.000000,39844000.000000,0.000000,13164000.000000,12413000.000000,751000.000000,-9944000.000000,0.000000,322000.000000,-43000.000000,0.000000,692000.000000,-69000.000000,-2000.000000,-10567000.000000,0.000000,-15302000.000000,-15302000.000000,-15302000.000000,0.000000,0.000000,,15520000.000000,-15520000.000000,2283000.000000,0.000000,6.072000,-7.344000,-5.784000,3938000.000000,0.000000,123.200000,360.245000,284.298000,0.000000,-155266000.000000,0.000000,0.000000,11780000.000000,,,,,1271000.000000,3740000.000000,1.000000,3219396.000000,2632655.000000,2632655.000000,0.000000,78488000.000000,0.000000,0.000000,0.000000,29.813000
ARQ,2018-03-31,2018-05-10,2018-03-31,2018-Q1,102033000.000000,375628030.000000,2024-11-01,-34000.000000,128100000.000000,,123370000.000000,4730000.000000,,34.448000,-152000.000000,94817000.000000,94817000.000000,0.000000,-14463000.000000,5.782000,0.226000,9000.000000,4000.000000,5000.000000,9000.000000,11882000.000000,388000.000000,0.000000,0.000000,0.000000,-14463000.000000,-14075000.000000,-38.041000,-14075000.000000,-14463000.000000,-14463000.000000,-4.800000,-4.800000,-4.800000,104499000.000000,,104499000.000000,280820030.000000,-5.000000,-5.068000,-2552000.000000,-0.841000,1.000000,370000.000000,1.000000,0.000000,0.000000,11955000.000000,,0.000000,27407000.000000,27407000.000000,0.000000,23601000.000000,21337000.000000,2264000.000000,62129000.000000,0.000000,52211000.000000,-44000.000000,0.000000,52167000.000000,12362000.000000,12514000.000000,-2400000.000000,0.000000,-14463000.000000,-14463000.000000,-14463000.000000,0.000000,0.000000,-39.089000,15191000.000000,-14821000.000000,1717000.000000,0.000000,3.595000,-6.595000,-5.439000,3565000.000000,0.000000,115.300000,1015.211000,945.309000,0.000000,-169729000.000000,370000.000000,370000.000000,11116000.000000,,,,,1696000.000000,4075000.000000,1.000000,3257832.000000,3033516.000000,3033516.000000,0.122000,128100000.000000,0.000000,0.000000,0.000000,42.228000
ARQ,2018-06-30,2018-08-07,2018-06-30,2018-Q2,109272000.000000,389381281.000000,2024-11-01,-7000.000000,131379000.000000,,126951000.000000,4428000.000000,,33.050000,-16000.000000,114386000.000000,114386000.000000,0.000000,-14047000.000000,7.181000,0.209000,36000.000000,9000.000000,27000.000000,36000.000000,11507000.000000,376000.000000,0.000000,0.000000,0.000000,-14047000.000000,-13671000.000000,-36.456000,-13671000.000000,-14047000.000000,-14047000.000000,-4.300000,-4.300000,-4.300000,108712000.000000,,108712000.000000,275031281.000000,-5.000000,-4.903000,-14094000.000000,-4.285000,1.000000,375000.000000,1.000000,0.000000,0.000000,-650000.000000,,0.000000,10270000.000000,9980000.000000,290000.000000,22667000.000000,17679000.000000,4988000.000000,19859000.000000,0.000000,16455000.000000,-2000.000000,0.000000,16453000.000000,17484000.000000,17500000.000000,-14078000.000000,0.000000,-14047000.000000,-14047000.000000,-14047000.000000,0.000000,0.000000,-37.459000,14923000.000000,-14548000.000000,1263000.000000,0.000000,3.582000,-6.756000,-5.700000,3275000.000000,0.000000,115.700000,522.659000,510.830000,0.000000,-183776000.000000,375000.000000,375000.000000,11082000.000000,,,,,1744000.000000,3841000.000000,1.000000,3365439.000000,3289271.000000,3289271.000000,0.114000,131379000.000000,0.000000,0.000000,0.000000,39.942000
ARQ,2018-09-30,2018-11-01,2018-09-30,2018-Q3,94247000.000000,249380616.000000,2024-11-01,-13000.000000,120634000.000000,,115544000.000000,5090000.000000,,28.180000,-1012000.000000,44162000.000000,44162000.000000,0.000000,-15737000.000000,5.425000,0.272000,33000.000000,9000.000000,24000.000000,33000.000000,11095000.000000,408000.000000,0.000000,0.000000,0.000000,-15737000.000000,-15329000.000000,-37.206000,-15329000.000000,-15737000.000000,-15737000.000000,-4.700000,-4.700000,-4.700000,94837000.000000,,94837000.000000,205251616.000000,-3.000000,-3.540000,-11037000.000000,-3.280000,1.000000,412000.000000,1.000000,0.000000,0.000000,55208000.000000,,0.000000,69997000.000000,69707000.000000,290000.000000,25797000.000000,21297000.000000,4500000.000000,-70224000.000000,0.000000,329000.000000,-2000.000000,0.000000,327000.000000,-60526000.000000,-59514000.000000,-10025000.000000,0.000000,-15737000.000000,-15737000.000000,-15737000.000000,0.000000,0.000000,-38.197000,16732000.000000,-16320000.000000,2671000.000000,0.000000,2.630000,-4.188000,-3.761000,3908000.000000,0.000000,74.100000,215.541000,215.534000,0.000000,-199513000.000000,412000.000000,412000.000000,12856000.000000,,,,,1537000.000000,3876000.000000,1.000000,3365460.000000,3365348.000000,3365348.000000,0.122000,120634000.000000,0.000000,0.000000,0.000000,35.846000
ARQ,2018-12-31,2019-03-07,2018-12-31,2018-Q4,82205000.000000,226089706.000000,2024-11-01,-3000.000000,106766000.000000,,101734000.000000,5032000.000000,,23.315000,-195000.000000,50524000.000000,50524000.000000,0.000000,-18032000.000000,5.209000,0.359000,31000.000000,9000.000000,22000.000000,31000.000000,10202000.000000,432000.000000,0.000000,0.000000,0.000000,-18032000.000000,-17600000.000000,-19.709000,-17600000.000000,-18032000.000000,-18032000.000000,-5.400000,-5.400000,-5.400000,78586000.000000,,78586000.000000,175596706.000000,-3.000000,-2.894000,-14007000.000000,-4.156000,1.000000,893000.000000,1.000000,0.000000,0.000000,36744000.000000,,0.000000,50083000.000000,49793000.000000,290000.000000,28180000.000000,19529000.000000,8651000.000000,6362000.000000,0.000000,139000.000000,-2000.000000,0.000000,137000.000000,20037000.000000,20232000.000000,-13812000.000000,0.000000,-18032000.000000,-18032000.000000,-18032000.000000,0.000000,0.000000,-20.193000,19500000.000000,-18607000.000000,3309000.000000,0.000000,2.877000,-3.630000,-3.613000,3861000.000000,0.000000,69.000000,110.288000,109.916000,0.000000,-217545000.000000,893000.000000,893000.000000,15128000.000000,,,,,1633000.000000,4372000.000000,1.000000,3276662.000000,3370616.000000,3370616.000000,0.265000,106766000.000000,0.000000,0.000000,0.000000,31.676000
ARQ,2019-03-31,2019-05-01,2019-03-31,2019-Q1,62784000.000000,304257373.000000,2024-11-01,8000.000000,88428000.000000,,77763000.000000,10665000.000000,,18.959000,-591000.000000,22767000.000000,22767000.000000,0.000000,-16461000.000000,5.191000,0.381000,2944000.000000,1413000.000000,1531000.000000,2944000.000000,9748000.000000,517000.000000,0.000000,0.000000,0.000000,-16461000.000000,-15944000.000000,-35.119000,-15944000.000000,-16461000.000000,-16461000.000000,-4.900000,-4.900000,-4.900000,64018000.000000,,64018000.000000,284434373.000000,-4.000000,-4.548000,-20918000.000000,-6.195000,1.000000,454000.000000,1.000000,0.000000,0.000000,53626000.000000,,0.000000,57113000.000000,53737000.000000,3376000.000000,24410000.000000,14979000.000000,9431000.000000,-24671000.000000,0.000000,3000.000000,-40000.000000,0.000000,-115000.000000,-4229000.000000,-3638000.000000,-20327000.000000,0.000000,-16461000.000000,-16461000.000000,-16461000.000000,0.000000,0.000000,-36.258000,17427000.000000,-16973000.000000,2632000.000000,0.000000,4.753000,-4.734000,-3.715000,6186000.000000,0.000000,71.700000,142.576000,113.451000,0.000000,-234006000.000000,454000.000000,454000.000000,12562000.000000,,,,,1879000.000000,4865000.000000,1.000000,4243478.000000,3376633.000000,3376633.000000,0.134000,88428000.000000,0.000000,0.000000,0.000000,26.188000
ARQ,2019-06-30,2019-08-01,2019-06-30,2019-Q2,109036000.000000,359876309.000000,2024-11-01,4000.000000,151827000.000000,,124368000.000000,27459000.000000,,26.855000,-1320000.000000,102378000.000000,102378000.000000,0.000000,-19455000.000000,8.112000,0.357000,18810000.000000,1855000.000000,16955000.000000,18810000.000000,9286000.000000,587000.000000,0.000000,0.000000,0.000000,-19455000.000000,-18868000.000000,-40.840000,-18868000.000000,-19455000.000000,-19455000.000000,-4.700000,-4.700000,-4.700000,111915000.000000,,111915000.000000,276308309.000000,-4.000000,-4.079000,-19419000.000000,-4.660000,1.000000,462000.000000,1.000000,0.000000,0.000000,52927000.000000,,0.000000,23354000.000000,19978000.000000,3376000.000000,39912000.000000,15332000.000000,24580000.000000,79611000.000000,0.000000,60366000.000000,-54000.000000,0.000000,65028000.000000,32682000.000000,34002000.000000,-18099000.000000,0.000000,-19455000.000000,-19455000.000000,-19455000.000000,0.000000,0.000000,-42.110000,20670000.000000,-20208000.000000,1759000.000000,0.000000,3.216000,-5.164000,-4.305000,23194000.000000,0.000000,84.800000,162.033000,159.113000,0.000000,-253461000.000000,462000.000000,462000.000000,15475000.000000,,,,,2355000.000000,5195000.000000,1.000000,4243824.000000,4167328.000000,4167328.000000,0.111000,151827000.000000,0.000000,0.000000,0.000000,36.433000
ARQ,2019-09-30,2019-11-12,2019-09-30,2019-Q3,88450000.000000,213054960.000000,2024-11-01,21000.000000,143831000.000000,,111020000.000000,32811000.000000,,22.285000,-2570000.000000,34002000.000000,34002000.000000,0.000000,-19793000.000000,4.919000,0.521000,21282000.000000,2209000.000000,19073000.000000,21282000.000000,8728000.000000,582000.000000,0.000000,0.000000,0.000000,-19793000.000000,-19211000.000000,-34.428000,-19211000.000000,-19793000.000000,-19793000.000000,-4.700000,-4.700000,-4.700000,94574000.000000,,94574000.000000,200334960.000000,-3.000000,-2.797000,-13794000.000000,-3.250000,1.000000,558000.000000,1.000000,0.000000,0.000000,108541000.000000,,0.000000,78150000.000000,74774000.000000,3376000.000000,49257000.000000,22570000.000000,26687000.000000,-68376000.000000,0.000000,43000.000000,-55000.000000,0.000000,-12000.000000,-57140000.000000,-54570000.000000,-11224000.000000,0.000000,-19793000.000000,-19793000.000000,-19793000.000000,0.000000,0.000000,-35.471000,20947000.000000,-20389000.000000,8043000.000000,0.000000,2.253000,-2.889000,-2.548000,28502000.000000,0.000000,50.200000,90.011000,90.007000,0.000000,-273254000.000000,558000.000000,558000.000000,15931000.000000,,,,,2389000.000000,5016000.000000,1.000000,4244123.000000,4243934.000000,4243934.000000,0.131000,143831000.000000,0.000000,0.000000,0.000000,33.891000
ARQ,2019-12-31,2020-03-05,2019-12-31,2019-Q4,90997000.000000,261258344.000000,2024-11-01,24000.000000,149978000.000000,,114513000.000000,35465000.000000,,18.452000,-8047000.000000,41731000.000000,41731000.000000,0.000000,-19729000.000000,4.870000,0.894000,25917000.000000,1278000.000000,24639000.000000,25917000.000000,28378000.000000,835000.000000,0.000000,0.000000,0.000000,-19729000.000000,-18894000.000000,-37.193000,-18894000.000000,-19729000.000000,-19729000.000000,-4.600000,-4.600000,-4.600000,79184000.000000,,79184000.000000,245444344.000000,-3.000000,-3.366000,-18650000.000000,-4.346000,1.000000,508000.000000,1.000000,0.000000,0.000000,110648000.000000,,0.000000,53061000.000000,49975000.000000,3086000.000000,70794000.000000,23516000.000000,47278000.000000,7439000.000000,0.000000,1145000.000000,-56000.000000,0.000000,1089000.000000,16953000.000000,25000000.000000,-10603000.000000,0.000000,-19729000.000000,-19729000.000000,-19729000.000000,0.000000,0.000000,-38.837000,20678000.000000,-20170000.000000,5853000.000000,0.000000,3.299000,-3.463000,-3.202000,31889000.000000,0.000000,60.200000,131.816000,122.168000,20158000.000000,-292983000.000000,508000.000000,508000.000000,14277000.000000,,,,,3216000.000000,6401000.000000,1.000000,4339840.000000,4291448.000000,4291448.000000,0.118000,149978000.000000,0.000000,0.000000,0.000000,34.948000
ARQ,2020-03-31,2020-05-07,2020-03-31,2020-Q1,105887000.000000,400729083.000000,2024-11-01,3000.000000,161400000.000000,,125695000.000000,35705000.000000,,17.426000,-1797000.000000,116873000.000000,116873000.000000,0.000000,-17226000.000000,6.346000,1.109000,45902000.000000,1534000.000000,44368000.000000,45902000.000000,27476000.000000,678000.000000,0.000000,0.000000,0.000000,-17226000.000000,-16548000.000000,-6.956000,-16548000.000000,-17226000.000000,-17226000.000000,-3.900000,-3.900000,-3.900000,76543000.000000,,76543000.000000,329758083.000000,-4.000000,-4.485000,-1551000.000000,-0.353000,1.000000,2379000.000000,1.000000,0.000000,0.000000,70621000.000000,,0.000000,8089000.000000,5003000.000000,3086000.000000,84857000.000000,19808000.000000,65049000.000000,75142000.000000,0.000000,12037000.000000,19656000.000000,0.000000,31693000.000000,43203000.000000,45000000.000000,246000.000000,0.000000,-17226000.000000,-17226000.000000,-17226000.000000,0.000000,0.000000,-7.241000,19718000.000000,-17339000.000000,4636000.000000,0.000000,5.235000,-5.259000,-4.899000,31843000.000000,0.000000,87.700000,102.567000,98.596000,0.000000,-310209000.000000,2379000.000000,2379000.000000,14569000.000000,,,,,2459000.000000,5149000.000000,1.000000,4569317.000000,4392400.000000,4392400.000000,0.542000,161400000.000000,0.000000,0.000000,0.000000,36.745000
ARQ,2020-06-30,2020-08-06,2020-06-30,2020-Q2,89251000.000000,550518893.000000,2024-11-01,0.000000,147816000.000000,,112451000.000000,35365000.000000,,13.656000,-988000.000000,108674000.000000,108674000.000000,0.000000,-17196000.000000,4.847000,1.369000,47064000.000000,1597000.000000,45467000.000000,47064000.000000,26822000.000000,692000.000000,0.000000,0.000000,0.000000,-17196000.000000,-16504000.000000,-5.177000,-16504000.000000,-17196000.000000,-17196000.000000,-3.800000,-3.800000,-3.800000,62406000.000000,,62406000.000000,488908893.000000,-7.000000,-6.871000,-13419000.000000,-2.936000,1.000000,3188000.000000,1.000000,0.000000,0.000000,63006000.000000,,0.000000,3086000.000000,0.000000,3086000.000000,85410000.000000,23200000.000000,62210000.000000,-8199000.000000,0.000000,294000.000000,-74000.000000,0.000000,220000.000000,4012000.000000,5000000.000000,-12431000.000000,0.000000,-17196000.000000,-17196000.000000,-17196000.000000,0.000000,0.000000,-5.394000,19929000.000000,-16741000.000000,2803000.000000,0.000000,8.822000,-7.445000,-7.076000,31235000.000000,0.000000,120.300000,82.997000,82.883000,2000.000000,-327405000.000000,3188000.000000,3188000.000000,14796000.000000,,,,,2727000.000000,5133000.000000,1.000000,4576217.000000,4569928.000000,4569928.000000,0.698000,147816000.000000,0.000000,0.000000,0.000000,32.345000
ARQ,2020-09-30,2020-11-05,2020-09-30,2020-Q3,70500000.000000,371525061.000000,2024-11-01,0.000000,133335000.000000,,98563000.000000,34772000.000000,,10.035000,-522000.000000,93133000.000000,93133000.000000,0.000000,-19486000.000000,3.512000,1.902000,46775000.000000,1661000.000000,45114000.000000,46775000.000000,25395000.000000,701000.000000,0.000000,0.000000,0.000000,-19486000.000000,-18785000.000000,-4.907000,-18785000.000000,-19486000.000000,-19486000.000000,-4.300000,-4.300000,-4.300000,45940000.000000,,45940000.000000,325167061.000000,-4.000000,-4.597000,-15777000.000000,-3.446000,1.000000,3828000.000000,1.000000,0.000000,0.000000,58914000.000000,,0.000000,3086000.000000,0.000000,3086000.000000,87395000.000000,28063000.000000,59332000.000000,-15541000.000000,0.000000,297000.000000,-61000.000000,0.000000,236000.000000,-522000.000000,0.000000,-15255000.000000,0.000000,-19486000.000000,-19486000.000000,-19486000.000000,0.000000,0.000000,-5.090000,22825000.000000,-18997000.000000,4940000.000000,0.000000,8.087000,-5.045000,-4.886000,30675000.000000,0.000000,81.100000,37.516000,37.493000,2000.000000,-346891000.000000,3828000.000000,3828000.000000,17674000.000000,,,,,2723000.000000,5151000.000000,1.000000,4581074.000000,4578164.000000,4578164.000000,0.836000,133335000.000000,0.000000,0.000000,0.000000,29.124000
ARQ,2020-12-31,2021-03-04,2020-12-31,2020-Q4,149933000.000000,490648446.000000,2024-11-01,0.000000,213250000.000000,,178557000.000000,34693000.000000,,18.558000,-29000.000000,173984000.000000,173984000.000000,0.000000,-30130000.000000,6.238000,1.355000,66213000.000000,1728000.000000,64485000.000000,66213000.000000,22086000.000000,703000.000000,0.000000,0.000000,0.000000,-28338000.000000,-27635000.000000,-4.849000,-27635000.000000,-28338000.000000,-30130000.000000,-6.300000,-6.300000,-6.300000,90553000.000000,,90553000.000000,382877446.000000,-5.000000,-4.818000,-29953000.000000,-6.139000,1.000000,5699000.000000,1.000000,0.000000,1792000.000000,76855000.000000,,0.000000,3086000.000000,0.000000,3086000.000000,122697000.000000,28624000.000000,94073000.000000,80851000.000000,0.000000,91154000.000000,19857000.000000,0.000000,110804000.000000,-29000.000000,0.000000,-29924000.000000,0.000000,-30130000.000000,-30130000.000000,-30130000.000000,0.000000,0.000000,-5.287000,34918000.000000,-29219000.000000,3603000.000000,0.000000,5.418000,-5.838000,-4.374000,29641000.000000,0.000000,79.600000,32.508000,24.287000,7000.000000,-377021000.000000,5699000.000000,5699000.000000,29026000.000000,,,,,3030000.000000,5892000.000000,1.000000,6163925.000000,4879448.000000,4879448.000000,1.168000,213250000.000000,0.000000,0.000000,0.000000,43.704000
ARQ,2021-03-31,2021-05-06,2021-03-31,2021-Q1,199308000.000000,342076217.000000,2024-11-01,0.000000,260627000.000000,,226677000.000000,33950000.000000,,24.419000,-262000.000000,225228000.000000,225228000.000000,0.000000,-14228000.000000,8.282000,0.739000,65967000.000000,1796000.000000,64171000.000000,65967000.000000,19952000.000000,666000.000000,0.000000,0.000000,0.000000,-13261000.000000,-12595000.000000,-2.609000,-12595000.000000,-13261000.000000,-14228000.000000,-2.300000,-2.300000,-2.300000,149880000.000000,,149880000.000000,182815217.000000,-2.000000,-2.421000,-22252000.000000,-3.625000,1.000000,4827000.000000,1.000000,0.000000,967000.000000,73997000.000000,,0.000000,0.000000,0.000000,0.000000,110747000.000000,27369000.000000,83378000.000000,48158000.000000,0.000000,70510000.000000,-64000.000000,0.000000,70410000.000000,-262000.000000,0.000000,-21990000.000000,0.000000,-14228000.000000,-14228000.000000,-14228000.000000,0.000000,0.000000,-2.948000,25768000.000000,-20941000.000000,3660000.000000,0.000000,2.282000,-4.221000,-3.311000,29121000.000000,0.000000,55.300000,19.500000,19.350000,0.000000,-391249000.000000,4827000.000000,4827000.000000,20029000.000000,,,,,2930000.000000,5739000.000000,1.000000,6185827.000000,6137964.000000,6137964.000000,0.786000,260627000.000000,0.000000,0.000000,0.000000,42.461000
ARQ,2021-06-30,2021-08-05,2021-06-30,2021-Q2,158584000.000000,303460920.000000,2024-11-01,-19000.000000,233734000.000000,,186207000.000000,47527000.000000,,20.677000,-428000.000000,164001000.000000,164001000.000000,0.000000,-22490000.000000,6.741000,0.798000,65719000.000000,1866000.000000,63853000.000000,65719000.000000,16974000.000000,814000.000000,0.000000,0.000000,0.000000,-21521000.000000,-20707000.000000,-4.011000,-20707000.000000,-21521000.000000,-22490000.000000,-3.600000,-3.600000,-3.600000,129977000.000000,,129977000.000000,205178920.000000,-2.000000,-2.574000,-26882000.000000,-4.277000,1.000000,5162000.000000,1.000000,0.000000,969000.000000,107829000.000000,,0.000000,34378000.000000,21114000.000000,13264000.000000,103757000.000000,27623000.000000,76134000.000000,-61227000.000000,0.000000,137000.000000,-65000.000000,0.000000,72000.000000,-34845000.000000,-34417000.000000,-26454000.000000,0.000000,-22490000.000000,-22490000.000000,-22490000.000000,0.000000,0.000000,-4.357000,31306000.000000,-26144000.000000,3671000.000000,0.000000,2.335000,-3.515000,-2.970000,28735000.000000,0.000000,49.000000,15.549000,15.783000,0.000000,-413739000.000000,5162000.000000,5162000.000000,25786000.000000,,,,,2453000.000000,5520000.000000,1.000000,6193080.000000,6285950.000000,6285950.000000,0.821000,233734000.000000,0.000000,0.000000,0.000000,37.184000
ARQ,2021-09-30,2021-11-05,2021-09-30,2021-Q3,123391000.000000,282479004.000000,2024-11-01,-5000.000000,208043000.000000,,153271000.000000,54772000.000000,,16.854000,-310000.000000,118506000.000000,118506000.000000,0.000000,-26027000.000000,5.130000,0.962000,65467000.000000,1938000.000000,63529000.000000,65467000.000000,14975000.000000,765000.000000,0.000000,0.000000,0.000000,-25043000.000000,-24278000.000000,-4.262000,-24278000.000000,-25043000.000000,-26027000.000000,-4.100000,-4.100000,-4.100000,106060000.000000,,106060000.000000,229440004.000000,-3.000000,-2.692000,-28437000.000000,-4.519000,1.000000,5697000.000000,1.000000,0.000000,984000.000000,125124000.000000,,0.000000,51281000.000000,30164000.000000,21117000.000000,101983000.000000,29880000.000000,72103000.000000,-45495000.000000,0.000000,0.000000,-67000.000000,0.000000,-67000.000000,-17301000.000000,-16991000.000000,-28127000.000000,0.000000,-26027000.000000,-26027000.000000,-26027000.000000,0.000000,0.000000,-4.569000,32608000.000000,-26911000.000000,4108000.000000,0.000000,2.663000,-3.041000,-2.798000,28159000.000000,0.000000,45.600000,13.209000,13.418000,0.000000,-439766000.000000,5697000.000000,5697000.000000,27262000.000000,,,,,2096000.000000,5346000.000000,1.000000,6194715.000000,6292830.000000,6292830.000000,0.905000,208043000.000000,0.000000,0.000000,0.000000,33.060000
ARQ,2021-12-31,2022-03-15,2021-12-31,2021-Q4,105077000.000000,68912127.000000,2024-11-01,-79000.000000,182935000.000000,,136585000.000000,46350000.000000,,13.536000,-245000.000000,95388000.000000,95388000.000000,0.000000,-23813000.000000,4.335000,1.147000,65191000.000000,2011000.000000,63180000.000000,65191000.000000,10181000.000000,773000.000000,0.000000,0.000000,0.000000,-22827000.000000,-22054000.000000,-2.827000,-22054000.000000,-22827000.000000,-23813000.000000,-3.700000,-3.700000,-3.700000,85218000.000000,,85218000.000000,38715127.000000,0.000000,-0.486000,-23214000.000000,-3.687000,1.000000,7802000.000000,1.000000,0.000000,986000.000000,121230000.000000,,0.000000,51105000.000000,38067000.000000,13038000.000000,97717000.000000,31508000.000000,66209000.000000,-23118000.000000,0.000000,170000.000000,-69000.000000,0.000000,96000.000000,-245000.000000,0.000000,-22969000.000000,0.000000,-23813000.000000,-23813000.000000,-23813000.000000,0.000000,0.000000,-3.052000,33225000.000000,-25423000.000000,3692000.000000,0.000000,0.809000,-0.796000,-0.804000,27285000.000000,0.000000,11.100000,2.934000,2.955000,0.000000,-463579000.000000,7802000.000000,7802000.000000,26795000.000000,,,,,2875000.000000,6430000.000000,1.000000,6208300.000000,6295546.000000,6295546.000000,1.239000,182935000.000000,0.000000,0.000000,0.000000,29.058000
ARQ,2022-03-31,2022-05-16,2022-03-31,2022-Q1,88884000.000000,48345538.000000,2024-11-01,-273000.000000,152081000.000000,,116477000.000000,35604000.000000,,9.949000,-128000.000000,72661000.000000,72661000.000000,0.000000,-25146000.000000,4.221000,1.424000,64895000.000000,3730000.000000,61165000.000000,64895000.000000,7773000.000000,747000.000000,0.000000,0.000000,0.000000,-24170000.000000,-23423000.000000,-4.284000,-23423000.000000,-24170000.000000,-25146000.000000,-4.000000,-4.000000,-4.000000,62742000.000000,,62742000.000000,40579538.000000,0.000000,-0.449000,-30145000.000000,-4.780000,1.000000,5467000.000000,1.000000,0.000000,976000.000000,116722000.000000,,0.000000,43324000.000000,40686000.000000,2638000.000000,89339000.000000,27593000.000000,61746000.000000,-22727000.000000,0.000000,1000.000000,-70000.000000,0.000000,-93000.000000,7383000.000000,7511000.000000,-30017000.000000,0.000000,-25146000.000000,-25146000.000000,-25146000.000000,0.000000,0.000000,-4.600000,32120000.000000,-26653000.000000,2841000.000000,0.000000,0.771000,-0.496000,-0.500000,26725000.000000,0.000000,7.696000,2.004000,2.011000,0.000000,-488725000.000000,5467000.000000,5467000.000000,25171000.000000,,,,,2863000.000000,6949000.000000,1.000000,6281905.000000,6306142.000000,6306142.000000,0.867000,152081000.000000,0.000000,0.000000,0.000000,24.116000
ARQ,2022-06-30,2022-08-09,2022-06-30,2022-Q2,53018000.000000,58424810.000000,2024-11-01,-313000.000000,126234000.000000,,91945000.000000,34289000.000000,,4.860000,-111000.000000,62150000.000000,62150000.000000,0.000000,-34481000.000000,2.362000,3.070000,64596000.000000,8733000.000000,55863000.000000,64596000.000000,3591000.000000,726000.000000,0.000000,0.000000,0.000000,-33500000.000000,-32774000.000000,-5.222000,-32774000.000000,-33500000.000000,-34481000.000000,-5.400000,-5.400000,-5.400000,31019000.000000,,31019000.000000,60870810.000000,-1.000000,-0.594000,-26289000.000000,-4.119000,1.000000,6276000.000000,1.000000,0.000000,981000.000000,89753000.000000,,0.000000,27220000.000000,27220000.000000,0.000000,95215000.000000,38927000.000000,56288000.000000,-10511000.000000,0.000000,109000.000000,-72000.000000,0.000000,-222000.000000,15889000.000000,16000000.000000,-26178000.000000,0.000000,-34481000.000000,-34481000.000000,-34481000.000000,0.000000,0.000000,-5.494000,40045000.000000,-33769000.000000,6124000.000000,0.000000,1.884000,-0.534000,-0.539000,25887000.000000,0.000000,9.273000,2.315000,2.345000,0.000000,-523206000.000000,6276000.000000,6276000.000000,33100000.000000,,,,,2689000.000000,6945000.000000,1.000000,6300530.000000,6382379.000000,6382379.000000,0.983000,126234000.000000,0.000000,0.000000,0.000000,19.779000
ARQ,2022-09-30,2022-11-14,2022-09-30,2022-Q3,213881000.000000,74026871.000000,2024-11-01,-226000.000000,284725000.000000,,252305000.000000,32420000.000000,,13.717000,-328000.000000,174618000.000000,174618000.000000,0.000000,-30253000.000000,6.566000,1.204000,63971000.000000,2069000.000000,61902000.000000,63971000.000000,1625000.000000,724000.000000,0.000000,0.000000,0.000000,-29202000.000000,-28478000.000000,-7.319000,-28478000.000000,-29202000.000000,-30253000.000000,-3.210000,-3.210000,-3.210000,129171000.000000,,129171000.000000,-36620129.000000,0.000000,0.343000,-36115000.000000,-3.835000,1.000000,3891000.000000,1.000000,0.000000,1051000.000000,135654000.000000,,0.000000,72949000.000000,72949000.000000,0.000000,155554000.000000,38424000.000000,117130000.000000,112468000.000000,0.000000,128012000.000000,-374000.000000,0.000000,142063000.000000,6192000.000000,6520000.000000,-35787000.000000,0.000000,-30253000.000000,-30253000.000000,-30253000.000000,0.000000,0.000000,-7.775000,43345000.000000,-39454000.000000,13017000.000000,0.000000,0.573000,-0.651000,-0.224000,25667000.000000,0.000000,3.660000,3.159000,1.471000,0.000000,-553459000.000000,3891000.000000,3891000.000000,25759000.000000,,,,,2955000.000000,8076000.000000,1.000000,20225921.000000,9417069.000000,9417069.000000,0.413000,284725000.000000,0.000000,0.000000,0.000000,30.235000
ARQ,2022-12-31,2023-03-02,2022-12-31,2022-Q4,180614000.000000,76329575.000000,2024-11-01,102000.000000,244486000.000000,,211392000.000000,33094000.000000,,10.112000,-674000.000000,170553000.000000,170553000.000000,0.000000,-4774000.000000,6.868000,0.914000,63571000.000000,2071000.000000,61500000.000000,63571000.000000,4330000.000000,770000.000000,0.000000,0.000000,0.000000,-3648000.000000,-2878000.000000,3.817000,-2878000.000000,-3648000.000000,-4774000.000000,4.440000,4.440000,4.440000,127736000.000000,,127736000.000000,-30652425.000000,0.000000,0.350000,-31757000.000000,-2.514000,1.000000,-754000.000000,1.000000,0.000000,1126000.000000,106726000.000000,,0.000000,34837000.000000,34837000.000000,0.000000,116750000.000000,30778000.000000,85972000.000000,-4065000.000000,0.000000,-8224000.000000,-75000.000000,0.000000,-10703000.000000,37721000.000000,38395000.000000,-31083000.000000,0.000000,-4774000.000000,-4774000.000000,-4774000.000000,0.000000,0.000000,6.332000,35243000.000000,-35997000.000000,6411000.000000,0.000000,0.598000,-0.806000,-0.502000,24660000.000000,0.000000,3.760000,5.130000,3.192000,0.000000,-558233000.000000,-754000.000000,-754000.000000,27914000.000000,,,,,2903000.000000,7329000.000000,1.000000,20300419.000000,12631968.000000,12631968.000000,-0.060000,244486000.000000,0.000000,0.000000,0.000000,19.355000
ARQ,2023-03-31,2023-05-10,2023-03-31,2023-Q1,150093000.000000,70642575.000000,2024-11-01,263000.000000,205323000.000000,,173644000.000000,31679000.000000,,3.834000,-235000.000000,107851000.000000,107851000.000000,0.000000,-23789000.000000,7.373000,0.923000,63174000.000000,3762000.000000,59412000.000000,63174000.000000,3245000.000000,704000.000000,0.000000,0.000000,0.000000,-22572000.000000,-21868000.000000,-7.403000,-21868000.000000,-22572000.000000,-23789000.000000,-0.850000,-0.850000,-0.850000,106753000.000000,,106753000.000000,25965575.000000,0.000000,-0.302000,-37136000.000000,-1.334000,1.000000,2954000.000000,1.000000,0.000000,1217000.000000,137095000.000000,,0.000000,61038000.000000,61038000.000000,0.000000,98570000.000000,23551000.000000,75019000.000000,-62702000.000000,0.000000,0.000000,-53000.000000,0.000000,-53000.000000,-25748000.000000,-25513000.000000,-36901000.000000,0.000000,-23789000.000000,-23789000.000000,-23789000.000000,0.000000,0.000000,-8.053000,36166000.000000,-33212000.000000,2795000.000000,0.000000,0.662000,-0.757000,-0.683000,23946000.000000,0.000000,3.430000,5.712000,7.722000,1765000.000000,-582022000.000000,2954000.000000,2954000.000000,28761000.000000,,,,,2645000.000000,7405000.000000,1.000000,20595503.000000,27842218.000000,27842218.000000,0.106000,205323000.000000,0.000000,0.000000,0.000000,7.375000
ARQ,2023-06-30,2023-08-08,2023-06-30,2023-Q2,124255000.000000,75798768.000000,2024-11-01,49000.000000,180982000.000000,,152630000.000000,28352000.000000,,2.624000,1000.000000,118528000.000000,118528000.000000,0.000000,-36258000.000000,5.379000,1.471000,62825000.000000,2169000.000000,60656000.000000,62825000.000000,2185000.000000,653000.000000,0.000000,0.000000,0.000000,-34980000.000000,-34327000.000000,-12.117000,-34327000.000000,-34980000.000000,-36258000.000000,-1.300000,-1.300000,-1.300000,73239000.000000,,73239000.000000,20095768.000000,0.000000,-0.230000,-22385000.000000,-0.802000,1.000000,2833000.000000,1.000000,0.000000,1278000.000000,96904000.000000,,0.000000,28540000.000000,28540000.000000,0.000000,107743000.000000,28375000.000000,79368000.000000,10677000.000000,0.000000,144000.000000,-4000.000000,0.000000,140000.000000,32923000.000000,32922000.000000,-22386000.000000,0.000000,-36258000.000000,-36258000.000000,-36258000.000000,0.000000,0.000000,-12.798000,36833000.000000,-34000000.000000,6693000.000000,0.000000,1.035000,-0.797000,-3.978000,23037000.000000,0.000000,3.660000,8.494000,11.448000,1756000.000000,-618280000.000000,2833000.000000,2833000.000000,29608000.000000,,,,,2814000.000000,7225000.000000,1.000000,20710046.000000,27913448.000000,27913448.000000,0.101000,180982000.000000,0.000000,0.000000,0.000000,6.484000
ARQ,2023-09-30,2023-11-14,2023-09-30,2023-Q3,94121000.000000,57302433.000000,2024-11-01,0.000000,147795000.000000,,122515000.000000,25280000.000000,,1.297000,0.000000,115305000.000000,115305000.000000,0.000000,-40143000.000000,4.315000,3.071000,62461000.000000,3911000.000000,58550000.000000,62461000.000000,139000.000000,616000.000000,0.000000,0.000000,0.000000,-38840000.000000,-38224000.000000,-10.161000,-38224000.000000,-38840000.000000,-40143000.000000,-1.430000,-1.430000,-1.430000,36302000.000000,,36302000.000000,4458433.000000,0.000000,-0.046000,-31858000.000000,-1.138000,1.000000,3762000.000000,1.000000,0.000000,1303000.000000,66557000.000000,,0.000000,0.000000,0.000000,0.000000,111493000.000000,28394000.000000,83099000.000000,-3223000.000000,0.000000,0.000000,-5000.000000,0.000000,-5000.000000,28640000.000000,28640000.000000,-31858000.000000,0.000000,-40143000.000000,-40143000.000000,-40143000.000000,0.000000,0.000000,-10.671000,38398000.000000,-34636000.000000,2855000.000000,0.000000,1.578000,-0.546000,3.163000,20081000.000000,0.000000,2.720000,6.515000,8.657000,1665000.000000,-658423000.000000,3762000.000000,3762000.000000,28280000.000000,,,,,3255000.000000,7764000.000000,1.000000,21067071.000000,27990558.000000,27990558.000000,0.134000,147795000.000000,0.000000,0.000000,0.000000,5.280000
ARQ,2023-12-31,2024-03-27,2023-12-31,2023-Q4,108299000.000000,154490723.000000,2024-11-01,0.000000,168174000.000000,,144980000.000000,23194000.000000,,0.564000,1522000.000000,141645000.000000,141645000.000000,0.000000,-64384000.000000,3.952000,9.093000,62075000.000000,8991000.000000,53084000.000000,62075000.000000,0.000000,355000.000000,0.000000,0.000000,0.000000,-63055000.000000,-62700000.000000,-162.435000,-62700000.000000,-63055000.000000,-64384000.000000,-2.220000,-2.220000,-2.220000,16662000.000000,,16662000.000000,74920723.000000,0.000000,-0.477000,-17040000.000000,-0.577000,1.000000,386000.000000,1.000000,0.000000,1329000.000000,51923000.000000,,0.000000,0.000000,0.000000,0.000000,151512000.000000,36681000.000000,114831000.000000,26340000.000000,0.000000,43383000.000000,-3000.000000,0.000000,43380000.000000,1522000.000000,0.000000,-18562000.000000,0.000000,-64384000.000000,-64384000.000000,-64384000.000000,0.000000,0.000000,-166.798000,27526000.000000,-27140000.000000,11544000.000000,0.000000,9.272000,-0.939000,-1.005000,19483000.000000,0.000000,5.840000,15.549000,16.649000,0.000000,-722807000.000000,386000.000000,386000.000000,21503000.000000,,,,,1720000.000000,5888000.000000,1.000000,26453891.000000,29555263.000000,29555263.000000,0.013000,168174000.000000,0.000000,0.000000,0.000000,5.690000
ARQ,2024-03-31,2024-05-14,2024-03-31,2024-Q1,74899000.000000,145134870.000000,2024-11-01,0.000000,134728000.000000,,112202000.000000,22526000.000000,,0.386000,29000.000000,85642000.000000,85642000.000000,0.000000,-3708000.000000,3.008000,7.948000,61671000.000000,14076000.000000,47595000.000000,61671000.000000,0.000000,334000.000000,0.000000,0.000000,0.000000,-2401000.000000,-2067000.000000,,-2067000.000000,-2401000.000000,-3708000.000000,-0.100000,-0.100000,-0.100000,15057000.000000,,15057000.000000,121163870.000000,-1.000000,-0.882000,-31069000.000000,-0.797000,1.000000,0.000000,,0.000000,1307000.000000,73454000.000000,,0.000000,24781000.000000,24781000.000000,0.000000,119671000.000000,37303000.000000,82368000.000000,-56003000.000000,0.000000,0.000000,0.000000,0.000000,-265000.000000,-24640000.000000,-24669000.000000,-31098000.000000,0.000000,-3708000.000000,-3708000.000000,-3708000.000000,0.000000,0.000000,,30921000.000000,-30921000.000000,11346000.000000,0.000000,9.639000,-1.004000,-1.075000,18857000.000000,0.000000,5.430000,20.790000,30.318000,0.000000,-726515000.000000,0.000000,0.000000,24655000.000000,,,,,2103000.000000,6266000.000000,1.000000,26728337.000000,38978046.000000,38978046.000000,0.000000,134728000.000000,0.000000,0.000000,0.000000,3.457000
ARQ,2024-06-30,2024-07-31,2024-06-30,2024-Q2,60400000.000000,160858584.000000,2024-11-01,0.000000,106722000.000000,,84921000.000000,21801000.000000,,-0.162000,96000.000000,81083000.000000,81083000.000000,0.000000,-23327000.000000,3.463000,-17.801000,60661000.000000,2495000.000000,58166000.000000,60661000.000000,0.000000,331000.000000,0.000000,0.000000,0.000000,-21945000.000000,-21614000.000000,,-21614000.000000,-21945000.000000,-23327000.000000,-0.590000,-0.590000,-0.590000,-6352000.000000,,-6352000.000000,140436584.000000,-1.000000,-1.127000,-29571000.000000,-0.753000,1.000000,0.000000,,0.000000,1382000.000000,61779000.000000,,0.000000,0.000000,0.000000,0.000000,113074000.000000,24521000.000000,88553000.000000,-4559000.000000,0.000000,115000.000000,0.000000,0.000000,41000.000000,25067000.000000,24971000.000000,-29667000.000000,0.000000,-23327000.000000,-23327000.000000,-23327000.000000,0.000000,0.000000,,27416000.000000,-27416000.000000,7469000.000000,0.000000,-25.324000,-1.223000,-1.382000,18222000.000000,0.000000,6.000000,38.780000,56.802000,0.000000,-749842000.000000,0.000000,0.000000,21953000.000000,,,,,1803000.000000,5463000.000000,1.000000,26809764.000000,39269434.000000,39269434.000000,0.000000,106722000.000000,0.000000,0.000000,0.000000,2.718000
ARQ,2024-09-30,2024-10-31,2024-09-30,2024-Q3,35539000.000000,67617792.000000,2024-11-01,0.000000,84995000.000000,,63931000.000000,21064000.000000,,-0.283000,0.000000,60394000.000000,60394000.000000,0.000000,-6396000.000000,2.252000,-8.641000,60226000.000000,2584000.000000,57642000.000000,60226000.000000,0.000000,325000.000000,0.000000,0.000000,0.000000,-5084000.000000,-4759000.000000,,-4759000.000000,-5084000.000000,-6396000.000000,-0.160000,-0.160000,-0.160000,-11123000.000000,,-11123000.000000,67449792.000000,-1.000000,-0.740000,-20689000.000000,-0.526000,1.000000,0.000000,,0.000000,1312000.000000,56435000.000000,,0.000000,0.000000,0.000000,0.000000,96118000.000000,28392000.000000,67726000.000000,-20689000.000000,0.000000,0.000000,0.000000,0.000000,0.000000,0.000000,0.000000,-20689000.000000,0.000000,-6396000.000000,-6396000.000000,-6396000.000000,0.000000,0.000000,,26182000.000000,-26182000.000000,9646000.000000,0.000000,-6.079000,-0.691000,-0.821000,17579000.000000,0.000000,2.520000,175.176000,256.804000,0.000000,-756238000.000000,0.000000,0.000000,20527000.000000,,,,,1625000.000000,5655000.000000,1.000000,26832457.000000,39335772.000000,39335772.000000,0.000000,84995000.000000,0.000000,0.000000,0.000000,2.161000
ART,2016-03-31,2016-06-20,2016-03-31,2016-Q1,57824000.000000,,2024-11-01,0.000000,70825000.000000,,63225000.000000,7600000.000000,,-241.765000,,62616000.000000,62616000.000000,,,11.706000,-2.223000,322000.000000,156000.000000,166000.000000,322000.000000,0.000000,,0.000000,,0.000000,,,,,,,,,,-57890000.000000,,-57890000.000000,,,,,,1.000000,,,0.000000,,3130000.000000,,0.000000,0.000000,0.000000,0.000000,128715000.000000,5401000.000000,123314000.000000,,,,,,,,,,,,,,,,,,,2260000.000000,,,,,4857000.000000,,,,,0.000000,-64101000.000000,,,,,,,,,,1.000000,2276016.000000,239447.000000,,,70825000.000000,0.000000,,0.000000,295.786000
ART,2016-06-30,2016-08-15,2016-06-30,2016-Q2,46004000.000000,210369339.000000,2024-11-01,0.000000,60946000.000000,,52153000.000000,8793000.000000,,-267.956000,,50599000.000000,50599000.000000,,,8.482000,-1.891000,301000.000000,163000.000000,138000.000000,301000.000000,0.000000,,0.000000,0.000000,0.000000,,,,,,,,,,-68413000.000000,,-68413000.000000,160071339.000000,,,,,1.000000,,,0.000000,,4499000.000000,,0.000000,0.000000,0.000000,0.000000,129359000.000000,6149000.000000,123210000.000000,,,,,,,,,,,,,,,,,,,1645000.000000,,-3.075000,,,4773000.000000,,90.000000,,,0.000000,-76122000.000000,,,,,,,,,,1.000000,2337437.000000,255315.000000,,,60946000.000000,0.000000,,0.000000,238.709000
ART,2016-09-30,2016-11-14,2016-09-30,2016-Q3,86533000.000000,298100980.000000,2024-11-01,0.000000,100410000.000000,,94881000.000000,5529000.000000,,41.240000,,93977000.000000,93977000.000000,,,11.366000,0.106000,261000.000000,165000.000000,96000.000000,261000.000000,0.000000,,0.000000,0.000000,0.000000,,,,,,,,,,90781000.000000,,90781000.000000,204384980.000000,,,,,1.000000,,,0.000000,,-1654000.000000,,0.000000,0.000000,0.000000,0.000000,9629000.000000,8348000.000000,1281000.000000,,,,,,,,,,,,,,,,,,,4039000.000000,,3.284000,,,4603000.000000,,127.500000,,,0.000000,-90291000.000000,,,,,,,,,,1.000000,2338047.000000,2201274.000000,,,100410000.000000,0.000000,,0.000000,45.614000
ART,2016-12-31,2017-03-20,2016-12-31,2016-Q4,75941000.000000,374988476.000000,2024-11-01,-9000.000000,91323000.000000,80876000.000000,85508000.000000,5815000.000000,0.004000,63.484000,-2322000.000000,59071000.000000,59071000.000000,0.000000,-47743000.000000,8.938000,0.133000,221000.000000,168000.000000,53000.000000,221000.000000,550000.000000,1273000.000000,0.000000,0.000000,0.000000,-47743000.000000,-46470000.000000,-146.593000,-46470000.000000,-47743000.000000,-47743000.000000,-40.500000,-40.500000,-40.500000,80602000.000000,11270000.000000,80602000.000000,316138476.000000,-7.000000,-6.803000,-42858000.000000,-33.756000,1.000000,317000.000000,1.000000,0.000000,0.000000,22906000.000000,7220250.000000,0.000000,25005000.000000,25005000.000000,0.000000,10721000.000000,9567000.000000,1154000.000000,22679000.000000,0.000000,53875000.000000,-135000.000000,0.000000,90557000.000000,-27342000.000000,-25020000.000000,-40536000.000000,0.000000,-47743000.000000,-51424000.000000,-51424000.000000,0.000000,0.000000,-162.221000,48280000.000000,-47963000.000000,2415000.000000,0.000000,4.652000,-7.292000,-3.958000,4850000.000000,3681000.000000,160.300000,1182.929000,642.030000,867000.000000,-101256000.000000,317000.000000,317000.000000,37817000.000000,-0.636000,-4.563000,-6.612000,-150.609000,4234000.000000,10463000.000000,1.000000,2339292.000000,1269641.000000,1269641.000000,0.250000,91323000.000000,0.000000,0.000000,0.000000,71.928000
ART,2017-03-31,2017-05-15,2017-03-31,2017-Q1,65640000.000000,392963541.000000,2024-11-01,-13000.000000,78023000.000000,82675500.000000,72505000.000000,5518000.000000,0.017000,29.981000,-1193000.000000,48482000.000000,48482000.000000,0.000000,-48670000.000000,10.562000,0.112000,180000.000000,171000.000000,9000.000000,180000.000000,0.000000,1334000.000000,0.000000,0.000000,0.000000,-48670000.000000,-47336000.000000,-33.382000,-47336000.000000,-48670000.000000,-48670000.000000,-61.700000,-61.700000,-61.700000,70136000.000000,43276500.000000,70136000.000000,344661541.000000,-7.000000,-7.281000,-43931000.000000,-18.779000,1.000000,1418000.000000,1.000000,0.000000,0.000000,22856000.000000,12151750.000000,0.000000,22495000.000000,22495000.000000,0.000000,7887000.000000,6865000.000000,1022000.000000,-14134000.000000,0.000000,54044000.000000,-159000.000000,0.000000,52318000.000000,-23714000.000000,-22521000.000000,-42738000.000000,0.000000,-48670000.000000,-50614000.000000,-50614000.000000,0.000000,0.000000,-35.694000,50358000.000000,-48940000.000000,2377000.000000,0.000000,5.603000,-7.764000,-2.433000,4546000.000000,1944000.000000,150.100000,277.125000,247.627000,551000.000000,-112771000.000000,1418000.000000,1418000.000000,39180000.000000,-0.612000,-1.170000,-4.005000,-34.323000,4456000.000000,11178000.000000,1.000000,2618012.000000,2339345.000000,2339345.000000,0.606000,78023000.000000,0.000000,0.000000,0.000000,33.353000
ART,2017-06-30,2017-08-09,2017-06-30,2017-Q2,86174000.000000,599783037.000000,2024-11-01,-6000.000000,99031000.000000,92196750.000000,93190000.000000,5841000.000000,0.015000,35.601000,-1203000.000000,80014000.000000,80014000.000000,0.000000,-50017000.000000,13.282000,0.087000,138000.000000,130000.000000,8000.000000,138000.000000,0.000000,1399000.000000,0.000000,0.000000,0.000000,-50017000.000000,-48618000.000000,-34.286000,-48618000.000000,-50017000.000000,-50017000.000000,-12.700000,-12.700000,-12.700000,91081000.000000,83150000.000000,91081000.000000,519907037.000000,-10.000000,-10.694000,-44600000.000000,-17.433000,1.000000,1418000.000000,1.000000,0.000000,0.000000,12139000.000000,14061750.000000,0.000000,11990000.000000,11990000.000000,0.000000,7950000.000000,7016000.000000,934000.000000,29415000.000000,0.000000,87101000.000000,-163000.000000,0.000000,86030000.000000,-13218000.000000,-12015000.000000,-43397000.000000,0.000000,-50017000.000000,-50138000.000000,-50138000.000000,0.000000,0.000000,-35.358000,51806000.000000,-50388000.000000,1348000.000000,0.000000,6.585000,-11.963000,-17.984000,4508000.000000,121000.000000,228.400000,422.978000,412.089000,0.000000,-126139000.000000,1418000.000000,1418000.000000,39696000.000000,-0.544000,-0.603000,-3.557000,-35.273000,4464000.000000,12110000.000000,1.000000,2626020.000000,2558415.000000,2558415.000000,0.554000,99031000.000000,0.000000,0.000000,0.000000,38.708000
ART,2017-09-30,2017-11-08,2017-09-30,2017-Q3,73928000.000000,305170140.000000,2024-11-01,-10000.000000,88677000.000000,89263500.000000,83167000.000000,5510000.000000,0.016000,29.929000,-1068000.000000,42632000.000000,42632000.000000,0.000000,-49673000.000000,9.002000,0.128000,96000.000000,89000.000000,7000.000000,96000.000000,0.000000,1475000.000000,0.000000,0.000000,0.000000,-49673000.000000,-48198000.000000,-33.990000,-48198000.000000,-49673000.000000,-49673000.000000,-11.500000,-11.500000,-11.500000,78592000.000000,80102750.000000,78592000.000000,262634140.000000,-5.000000,-5.449000,-44826000.000000,-17.071000,1.000000,1418000.000000,1.000000,0.000000,0.000000,36902000.000000,23700750.000000,0.000000,39799000.000000,39799000.000000,0.000000,10085000.000000,9239000.000000,846000.000000,-51345000.000000,0.000000,36843000.000000,-165000.000000,0.000000,33269000.000000,-40856000.000000,-39788000.000000,-43758000.000000,0.000000,-49673000.000000,-49673000.000000,-49673000.000000,0.000000,0.000000,-35.030000,51629000.000000,-50211000.000000,1846000.000000,0.000000,3.883000,-6.144000,-10.091000,4127000.000000,0.000000,116.050000,215.212000,214.907000,0.000000,-139964000.000000,1418000.000000,1418000.000000,38559000.000000,-0.556000,-0.620000,-2.096000,-35.030000,3878000.000000,13070000.000000,1.000000,2629644.000000,2625922.000000,2625922.000000,0.540000,88677000.000000,0.000000,0.000000,0.000000,33.770000
ART,2017-12-31,2018-03-12,2017-12-31,2017-Q4,60746000.000000,396629600.000000,2024-11-01,-42000.000000,78488000.000000,86054750.000000,73159000.000000,5329000.000000,0.013000,25.711000,-821000.000000,32688000.000000,32688000.000000,0.000000,-54010000.000000,5.894000,0.202000,53000.000000,47000.000000,6000.000000,53000.000000,0.000000,1527000.000000,0.000000,0.000000,0.000000,-54010000.000000,-52483000.000000,-47.668000,-52483000.000000,-54010000.000000,-54010000.000000,-21.300000,-21.300000,-21.300000,65324000.000000,76283250.000000,65324000.000000,363994600.000000,-7.000000,-6.935000,-45550000.000000,-17.928000,1.000000,1101000.000000,1.000000,0.000000,0.000000,33440000.000000,26334250.000000,0.000000,39844000.000000,39844000.000000,0.000000,13164000.000000,12413000.000000,751000.000000,-26383000.000000,0.000000,34105000.000000,-168000.000000,0.000000,33937000.000000,-15591000.000000,-14770000.000000,-44729000.000000,0.000000,-54010000.000000,-54010000.000000,-54010000.000000,0.000000,0.000000,-49.055000,55787000.000000,-54686000.000000,2283000.000000,0.000000,6.072000,-7.344000,-5.784000,3938000.000000,0.000000,123.200000,360.245000,284.298000,0.000000,-155266000.000000,1101000.000000,1101000.000000,41896000.000000,-0.628000,-0.708000,-2.051000,-49.055000,4419000.000000,13891000.000000,1.000000,3219396.000000,2540684.000000,2540684.000000,0.433000,78488000.000000,0.000000,0.000000,0.000000,30.892000
ART,2018-03-31,2018-05-10,2018-03-31,2018-Q1,102033000.000000,375628030.000000,2024-11-01,-34000.000000,128100000.000000,98574000.000000,123370000.000000,4730000.000000,0.004000,34.448000,-577000.000000,94817000.000000,94817000.000000,0.000000,-56958000.000000,5.782000,0.226000,9000.000000,4000.000000,5000.000000,9000.000000,11882000.000000,1550000.000000,0.000000,0.000000,0.000000,-56958000.000000,-55408000.000000,-149.751000,-55408000.000000,-56958000.000000,-56958000.000000,-21.200000,-21.200000,-21.200000,104499000.000000,84874000.000000,104499000.000000,280820030.000000,-5.000000,-5.068000,-34886000.000000,-11.500000,1.000000,370000.000000,1.000000,0.000000,0.000000,11955000.000000,23609000.000000,0.000000,27407000.000000,27407000.000000,0.000000,23601000.000000,21337000.000000,2264000.000000,46335000.000000,0.000000,86147000.000000,-171000.000000,0.000000,85976000.000000,-5332000.000000,-4755000.000000,-34309000.000000,0.000000,-56958000.000000,-56958000.000000,-56958000.000000,0.000000,0.000000,-153.941000,58264000.000000,-57894000.000000,1717000.000000,0.000000,3.595000,-6.595000,-5.439000,3565000.000000,0.000000,115.300000,1015.211000,945.309000,0.000000,-169729000.000000,370000.000000,370000.000000,43384000.000000,-0.578000,-0.671000,-2.413000,-153.941000,5231000.000000,14880000.000000,1.000000,3257832.000000,3033516.000000,3033516.000000,0.122000,128100000.000000,0.000000,0.000000,0.000000,42.228000
ART,2018-06-30,2018-08-07,2018-06-30,2018-Q2,109272000.000000,389381281.000000,2024-11-01,-7000.000000,131379000.000000,106661000.000000,126951000.000000,4428000.000000,0.007000,33.050000,-281000.000000,114386000.000000,114386000.000000,0.000000,-57637000.000000,7.181000,0.209000,36000.000000,9000.000000,27000.000000,36000.000000,11507000.000000,1545000.000000,0.000000,0.000000,0.000000,-57637000.000000,-56092000.000000,-75.291000,-56092000.000000,-57637000.000000,-57637000.000000,-20.300000,-20.300000,-20.300000,108712000.000000,89281750.000000,108712000.000000,275031281.000000,-5.000000,-4.903000,-36858000.000000,-11.206000,1.000000,745000.000000,1.000000,0.000000,0.000000,-650000.000000,20411750.000000,0.000000,10270000.000000,9980000.000000,290000.000000,22667000.000000,17679000.000000,4988000.000000,34662000.000000,0.000000,69188000.000000,-131000.000000,0.000000,69281000.000000,1958000.000000,2239000.000000,-36577000.000000,0.000000,-57637000.000000,-57637000.000000,-57637000.000000,0.000000,0.000000,-77.365000,59674000.000000,-58929000.000000,1263000.000000,0.000000,3.582000,-6.756000,-5.700000,3275000.000000,0.000000,115.700000,522.659000,510.830000,0.000000,-183776000.000000,745000.000000,745000.000000,44425000.000000,-0.540000,-0.646000,-2.824000,-77.365000,5819000.000000,15249000.000000,1.000000,3365439.000000,3289271.000000,3289271.000000,0.226000,131379000.000000,0.000000,0.000000,0.000000,39.942000
ART,2018-09-30,2018-11-01,2018-09-30,2018-Q3,94247000.000000,249380616.000000,2024-11-01,-13000.000000,120634000.000000,114650250.000000,115544000.000000,5090000.000000,0.010000,28.180000,-1247000.000000,44162000.000000,44162000.000000,0.000000,-59549000.000000,5.425000,0.272000,33000.000000,9000.000000,24000.000000,33000.000000,11095000.000000,1562000.000000,0.000000,0.000000,0.000000,-59549000.000000,-57987000.000000,-50.118000,-57987000.000000,-59549000.000000,-59549000.000000,-19.700000,-19.700000,-19.700000,94837000.000000,93343000.000000,94837000.000000,205251616.000000,-3.000000,-3.540000,-38317000.000000,-11.386000,1.000000,1157000.000000,1.000000,0.000000,0.000000,55208000.000000,24988250.000000,0.000000,69997000.000000,69707000.000000,290000.000000,25797000.000000,21297000.000000,4500000.000000,1820000.000000,0.000000,69317000.000000,-91000.000000,0.000000,69639000.000000,-30749000.000000,-29502000.000000,-37070000.000000,0.000000,-59549000.000000,-59549000.000000,-59549000.000000,0.000000,0.000000,-51.468000,62366000.000000,-61209000.000000,2671000.000000,0.000000,2.630000,-4.188000,-3.761000,3908000.000000,0.000000,74.100000,215.541000,215.534000,0.000000,-199513000.000000,1157000.000000,1157000.000000,46834000.000000,-0.519000,-0.638000,-2.383000,-51.468000,6248000.000000,15532000.000000,1.000000,3365460.000000,3365348.000000,3365348.000000,0.344000,120634000.000000,0.000000,0.000000,0.000000,35.846000
ART,2018-12-31,2019-03-07,2018-12-31,2018-Q4,82205000.000000,226089706.000000,2024-11-01,-3000.000000,106766000.000000,121719750.000000,101734000.000000,5032000.000000,0.017000,24.065000,-1375000.000000,50524000.000000,50524000.000000,0.000000,-62279000.000000,5.209000,0.359000,31000.000000,9000.000000,22000.000000,31000.000000,10202000.000000,1604000.000000,0.000000,0.000000,0.000000,-62279000.000000,-60675000.000000,-29.598000,-60675000.000000,-62279000.000000,-62279000.000000,-19.100000,-19.100000,-19.100000,78586000.000000,96658500.000000,78586000.000000,175596706.000000,-3.000000,-2.894000,-41690000.000000,-12.766000,1.000000,2050000.000000,1.000000,0.000000,0.000000,36744000.000000,25814250.000000,0.000000,50083000.000000,49793000.000000,290000.000000,28180000.000000,19529000.000000,8651000.000000,18126000.000000,0.000000,69134000.000000,-50000.000000,0.000000,69084000.000000,-10643000.000000,-9268000.000000,-40315000.000000,0.000000,-62279000.000000,-62279000.000000,-62279000.000000,0.000000,0.000000,-30.380000,66346000.000000,-64296000.000000,3309000.000000,0.000000,2.877000,-3.630000,-3.613000,3861000.000000,0.000000,69.000000,110.288000,109.916000,0.000000,-217545000.000000,2050000.000000,2050000.000000,50182000.000000,-0.512000,-0.644000,-2.413000,-30.380000,6610000.000000,16164000.000000,1.000000,3276662.000000,3265624.000000,3265624.000000,0.628000,106766000.000000,0.000000,0.000000,0.000000,32.694000
ART,2019-03-31,2019-05-01,2019-03-31,2019-Q1,62784000.000000,304257373.000000,2024-11-01,8000.000000,88428000.000000,111801750.000000,77763000.000000,10665000.000000,0.019000,18.959000,-1814000.000000,22767000.000000,22767000.000000,0.000000,-64277000.000000,5.191000,0.381000,2944000.000000,1413000.000000,1531000.000000,2944000.000000,9748000.000000,1733000.000000,0.000000,0.000000,0.000000,-64277000.000000,-62544000.000000,-29.308000,-62544000.000000,-64277000.000000,-64277000.000000,-19.300000,-19.300000,-19.300000,64018000.000000,86538250.000000,64018000.000000,284434373.000000,-4.000000,-4.548000,-60056000.000000,-17.786000,1.000000,2134000.000000,1.000000,0.000000,0.000000,53626000.000000,36232000.000000,0.000000,57113000.000000,53737000.000000,3376000.000000,24410000.000000,14979000.000000,9431000.000000,-68674000.000000,0.000000,16926000.000000,-46000.000000,0.000000,16802000.000000,-27234000.000000,-25420000.000000,-58242000.000000,0.000000,-64277000.000000,-64277000.000000,-64277000.000000,0.000000,0.000000,-30.120000,68582000.000000,-66448000.000000,2632000.000000,0.000000,4.753000,-4.734000,-3.715000,6186000.000000,0.000000,71.700000,142.576000,113.451000,0.000000,-234006000.000000,2134000.000000,2134000.000000,51628000.000000,-0.575000,-0.743000,-1.774000,-30.120000,6793000.000000,16954000.000000,1.000000,4243478.000000,3376633.000000,3376633.000000,0.632000,88428000.000000,0.000000,0.000000,0.000000,26.188000
ART,2019-06-30,2019-08-01,2019-06-30,2019-Q2,109036000.000000,359876309.000000,2024-11-01,4000.000000,151827000.000000,116913750.000000,124368000.000000,27459000.000000,0.019000,26.855000,-3118000.000000,102378000.000000,102378000.000000,0.000000,-69685000.000000,8.112000,0.357000,18810000.000000,1855000.000000,16955000.000000,18810000.000000,9286000.000000,1944000.000000,0.000000,0.000000,0.000000,-69685000.000000,-67741000.000000,-30.500000,-67741000.000000,-69685000.000000,-69685000.000000,-19.700000,-19.700000,-19.700000,111915000.000000,87339000.000000,111915000.000000,276308309.000000,-4.000000,-4.079000,-65381000.000000,-15.689000,1.000000,2221000.000000,1.000000,0.000000,0.000000,52927000.000000,49626250.000000,0.000000,23354000.000000,19978000.000000,3376000.000000,39912000.000000,15332000.000000,24580000.000000,-8922000.000000,0.000000,60837000.000000,-98000.000000,0.000000,65377000.000000,-12036000.000000,-8918000.000000,-62263000.000000,0.000000,-69685000.000000,-69685000.000000,-69685000.000000,0.000000,0.000000,-31.376000,74329000.000000,-72108000.000000,1759000.000000,0.000000,3.216000,-5.164000,-4.305000,23194000.000000,0.000000,84.800000,162.033000,159.113000,0.000000,-253461000.000000,2221000.000000,2221000.000000,56021000.000000,-0.596000,-0.798000,-1.404000,-31.376000,7404000.000000,18308000.000000,1.000000,4243824.000000,4167328.000000,4167328.000000,0.533000,151827000.000000,0.000000,0.000000,0.000000,36.433000
ART,2019-09-30,2019-11-12,2019-09-30,2019-Q3,88450000.000000,213054960.000000,2024-11-01,21000.000000,143831000.000000,122713000.000000,111020000.000000,32811000.000000,0.019000,22.285000,-4676000.000000,34002000.000000,34002000.000000,0.000000,-73741000.000000,4.919000,0.521000,21282000.000000,2209000.000000,19073000.000000,21282000.000000,8728000.000000,2118000.000000,0.000000,0.000000,0.000000,-73741000.000000,-71623000.000000,-30.259000,-71623000.000000,-73741000.000000,-73741000.000000,-19.700000,-19.700000,-19.700000,94574000.000000,87273250.000000,94574000.000000,200334960.000000,-3.000000,-2.797000,-68138000.000000,-16.055000,1.000000,2367000.000000,1.000000,0.000000,0.000000,108541000.000000,62959500.000000,0.000000,78150000.000000,74774000.000000,3376000.000000,49257000.000000,22570000.000000,26687000.000000,-7074000.000000,0.000000,60551000.000000,-151000.000000,0.000000,65038000.000000,-8650000.000000,-3974000.000000,-63462000.000000,0.000000,-73741000.000000,-73741000.000000,-73741000.000000,0.000000,0.000000,-31.154000,78544000.000000,-76177000.000000,8043000.000000,0.000000,2.253000,-2.889000,-2.548000,28502000.000000,0.000000,50.200000,90.011000,90.007000,0.000000,-273254000.000000,2367000.000000,2367000.000000,59096000.000000,-0.601000,-0.845000,-1.171000,-31.154000,8256000.000000,19448000.000000,1.000000,4244123.000000,4243934.000000,4243934.000000,0.558000,143831000.000000,0.000000,0.000000,0.000000,33.891000
ART,2019-12-31,2020-03-05,2019-12-31,2019-Q4,90997000.000000,261258344.000000,2024-11-01,24000.000000,149978000.000000,133516000.000000,114513000.000000,35465000.000000,0.015000,19.687000,-12528000.000000,41731000.000000,41731000.000000,0.000000,-75438000.000000,4.870000,0.894000,25917000.000000,1278000.000000,24639000.000000,25917000.000000,28378000.000000,2521000.000000,0.000000,0.000000,0.000000,-75438000.000000,-72917000.000000,-36.790000,-72917000.000000,-75438000.000000,-75438000.000000,-18.800000,-18.800000,-18.800000,79184000.000000,87422750.000000,79184000.000000,245444344.000000,-3.000000,-3.366000,-72781000.000000,-18.095000,1.000000,1982000.000000,1.000000,0.000000,0.000000,110648000.000000,81435500.000000,0.000000,53061000.000000,49975000.000000,3086000.000000,70794000.000000,23516000.000000,47278000.000000,-5997000.000000,0.000000,61557000.000000,-205000.000000,0.000000,65990000.000000,-11734000.000000,794000.000000,-60253000.000000,0.000000,-75438000.000000,-75438000.000000,-75438000.000000,0.000000,0.000000,-38.062000,79723000.000000,-77741000.000000,5853000.000000,0.000000,3.299000,-3.463000,-3.202000,31889000.000000,0.000000,60.200000,131.816000,122.168000,20158000.000000,-292983000.000000,1982000.000000,1982000.000000,58245000.000000,-0.565000,-0.863000,-0.926000,-38.062000,9839000.000000,21478000.000000,1.000000,4339840.000000,4022218.000000,4022218.000000,0.493000,149978000.000000,0.000000,0.000000,0.000000,37.287000
ART,2020-03-31,2020-05-07,2020-03-31,2020-Q1,105887000.000000,400729083.000000,2024-11-01,3000.000000,161400000.000000,151759000.000000,125695000.000000,35705000.000000,0.026000,17.426000,-13734000.000000,116873000.000000,116873000.000000,0.000000,-76203000.000000,6.346000,1.109000,45902000.000000,1534000.000000,44368000.000000,45902000.000000,27476000.000000,2682000.000000,0.000000,0.000000,0.000000,-76203000.000000,-73521000.000000,-18.818000,-73521000.000000,-76203000.000000,-76203000.000000,-17.900000,-17.900000,-17.900000,76543000.000000,90554000.000000,76543000.000000,329758083.000000,-4.000000,-4.485000,-53414000.000000,-12.161000,1.000000,3907000.000000,1.000000,0.000000,0.000000,70621000.000000,85684250.000000,0.000000,8089000.000000,5003000.000000,3086000.000000,84857000.000000,19808000.000000,65049000.000000,93816000.000000,0.000000,73591000.000000,19491000.000000,0.000000,97798000.000000,35698000.000000,49432000.000000,-39680000.000000,0.000000,-76203000.000000,-76203000.000000,-76203000.000000,0.000000,0.000000,-19.504000,82013000.000000,-78106000.000000,4636000.000000,0.000000,5.235000,-5.259000,-4.899000,31843000.000000,0.000000,87.700000,102.567000,98.596000,0.000000,-310209000.000000,3907000.000000,3907000.000000,60252000.000000,-0.502000,-0.842000,-0.889000,-19.504000,10419000.000000,21761000.000000,1.000000,4569317.000000,4392400.000000,4392400.000000,0.889000,161400000.000000,0.000000,0.000000,0.000000,36.745000
ART,2020-06-30,2020-08-06,2020-06-30,2020-Q2,89251000.000000,550518893.000000,2024-11-01,0.000000,147816000.000000,150756250.000000,112451000.000000,35365000.000000,0.044000,13.656000,-13402000.000000,108674000.000000,108674000.000000,0.000000,-73944000.000000,4.847000,1.369000,47064000.000000,1597000.000000,45467000.000000,47064000.000000,26822000.000000,2787000.000000,0.000000,0.000000,0.000000,-73944000.000000,-71157000.000000,-10.728000,-71157000.000000,-73944000.000000,-73944000.000000,-17.000000,-17.000000,-17.000000,62406000.000000,78176750.000000,62406000.000000,488908893.000000,-7.000000,-6.871000,-47414000.000000,-10.375000,1.000000,6633000.000000,1.000000,0.000000,0.000000,63006000.000000,88204000.000000,0.000000,3086000.000000,0.000000,3086000.000000,85410000.000000,23200000.000000,62210000.000000,6006000.000000,0.000000,13519000.000000,19471000.000000,0.000000,32990000.000000,7028000.000000,20430000.000000,-34012000.000000,0.000000,-73944000.000000,-73944000.000000,-73944000.000000,0.000000,0.000000,-11.148000,81272000.000000,-74639000.000000,2803000.000000,0.000000,8.822000,-7.445000,-7.076000,31235000.000000,0.000000,120.300000,82.997000,82.883000,2000.000000,-327405000.000000,6633000.000000,6633000.000000,59573000.000000,-0.490000,-0.946000,-0.838000,-11.148000,10791000.000000,21699000.000000,1.000000,4576217.000000,4569928.000000,4569928.000000,1.451000,147816000.000000,0.000000,0.000000,0.000000,32.345000
ART,2020-09-30,2020-11-05,2020-09-30,2020-Q3,70500000.000000,371525061.000000,2024-11-01,0.000000,133335000.000000,148132250.000000,98563000.000000,34772000.000000,0.067000,10.035000,-11354000.000000,93133000.000000,93133000.000000,0.000000,-73637000.000000,3.512000,1.902000,46775000.000000,1661000.000000,45114000.000000,46775000.000000,25395000.000000,2906000.000000,0.000000,0.000000,0.000000,-73637000.000000,-70731000.000000,-7.142000,-70731000.000000,-73637000.000000,-73637000.000000,-16.600000,-16.600000,-16.600000,45940000.000000,66018250.000000,45940000.000000,325167061.000000,-4.000000,-4.597000,-49397000.000000,-10.790000,1.000000,9903000.000000,1.000000,0.000000,0.000000,58914000.000000,75797250.000000,0.000000,3086000.000000,0.000000,3086000.000000,87395000.000000,28063000.000000,59332000.000000,58841000.000000,0.000000,13773000.000000,19465000.000000,0.000000,33238000.000000,63646000.000000,75000000.000000,-38043000.000000,0.000000,-73637000.000000,-73637000.000000,-73637000.000000,0.000000,0.000000,-7.436000,83150000.000000,-73247000.000000,4940000.000000,0.000000,8.087000,-5.045000,-4.886000,30675000.000000,0.000000,81.100000,37.516000,37.493000,2000.000000,-346891000.000000,9903000.000000,9903000.000000,61316000.000000,-0.497000,-1.115000,-0.971000,-7.436000,11125000.000000,21834000.000000,1.000000,4581074.000000,4578164.000000,4578164.000000,2.163000,133335000.000000,0.000000,0.000000,0.000000,29.124000
ART,2020-12-31,2021-03-04,2020-12-31,2020-Q4,149933000.000000,490648446.000000,2024-11-01,0.000000,213250000.000000,163950250.000000,178557000.000000,34693000.000000,0.092000,19.663000,-3336000.000000,173984000.000000,173984000.000000,0.000000,-84038000.000000,6.238000,1.355000,66213000.000000,1728000.000000,64485000.000000,66213000.000000,22086000.000000,2774000.000000,0.000000,0.000000,0.000000,-82246000.000000,-79472000.000000,-5.265000,-79472000.000000,-82246000.000000,-84038000.000000,-18.200000,-18.200000,-18.200000,90553000.000000,68860500.000000,90553000.000000,382877446.000000,-5.000000,-4.818000,-60700000.000000,-13.181000,1.000000,15093000.000000,1.000000,0.000000,1792000.000000,76855000.000000,67349000.000000,0.000000,3086000.000000,0.000000,3086000.000000,122697000.000000,28624000.000000,94073000.000000,132253000.000000,0.000000,103782000.000000,39378000.000000,0.000000,142953000.000000,46664000.000000,50000000.000000,-57364000.000000,0.000000,-84038000.000000,-84038000.000000,-84038000.000000,0.000000,0.000000,-5.568000,97390000.000000,-82297000.000000,3603000.000000,0.000000,5.418000,-5.838000,-4.374000,29641000.000000,0.000000,79.600000,32.508000,24.287000,7000.000000,-377021000.000000,15093000.000000,15093000.000000,76065000.000000,-0.513000,-1.220000,-1.221000,-5.449000,10939000.000000,21325000.000000,1.000000,6163925.000000,4605162.000000,4605162.000000,3.277000,213250000.000000,0.000000,0.000000,0.000000,46.307000
ART,2021-03-31,2021-05-06,2021-03-31,2021-Q1,199308000.000000,342076217.000000,2024-11-01,0.000000,260627000.000000,188757000.000000,226677000.000000,33950000.000000,0.093000,24.419000,-1801000.000000,225228000.000000,225228000.000000,0.000000,-81040000.000000,8.282000,0.739000,65967000.000000,1796000.000000,64171000.000000,65967000.000000,19952000.000000,2762000.000000,0.000000,0.000000,0.000000,-78281000.000000,-75519000.000000,-4.305000,-75519000.000000,-78281000.000000,-81040000.000000,-16.700000,-16.700000,-16.700000,149880000.000000,87194750.000000,149880000.000000,182815217.000000,-2.000000,-2.421000,-81401000.000000,-13.262000,1.000000,17542000.000000,1.000000,0.000000,2759000.000000,73997000.000000,68193000.000000,0.000000,0.000000,0.000000,0.000000,110747000.000000,27369000.000000,83378000.000000,105269000.000000,0.000000,162255000.000000,19658000.000000,0.000000,181670000.000000,3199000.000000,5000000.000000,-79600000.000000,0.000000,-81040000.000000,-81040000.000000,-81040000.000000,0.000000,0.000000,-4.620000,103440000.000000,-85898000.000000,3660000.000000,0.000000,2.282000,-4.221000,-3.311000,29121000.000000,0.000000,55.300000,19.500000,19.350000,0.000000,-391249000.000000,17542000.000000,17542000.000000,81525000.000000,-0.429000,-0.929000,-1.148000,-4.462000,11410000.000000,21915000.000000,1.000000,6185827.000000,6137964.000000,6137964.000000,2.858000,260627000.000000,0.000000,0.000000,0.000000,42.461000
ART,2021-06-30,2021-08-05,2021-06-30,2021-Q2,158584000.000000,303460920.000000,2024-11-01,-19000.000000,233734000.000000,210236500.000000,186207000.000000,47527000.000000,0.093000,20.677000,-1241000.000000,164001000.000000,164001000.000000,0.000000,-86334000.000000,6.741000,0.798000,65719000.000000,1866000.000000,63853000.000000,65719000.000000,16974000.000000,2884000.000000,0.000000,0.000000,0.000000,-82606000.000000,-79722000.000000,-4.085000,-79722000.000000,-82606000.000000,-86334000.000000,-16.500000,-16.500000,-16.500000,129977000.000000,104087500.000000,129977000.000000,205178920.000000,-2.000000,-2.574000,-94864000.000000,-15.091000,1.000000,19516000.000000,1.000000,0.000000,3728000.000000,107829000.000000,79398750.000000,0.000000,34378000.000000,21114000.000000,13264000.000000,103757000.000000,27623000.000000,76134000.000000,52241000.000000,0.000000,162098000.000000,19667000.000000,0.000000,181522000.000000,-35658000.000000,-34417000.000000,-93623000.000000,0.000000,-86334000.000000,-86334000.000000,-86334000.000000,0.000000,0.000000,-4.424000,114817000.000000,-95301000.000000,3671000.000000,0.000000,2.335000,-3.515000,-2.970000,28735000.000000,0.000000,49.000000,15.549000,15.783000,0.000000,-413739000.000000,19516000.000000,19516000.000000,92515000.000000,-0.411000,-0.829000,-1.040000,-4.233000,11136000.000000,22302000.000000,1.000000,6193080.000000,6285950.000000,6285950.000000,3.105000,233734000.000000,0.000000,0.000000,0.000000,37.184000
ART,2021-09-30,2021-11-05,2021-09-30,2021-Q3,123391000.000000,282479004.000000,2024-11-01,-5000.000000,208043000.000000,228913500.000000,153271000.000000,54772000.000000,0.093000,16.854000,-1029000.000000,118506000.000000,118506000.000000,0.000000,-92875000.000000,5.130000,0.962000,65467000.000000,1938000.000000,63529000.000000,65467000.000000,14975000.000000,2948000.000000,0.000000,0.000000,0.000000,-88163000.000000,-85215000.000000,-3.985000,-85215000.000000,-88163000.000000,-92875000.000000,-16.300000,-16.300000,-16.300000,106060000.000000,119117500.000000,106060000.000000,229440004.000000,-3.000000,-2.692000,-107524000.000000,-17.087000,1.000000,21385000.000000,1.000000,0.000000,4712000.000000,125124000.000000,95951250.000000,0.000000,51281000.000000,30164000.000000,21117000.000000,101983000.000000,29880000.000000,72103000.000000,22287000.000000,0.000000,161801000.000000,19661000.000000,0.000000,181219000.000000,-52437000.000000,-51408000.000000,-106495000.000000,0.000000,-92875000.000000,-92875000.000000,-92875000.000000,0.000000,0.000000,-4.343000,124600000.000000,-103215000.000000,4108000.000000,0.000000,2.663000,-3.041000,-2.798000,28159000.000000,0.000000,45.600000,13.209000,13.418000,0.000000,-439766000.000000,21385000.000000,21385000.000000,102103000.000000,-0.406000,-0.780000,-0.919000,-4.123000,10509000.000000,22497000.000000,1.000000,6194715.000000,6292830.000000,6292830.000000,3.398000,208043000.000000,0.000000,0.000000,0.000000,33.060000
ART,2021-12-31,2022-03-15,2021-12-31,2021-Q4,105077000.000000,68912127.000000,2024-11-01,-79000.000000,182935000.000000,221334750.000000,136585000.000000,46350000.000000,0.106000,13.627000,-1245000.000000,95388000.000000,95388000.000000,0.000000,-86558000.000000,4.335000,1.147000,65191000.000000,2011000.000000,63180000.000000,65191000.000000,10181000.000000,3018000.000000,0.000000,0.000000,0.000000,-82651000.000000,-79633000.000000,-3.390000,-79633000.000000,-82651000.000000,-86558000.000000,-13.800000,-13.800000,-13.800000,85218000.000000,117783750.000000,85218000.000000,38715127.000000,0.000000,-0.486000,-100785000.000000,-16.117000,1.000000,23488000.000000,1.000000,0.000000,3907000.000000,121230000.000000,107045000.000000,0.000000,51105000.000000,38067000.000000,13038000.000000,97717000.000000,31508000.000000,66209000.000000,-81682000.000000,0.000000,70817000.000000,-265000.000000,0.000000,70511000.000000,-52653000.000000,-51408000.000000,-99540000.000000,0.000000,-86558000.000000,-86558000.000000,-86558000.000000,0.000000,0.000000,-3.685000,122908000.000000,-99420000.000000,3692000.000000,0.000000,0.809000,-0.796000,-0.804000,27285000.000000,0.000000,11.100000,2.934000,2.955000,0.000000,-463579000.000000,23488000.000000,23488000.000000,99872000.000000,-0.391000,-0.735000,-0.772000,-3.519000,10354000.000000,23036000.000000,1.000000,6208300.000000,6253498.000000,6253498.000000,3.756000,182935000.000000,0.000000,0.000000,0.000000,29.253000
ART,2022-03-31,2022-05-16,2022-03-31,2022-Q1,88884000.000000,48345538.000000,2024-11-01,-273000.000000,152081000.000000,194198250.000000,116477000.000000,35604000.000000,0.124000,9.949000,-1111000.000000,72661000.000000,72661000.000000,0.000000,-97476000.000000,4.221000,1.424000,64895000.000000,3730000.000000,61165000.000000,64895000.000000,7773000.000000,3099000.000000,0.000000,0.000000,0.000000,-93561000.000000,-90462000.000000,-3.749000,-90462000.000000,-93561000.000000,-97476000.000000,-15.400000,-15.400000,-15.400000,62742000.000000,95999250.000000,62742000.000000,40579538.000000,0.000000,-0.449000,-108678000.000000,-17.234000,1.000000,24128000.000000,1.000000,0.000000,3915000.000000,116722000.000000,117726250.000000,0.000000,43324000.000000,40686000.000000,2638000.000000,89339000.000000,27593000.000000,61746000.000000,-152567000.000000,0.000000,308000.000000,-271000.000000,0.000000,8000.000000,-45008000.000000,-43897000.000000,-107567000.000000,0.000000,-97476000.000000,-97476000.000000,-97476000.000000,0.000000,0.000000,-4.040000,129259000.000000,-105131000.000000,2841000.000000,0.000000,0.771000,-0.496000,-0.500000,26725000.000000,0.000000,7.696000,2.004000,2.011000,0.000000,-488725000.000000,24128000.000000,24128000.000000,105014000.000000,-0.502000,-1.015000,-0.795000,-3.878000,10287000.000000,24245000.000000,1.000000,6281905.000000,6306142.000000,6306142.000000,3.826000,152081000.000000,0.000000,0.000000,0.000000,24.116000
ART,2022-06-30,2022-08-09,2022-06-30,2022-Q2,53018000.000000,58424810.000000,2024-11-01,-313000.000000,126234000.000000,167323250.000000,91945000.000000,34289000.000000,0.151000,4.860000,-794000.000000,62150000.000000,62150000.000000,0.000000,-109467000.000000,2.362000,3.070000,64596000.000000,8733000.000000,55863000.000000,64596000.000000,3591000.000000,3011000.000000,0.000000,0.000000,0.000000,-105540000.000000,-102529000.000000,-4.062000,-102529000.000000,-105540000.000000,-109467000.000000,-17.200000,-17.200000,-17.200000,31019000.000000,71259750.000000,31019000.000000,60870810.000000,-1.000000,-0.594000,-108085000.000000,-16.935000,1.000000,25242000.000000,1.000000,0.000000,3927000.000000,89753000.000000,113207250.000000,0.000000,27220000.000000,27220000.000000,0.000000,95215000.000000,38927000.000000,56288000.000000,-101851000.000000,0.000000,280000.000000,-278000.000000,0.000000,-286000.000000,5726000.000000,6520000.000000,-107291000.000000,0.000000,-109467000.000000,-109467000.000000,-109467000.000000,0.000000,0.000000,-4.337000,137998000.000000,-112756000.000000,6124000.000000,0.000000,1.884000,-0.534000,-0.539000,25887000.000000,0.000000,9.273000,2.315000,2.345000,0.000000,-523206000.000000,25242000.000000,25242000.000000,112328000.000000,-0.654000,-1.536000,-0.932000,-4.181000,10523000.000000,25670000.000000,1.000000,6300530.000000,6382379.000000,6382379.000000,3.955000,126234000.000000,0.000000,0.000000,0.000000,19.779000
ART,2022-09-30,2022-11-14,2022-09-30,2022-Q3,213881000.000000,74026871.000000,2024-11-01,-226000.000000,284725000.000000,186493750.000000,252305000.000000,32420000.000000,0.126000,13.717000,-812000.000000,174618000.000000,174618000.000000,0.000000,-113693000.000000,6.566000,1.204000,63971000.000000,2069000.000000,61902000.000000,63971000.000000,1625000.000000,2970000.000000,0.000000,0.000000,0.000000,-109699000.000000,-106729000.000000,-4.554000,-106729000.000000,-109699000.000000,-113693000.000000,-16.310000,-16.310000,-16.310000,129171000.000000,77037500.000000,129171000.000000,-36620129.000000,0.000000,0.343000,-115763000.000000,-12.293000,1.000000,23436000.000000,1.000000,0.000000,3994000.000000,135654000.000000,115839750.000000,0.000000,72949000.000000,72949000.000000,0.000000,155554000.000000,38424000.000000,117130000.000000,56112000.000000,0.000000,128292000.000000,-585000.000000,0.000000,141844000.000000,29219000.000000,30031000.000000,-114951000.000000,0.000000,-113693000.000000,-113693000.000000,-113693000.000000,0.000000,0.000000,-4.851000,148735000.000000,-125299000.000000,13017000.000000,0.000000,0.573000,-0.651000,-0.224000,25667000.000000,0.000000,3.660000,3.159000,1.471000,0.000000,-553459000.000000,23436000.000000,23436000.000000,110825000.000000,-0.610000,-1.476000,-0.947000,-4.681000,11382000.000000,28400000.000000,1.000000,20225921.000000,9417069.000000,9417069.000000,2.489000,284725000.000000,0.000000,0.000000,0.000000,30.235000
ART,2022-12-31,2023-03-02,2022-12-31,2022-Q4,180614000.000000,76329575.000000,2024-11-01,102000.000000,244486000.000000,201881500.000000,211392000.000000,33094000.000000,0.074000,10.112000,-1241000.000000,170553000.000000,170553000.000000,0.000000,-94654000.000000,6.868000,0.914000,63571000.000000,2071000.000000,61500000.000000,63571000.000000,4330000.000000,2967000.000000,0.000000,0.000000,0.000000,-90520000.000000,-87553000.000000,-5.884000,-87553000.000000,-90520000.000000,-94654000.000000,-7.490000,-7.490000,-7.490000,127736000.000000,87667000.000000,127736000.000000,-30652425.000000,0.000000,0.350000,-124306000.000000,-9.841000,1.000000,14880000.000000,1.000000,0.000000,4134000.000000,106726000.000000,112213750.000000,0.000000,34837000.000000,34837000.000000,0.000000,116750000.000000,30778000.000000,85972000.000000,75165000.000000,0.000000,119898000.000000,-591000.000000,0.000000,131045000.000000,67185000.000000,68426000.000000,-123065000.000000,0.000000,-94654000.000000,-94654000.000000,-94654000.000000,0.000000,0.000000,-6.361000,150753000.000000,-135873000.000000,6411000.000000,0.000000,0.598000,-0.806000,-0.502000,24660000.000000,0.000000,3.760000,5.130000,3.192000,0.000000,-558233000.000000,14880000.000000,14880000.000000,111944000.000000,-0.469000,-1.080000,-0.807000,-6.083000,11410000.000000,29299000.000000,1.000000,20300419.000000,12631968.000000,12631968.000000,1.178000,244486000.000000,0.000000,0.000000,0.000000,19.355000
ART,2023-03-31,2023-05-10,2023-03-31,2023-Q1,150093000.000000,70642575.000000,2024-11-01,263000.000000,205323000.000000,215192000.000000,173644000.000000,31679000.000000,0.057000,3.834000,-1348000.000000,107851000.000000,107851000.000000,0.000000,-93297000.000000,7.373000,0.923000,63174000.000000,3762000.000000,59412000.000000,63174000.000000,3245000.000000,2924000.000000,0.000000,0.000000,0.000000,-88922000.000000,-85998000.000000,-6.954000,-85998000.000000,-88922000.000000,-93297000.000000,-5.020000,-5.020000,-5.020000,106753000.000000,98669750.000000,106753000.000000,25965575.000000,0.000000,-0.302000,-131297000.000000,-4.716000,1.000000,12367000.000000,1.000000,0.000000,4375000.000000,137095000.000000,117307000.000000,0.000000,61038000.000000,61038000.000000,0.000000,98570000.000000,23551000.000000,75019000.000000,35190000.000000,0.000000,119897000.000000,-574000.000000,0.000000,131085000.000000,34054000.000000,35402000.000000,-129949000.000000,0.000000,-93297000.000000,-93297000.000000,-93297000.000000,0.000000,0.000000,-7.544000,154799000.000000,-142432000.000000,2795000.000000,0.000000,0.662000,-0.757000,-0.683000,23946000.000000,0.000000,3.430000,5.712000,7.722000,1765000.000000,-582022000.000000,12367000.000000,12367000.000000,115534000.000000,-0.434000,-0.946000,-0.758000,-7.190000,11192000.000000,29755000.000000,1.000000,20595503.000000,27842218.000000,27842218.000000,0.444000,205323000.000000,0.000000,0.000000,0.000000,7.375000
ART,2023-06-30,2023-08-08,2023-06-30,2023-Q2,124255000.000000,75798768.000000,2024-11-01,49000.000000,180982000.000000,228879000.000000,152630000.000000,28352000.000000,0.039000,2.624000,-1236000.000000,118528000.000000,118528000.000000,0.000000,-95074000.000000,5.379000,1.471000,62825000.000000,2169000.000000,60656000.000000,62825000.000000,2185000.000000,2851000.000000,0.000000,0.000000,0.000000,-90402000.000000,-87551000.000000,-9.811000,-87551000.000000,-90402000.000000,-95074000.000000,-0.920000,-0.920000,-0.920000,73239000.000000,109224750.000000,73239000.000000,20095768.000000,0.000000,-0.230000,-127393000.000000,-4.564000,1.000000,8924000.000000,1.000000,0.000000,4672000.000000,96904000.000000,119094750.000000,0.000000,28540000.000000,28540000.000000,0.000000,107743000.000000,28375000.000000,79368000.000000,56378000.000000,0.000000,119932000.000000,-506000.000000,0.000000,131447000.000000,51088000.000000,52324000.000000,-126157000.000000,0.000000,-95074000.000000,-95074000.000000,-95074000.000000,0.000000,0.000000,-10.654000,151587000.000000,-142663000.000000,6693000.000000,0.000000,1.035000,-0.797000,-3.978000,23037000.000000,0.000000,3.660000,8.494000,11.448000,1756000.000000,-618280000.000000,8924000.000000,8924000.000000,112042000.000000,-0.415000,-0.870000,-0.759000,-10.130000,11317000.000000,30035000.000000,1.000000,20710046.000000,27913448.000000,27913448.000000,0.320000,180982000.000000,0.000000,0.000000,0.000000,6.484000
ART,2023-09-30,2023-11-14,2023-09-30,2023-Q3,94121000.000000,57302433.000000,2024-11-01,0.000000,147795000.000000,194646500.000000,122515000.000000,25280000.000000,0.045000,1.297000,-908000.000000,115305000.000000,115305000.000000,0.000000,-104964000.000000,4.315000,3.071000,62461000.000000,3911000.000000,58550000.000000,62461000.000000,139000.000000,2743000.000000,0.000000,0.000000,0.000000,-100040000.000000,-97297000.000000,-11.063000,-97297000.000000,-100040000.000000,-104964000.000000,0.860000,0.860000,0.860000,36302000.000000,86007500.000000,36302000.000000,4458433.000000,0.000000,-0.046000,-123136000.000000,-4.399000,1.000000,8795000.000000,1.000000,0.000000,4924000.000000,66557000.000000,101820500.000000,0.000000,0.000000,0.000000,0.000000,111493000.000000,28394000.000000,83099000.000000,-59313000.000000,0.000000,-8080000.000000,-137000.000000,0.000000,-10621000.000000,73536000.000000,74444000.000000,-122228000.000000,0.000000,-104964000.000000,-104964000.000000,-104964000.000000,0.000000,0.000000,-11.935000,146640000.000000,-137845000.000000,2855000.000000,0.000000,1.578000,-0.546000,3.163000,20081000.000000,0.000000,2.720000,6.515000,8.657000,1665000.000000,-658423000.000000,8795000.000000,8795000.000000,114563000.000000,-0.539000,-1.220000,-0.983000,-11.375000,11617000.000000,29723000.000000,1.000000,21067071.000000,27990558.000000,27990558.000000,0.314000,147795000.000000,0.000000,0.000000,0.000000,5.280000
ART,2023-12-31,2024-03-27,2023-12-31,2023-Q4,108299000.000000,154490723.000000,2024-11-01,0.000000,168174000.000000,175568500.000000,144980000.000000,23194000.000000,0.057000,0.588000,1288000.000000,141645000.000000,141645000.000000,0.000000,-164574000.000000,3.952000,9.093000,62075000.000000,8991000.000000,53084000.000000,62075000.000000,0.000000,2328000.000000,0.000000,0.000000,0.000000,-159447000.000000,-157119000.000000,-15.813000,-157119000.000000,-159447000.000000,-164574000.000000,-5.810000,-5.810000,-5.810000,16662000.000000,58239000.000000,16662000.000000,74920723.000000,0.000000,-0.477000,-108419000.000000,-3.828000,1.000000,9936000.000000,1.000000,0.000000,5127000.000000,51923000.000000,88119750.000000,0.000000,0.000000,0.000000,0.000000,151512000.000000,36681000.000000,114831000.000000,-28908000.000000,0.000000,43527000.000000,-65000.000000,0.000000,43462000.000000,37337000.000000,36049000.000000,-109707000.000000,0.000000,-164574000.000000,-164574000.000000,-164574000.000000,0.000000,0.000000,-16.563000,138924000.000000,-128988000.000000,11544000.000000,0.000000,9.272000,-0.939000,-1.005000,19483000.000000,0.000000,5.840000,15.549000,16.649000,0.000000,-722807000.000000,9936000.000000,9936000.000000,108153000.000000,-0.937000,-2.826000,-1.809000,-16.047000,10434000.000000,28282000.000000,1.000000,26453891.000000,28325779.000000,28325779.000000,0.351000,168174000.000000,0.000000,0.000000,0.000000,5.937000
ART,2024-03-31,2024-05-14,2024-03-31,2024-Q1,74899000.000000,145134870.000000,2024-11-01,0.000000,134728000.000000,157919750.000000,112202000.000000,22526000.000000,0.044000,0.386000,1552000.000000,85642000.000000,85642000.000000,0.000000,-144493000.000000,3.008000,7.948000,61671000.000000,14076000.000000,47595000.000000,61671000.000000,0.000000,1958000.000000,0.000000,0.000000,0.000000,-139276000.000000,-137318000.000000,-19.670000,-137318000.000000,-139276000.000000,-144493000.000000,-5.050000,-5.050000,-5.050000,15057000.000000,35315000.000000,15057000.000000,121163870.000000,-1.000000,-0.882000,-102352000.000000,-2.626000,1.000000,6981000.000000,1.000000,0.000000,5217000.000000,73454000.000000,72209500.000000,0.000000,24781000.000000,24781000.000000,0.000000,119671000.000000,37303000.000000,82368000.000000,-22209000.000000,0.000000,43527000.000000,-12000.000000,0.000000,43250000.000000,38445000.000000,36893000.000000,-103904000.000000,0.000000,-144493000.000000,-144493000.000000,-144493000.000000,0.000000,0.000000,-20.698000,133678000.000000,-126697000.000000,11346000.000000,0.000000,9.639000,-1.004000,-1.075000,18857000.000000,0.000000,5.430000,20.790000,30.318000,0.000000,-726515000.000000,6981000.000000,6981000.000000,104046000.000000,-0.915000,-4.092000,-1.929000,-19.951000,9892000.000000,27143000.000000,1.000000,26728337.000000,38978046.000000,38978046.000000,0.179000,134728000.000000,0.000000,0.000000,0.000000,3.457000
ART,2024-06-30,2024-07-31,2024-06-30,2024-Q2,60400000.000000,160858584.000000,2024-11-01,0.000000,106722000.000000,139354750.000000,84921000.000000,21801000.000000,0.030000,-0.162000,1647000.000000,81083000.000000,81083000.000000,0.000000,-131562000.000000,3.463000,-17.801000,60661000.000000,2495000.000000,58166000.000000,60661000.000000,0.000000,1636000.000000,0.000000,0.000000,0.000000,-126241000.000000,-124605000.000000,-30.040000,-124605000.000000,-126241000.000000,-131562000.000000,-4.340000,-4.340000,-4.340000,-6352000.000000,15417250.000000,-6352000.000000,140436584.000000,-1.000000,-1.127000,-109538000.000000,-2.789000,1.000000,4148000.000000,1.000000,0.000000,5321000.000000,61779000.000000,63428250.000000,0.000000,0.000000,0.000000,0.000000,113074000.000000,24521000.000000,88553000.000000,-37445000.000000,0.000000,43498000.000000,-8000.000000,0.000000,43151000.000000,30589000.000000,28942000.000000,-111185000.000000,0.000000,-131562000.000000,-131562000.000000,-131562000.000000,0.000000,0.000000,-31.717000,124261000.000000,-120113000.000000,7469000.000000,0.000000,-25.324000,-1.223000,-1.382000,18222000.000000,0.000000,6.000000,38.780000,56.802000,0.000000,-749842000.000000,4148000.000000,4148000.000000,96391000.000000,-0.944000,-8.533000,-1.990000,-30.434000,8881000.000000,25381000.000000,1.000000,26809764.000000,39269434.000000,39269434.000000,0.106000,106722000.000000,0.000000,0.000000,0.000000,2.718000
ART,2024-09-30,2024-10-31,2024-09-30,2024-Q3,35539000.000000,67617792.000000,2024-11-01,0.000000,84995000.000000,123654750.000000,63931000.000000,21064000.000000,0.003000,-0.283000,1647000.000000,60394000.000000,60394000.000000,0.000000,-97815000.000000,2.252000,-8.641000,60226000.000000,2584000.000000,57642000.000000,60226000.000000,0.000000,1345000.000000,0.000000,0.000000,0.000000,-92485000.000000,-91140000.000000,-236.114000,-91140000.000000,-92485000.000000,-97815000.000000,-3.070000,-3.070000,-3.070000,-11123000.000000,3561000.000000,-11123000.000000,67449792.000000,-1.000000,-0.740000,-98369000.000000,-2.501000,1.000000,386000.000000,1.000000,0.000000,5330000.000000,56435000.000000,60897750.000000,0.000000,0.000000,0.000000,0.000000,96118000.000000,28392000.000000,67726000.000000,-54911000.000000,0.000000,43498000.000000,-3000.000000,0.000000,43156000.000000,1949000.000000,302000.000000,-100016000.000000,0.000000,-97815000.000000,-97815000.000000,-97815000.000000,0.000000,0.000000,-253.407000,112045000.000000,-111659000.000000,9646000.000000,0.000000,-6.079000,-0.691000,-0.821000,17579000.000000,0.000000,2.520000,175.176000,256.804000,0.000000,-756238000.000000,386000.000000,386000.000000,88638000.000000,-0.791000,-27.468000,-1.519000,-239.598000,7251000.000000,23272000.000000,1.000000,26832457.000000,39335772.000000,39335772.000000,0.010000,84995000.000000,0.000000,0.000000,0.000000,2.161000
ARY,2016-12-31,2017-03-20,2016-12-31,2016-FY,75941000.000000,374988476.000000,2024-11-01,-9000.000000,91323000.000000,80876000.000000,85508000.000000,5815000.000000,0.004000,63.484000,-2322000.000000,59071000.000000,59071000.000000,0.000000,-47743000.000000,8.938000,0.133000,221000.000000,168000.000000,53000.000000,221000.000000,550000.000000,1273000.000000,0.000000,0.000000,0.000000,-47743000.000000,-46470000.000000,-146.593000,-46470000.000000,-47743000.000000,-47743000.000000,-40.500000,-40.500000,-40.500000,80602000.000000,11270000.000000,80602000.000000,316138476.000000,-7.000000,-6.803000,-42858000.000000,-33.756000,1.000000,317000.000000,1.000000,0.000000,0.000000,22906000.000000,7220250.000000,0.000000,25005000.000000,25005000.000000,0.000000,10721000.000000,9567000.000000,1154000.000000,22679000.000000,0.000000,53875000.000000,-135000.000000,0.000000,90557000.000000,-27342000.000000,-25020000.000000,-40536000.000000,0.000000,-47743000.000000,-51424000.000000,-51424000.000000,0.000000,0.000000,-162.221000,48280000.000000,-47963000.000000,2415000.000000,0.000000,4.652000,-7.292000,-3.958000,4850000.000000,3681000.000000,160.300000,1182.929000,642.030000,867000.000000,-101256000.000000,317000.000000,317000.000000,37817000.000000,-0.636000,-4.563000,-6.612000,-150.609000,4234000.000000,10463000.000000,1.000000,2339292.000000,1269641.000000,1269641.000000,0.250000,91323000.000000,0.000000,0.000000,0.000000,71.928000
ARY,2017-12-31,2018-03-12,2017-12-31,2017-FY,60746000.000000,396629600.000000,2024-11-01,-42000.000000,78488000.000000,86054750.000000,73159000.000000,5329000.000000,0.013000,25.711000,-821000.000000,32688000.000000,32688000.000000,0.000000,-54010000.000000,5.894000,0.202000,53000.000000,47000.000000,6000.000000,53000.000000,0.000000,1527000.000000,0.000000,0.000000,0.000000,-54010000.000000,-52483000.000000,-47.668000,-52483000.000000,-54010000.000000,-54010000.000000,-21.300000,-21.300000,-21.300000,65324000.000000,76283250.000000,65324000.000000,363994600.000000,-7.000000,-6.935000,-45550000.000000,-17.928000,1.000000,1101000.000000,1.000000,0.000000,0.000000,33440000.000000,26334250.000000,0.000000,39844000.000000,39844000.000000,0.000000,13164000.000000,12413000.000000,751000.000000,-26383000.000000,0.000000,34105000.000000,-168000.000000,0.000000,33937000.000000,-15591000.000000,-14770000.000000,-44729000.000000,0.000000,-54010000.000000,-54010000.000000,-54010000.000000,0.000000,0.000000,-49.055000,55787000.000000,-54686000.000000,2283000.000000,0.000000,6.072000,-7.344000,-5.784000,3938000.000000,0.000000,123.200000,360.245000,284.298000,0.000000,-155266000.000000,1101000.000000,1101000.000000,41896000.000000,-0.628000,-0.708000,-2.051000,-49.055000,4419000.000000,13891000.000000,1.000000,3219396.000000,2540684.000000,2540684.000000,0.433000,78488000.000000,0.000000,0.000000,0.000000,30.892000
ARY,2018-12-31,2019-03-07,2018-12-31,2018-FY,82205000.000000,226089706.000000,2024-11-01,-3000.000000,106766000.000000,121719750.000000,101734000.000000,5032000.000000,0.017000,24.065000,-1375000.000000,50524000.000000,50524000.000000,0.000000,-62279000.000000,5.209000,0.359000,31000.000000,9000.000000,22000.000000,31000.000000,10202000.000000,1604000.000000,0.000000,0.000000,0.000000,-62279000.000000,-60675000.000000,-29.598000,-60675000.000000,-62279000.000000,-62279000.000000,-19.100000,-19.100000,-19.100000,78586000.000000,96658500.000000,78586000.000000,175596706.000000,-3.000000,-2.894000,-41690000.000000,-12.766000,1.000000,2050000.000000,1.000000,0.000000,0.000000,36744000.000000,25814250.000000,0.000000,50083000.000000,49793000.000000,290000.000000,28180000.000000,19529000.000000,8651000.000000,18126000.000000,0.000000,69134000.000000,-50000.000000,0.000000,69084000.000000,-10643000.000000,-9268000.000000,-40315000.000000,0.000000,-62279000.000000,-62279000.000000,-62279000.000000,0.000000,0.000000,-30.380000,66346000.000000,-64296000.000000,3309000.000000,0.000000,2.877000,-3.630000,-3.613000,3861000.000000,0.000000,69.000000,110.288000,109.916000,0.000000,-217545000.000000,2050000.000000,2050000.000000,50182000.000000,-0.512000,-0.644000,-2.413000,-30.380000,6610000.000000,16164000.000000,1.000000,3276662.000000,3265624.000000,3265624.000000,0.628000,106766000.000000,0.000000,0.000000,0.000000,32.694000
ARY,2019-12-31,2020-03-05,2019-12-31,2019-FY,90997000.000000,261258344.000000,2024-11-01,24000.000000,149978000.000000,133516000.000000,114513000.000000,35465000.000000,0.015000,19.687000,-12528000.000000,41731000.000000,41731000.000000,0.000000,-75438000.000000,4.870000,0.894000,25917000.000000,1278000.000000,24639000.000000,25917000.000000,28378000.000000,2521000.000000,0.000000,0.000000,0.000000,-75438000.000000,-72917000.000000,-36.790000,-72917000.000000,-75438000.000000,-75438000.000000,-18.800000,-18.800000,-18.800000,79184000.000000,87422750.000000,79184000.000000,245444344.000000,-3.000000,-3.366000,-72781000.000000,-18.095000,1.000000,1982000.000000,1.000000,0.000000,0.000000,110648000.000000,81435500.000000,0.000000,53061000.000000,49975000.000000,3086000.000000,70794000.000000,23516000.000000,47278000.000000,-5997000.000000,0.000000,61557000.000000,-205000.000000,0.000000,65990000.000000,-11734000.000000,794000.000000,-60253000.000000,0.000000,-75438000.000000,-75438000.000000,-75438000.000000,0.000000,0.000000,-38.062000,79723000.000000,-77741000.000000,5853000.000000,0.000000,3.299000,-3.463000,-3.202000,31889000.000000,0.000000,60.200000,131.816000,122.168000,20158000.000000,-292983000.000000,1982000.000000,1982000.000000,58245000.000000,-0.565000,-0.863000,-0.926000,-38.062000,9839000.000000,21478000.000000,1.000000,4339840.000000,4022218.000000,4022218.000000,0.493000,149978000.000000,0.000000,0.000000,0.000000,37.287000
ARY,2020-12-31,2021-03-04,2020-12-31,2020-FY,149933000.000000,490648446.000000,2024-11-01,0.000000,213250000.000000,163950250.000000,178557000.000000,34693000.000000,0.092000,19.663000,-3336000.000000,173984000.000000,173984000.000000,0.000000,-84038000.000000,6.238000,1.355000,66213000.000000,1728000.000000,64485000.000000,66213000.000000,22086000.000000,2774000.000000,0.000000,0.000000,0.000000,-82246000.000000,-79472000.000000,-5.265000,-79472000.000000,-82246000.000000,-84038000.000000,-18.200000,-18.200000,-18.200000,90553000.000000,68860500.000000,90553000.000000,382877446.000000,-5.000000,-4.818000,-60700000.000000,-13.181000,1.000000,15093000.000000,1.000000,0.000000,1792000.000000,76855000.000000,67349000.000000,0.000000,3086000.000000,0.000000,3086000.000000,122697000.000000,28624000.000000,94073000.000000,132253000.000000,0.000000,103782000.000000,39378000.000000,0.000000,142953000.000000,46664000.000000,50000000.000000,-57364000.000000,0.000000,-84038000.000000,-84038000.000000,-84038000.000000,0.000000,0.000000,-5.568000,97390000.000000,-82297000.000000,3603000.000000,0.000000,5.418000,-5.838000,-4.374000,29641000.000000,0.000000,79.600000,32.508000,24.287000,7000.000000,-377021000.000000,15093000.000000,15093000.000000,76065000.000000,-0.513000,-1.220000,-1.221000,-5.449000,10939000.000000,21325000.000000,1.000000,6163925.000000,4605162.000000,4605162.000000,3.277000,213250000.000000,0.000000,0.000000,0.000000,46.307000
ARY,2021-12-31,2022-03-15,2021-12-31,2021-FY,105077000.000000,68912127.000000,2024-11-01,-79000.000000,182935000.000000,221334750.000000,136585000.000000,46350000.000000,0.106000,13.627000,-1245000.000000,95388000.000000,95388000.000000,0.000000,-86558000.000000,4.335000,1.147000,65191000.000000,2011000.000000,63180000.000000,65191000.000000,10181000.000000,3018000.000000,0.000000,0.000000,0.000000,-82651000.000000,-79633000.000000,-3.390000,-79633000.000000,-82651000.000000,-86558000.000000,-13.800000,-13.800000,-13.800000,85218000.000000,117783750.000000,85218000.000000,38715127.000000,0.000000,-0.486000,-100785000.000000,-16.117000,1.000000,23488000.000000,1.000000,0.000000,3907000.000000,121230000.000000,107045000.000000,0.000000,51105000.000000,38067000.000000,13038000.000000,97717000.000000,31508000.000000,66209000.000000,-81682000.000000,0.000000,70817000.000000,-265000.000000,0.000000,70511000.000000,-52653000.000000,-51408000.000000,-99540000.000000,0.000000,-86558000.000000,-86558000.000000,-86558000.000000,0.000000,0.000000,-3.685000,122908000.000000,-99420000.000000,3692000.000000,0.000000,0.809000,-0.796000,-0.804000,27285000.000000,0.000000,11.100000,2.934000,2.955000,0.000000,-463579000.000000,23488000.000000,23488000.000000,99872000.000000,-0.391000,-0.735000,-0.772000,-3.519000,10354000.000000,23036000.000000,1.000000,6208300.000000,6253498.000000,6253498.000000,3.756000,182935000.000000,0.000000,0.000000,0.000000,29.253000
ARY,2022-12-31,2023-03-02,2022-12-31,2022-FY,180614000.000000,76329575.000000,2024-11-01,102000.000000,244486000.000000,201881500.000000,211392000.000000,33094000.000000,0.074000,10.112000,-1241000.000000,170553000.000000,170553000.000000,0.000000,-94654000.000000,6.868000,0.914000,63571000.000000,2071000.000000,61500000.000000,63571000.000000,4330000.000000,2967000.000000,0.000000,0.000000,0.000000,-90520000.000000,-87553000.000000,-5.884000,-87553000.000000,-90520000.000000,-94654000.000000,-7.490000,-7.490000,-7.490000,127736000.000000,87667000.000000,127736000.000000,-30652425.000000,0.000000,0.350000,-124306000.000000,-9.841000,1.000000,14880000.000000,1.000000,0.000000,4134000.000000,106726000.000000,112213750.000000,0.000000,34837000.000000,34837000.000000,0.000000,116750000.000000,30778000.000000,85972000.000000,75165000.000000,0.000000,119898000.000000,-591000.000000,0.000000,131045000.000000,67185000.000000,68426000.000000,-123065000.000000,0.000000,-94654000.000000,-94654000.000000,-94654000.000000,0.000000,0.000000,-6.361000,150753000.000000,-135873000.000000,6411000.000000,0.000000,0.598000,-0.806000,-0.502000,24660000.000000,0.000000,3.760000,5.130000,3.192000,0.000000,-558233000.000000,14880000.000000,14880000.000000,111944000.000000,-0.469000,-1.080000,-0.807000,-6.083000,11410000.000000,29299000.000000,1.000000,20300419.000000,12631968.000000,12631968.000000,1.178000,244486000.000000,0.000000,0.000000,0.000000,19.355000
ARY,2023-12-31,2024-03-27,2023-12-31,2023-FY,108299000.000000,154490723.000000,2024-11-01,0.000000,168174000.000000,175568500.000000,144980000.000000,23194000.000000,0.057000,0.588000,1288000.000000,141645000.000000,141645000.000000,0.000000,-164574000.000000,3.952000,9.093000,62075000.000000,8991000.000000,53084000.000000,62075000.000000,0.000000,2328000.000000,0.000000,0.000000,0.000000,-159447000.000000,-157119000.000000,-15.813000,-157119000.000000,-159447000.000000,-164574000.000000,-5.810000,-5.810000,-5.810000,16662000.000000,58239000.000000,16662000.000000,74920723.000000,0.000000,-0.477000,-108419000.000000,-3.828000,1.000000,9936000.000000,1.000000,0.000000,5127000.000000,51923000.000000,88119750.000000,0.000000,0.000000,0.000000,0.000000,151512000.000000,36681000.000000,114831000.000000,-28908000.000000,0.000000,43527000.000000,-65000.000000,0.000000,43462000.000000,37337000.000000,36049000.000000,-109707000.000000,0.000000,-164574000.000000,-164574000.000000,-164574000.000000,0.000000,0.000000,-16.563000,138924000.000000,-128988000.000000,11544000.000000,0.000000,9.272000,-0.939000,-1.005000,19483000.000000,0.000000,5.840000,15.549000,16.649000,0.000000,-722807000.000000,9936000.000000,9936000.000000,108153000.000000,-0.937000,-2.826000,-1.809000,-16.047000,10434000.000000,28282000.000000,1.000000,26453891.000000,28325779.000000,28325779.000000,0.351000,168174000.000000,0.000000,0.000000,0.000000,5.937000
MRQ,2014-12-31,2014-12-31,2014-12-31,2014-Q4,59291000.000000,,2024-11-01,0.000000,61494000.000000,,60543000.000000,951000.000000,,-142.766000,,60463000.000000,60463000.000000,,,48.357000,-3.824000,0.000000,0.000000,0.000000,0.000000,0.000000,,0.000000,,0.000000,,,,,,,,,,-21772000.000000,,-21772000.000000,,,,,,1.000000,,,0.000000,,-221000.000000,,0.000000,0.000000,0.000000,0.000000,83266000.000000,1252000.000000,82014000.000000,,,,,,,,,,,,,,,,,,,928000.000000,,,,,881000.000000,,,,,0.000000,-23695000.000000,,,,,,,,,,1.000000,,152502.000000,,,61494000.000000,0.000000,,0.000000,403.235000
MRQ,2015-03-31,2015-03-31,2015-03-31,2015-Q1,,,2024-11-01,,,,,,,,-108000.000000,,,0.000000,-4568000.000000,,,,,,,,74000.000000,,,0.000000,-4568000.000000,-4494000.000000,,-4494000.000000,-4568000.000000,-4568000.000000,-34.400000,-34.400000,-34.400000,,,,,,,-3377000.000000,-20.069000,1.000000,0.000000,,,0.000000,,,,,,,,,,-3377000.000000,0.000000,0.000000,0.000000,0.000000,0.000000,-108000.000000,0.000000,-3269000.000000,0.000000,-4568000.000000,-5785000.000000,-5785000.000000,0.000000,0.000000,,4572000.000000,-4572000.000000,,0.000000,,,,,1217000.000000,,,,,,0.000000,0.000000,3736000.000000,,,,,511000.000000,836000.000000,1.000000,,168269.000000,168269.000000,0.000000,,,0.000000,,
MRQ,2015-06-30,2015-06-30,2015-06-30,2015-Q2,,,2024-11-01,,,,,,,,-63000.000000,,,0.000000,-6097000.000000,,,,,,,,110000.000000,,,0.000000,-6097000.000000,-5987000.000000,-18.886000,-5987000.000000,-6097000.000000,-6097000.000000,-41.600000,-41.600000,-41.600000,,,,,,,-6159000.000000,-34.965000,1.000000,317000.000000,1.000000,,0.000000,,,,,,,,,,-5839000.000000,0.000000,336000.000000,-16000.000000,0.000000,320000.000000,-63000.000000,0.000000,-6096000.000000,0.000000,-6097000.000000,-7327000.000000,-7327000.000000,0.000000,0.000000,-23.114000,6412000.000000,-6095000.000000,,0.000000,,,,,1230000.000000,,,,,,317000.000000,317000.000000,5428000.000000,,,,,613000.000000,984000.000000,1.000000,,176146.000000,176146.000000,1.800000,,,0.000000,,
MRQ,2015-09-30,2015-09-30,2015-09-30,2015-Q3,,,2024-11-01,,,,,,,,-712000.000000,,,0.000000,-8464000.000000,,,,,,,,189000.000000,,,0.000000,-8464000.000000,-8275000.000000,,-8275000.000000,-8464000.000000,-8464000.000000,-45.100000,-45.100000,-45.100000,,,,,,,-6176000.000000,-28.722000,1.000000,0.000000,,,0.000000,,,,,,,,,,-6192000.000000,0.000000,0.000000,-16000.000000,0.000000,-16000.000000,-712000.000000,0.000000,-5464000.000000,0.000000,-8464000.000000,-9707000.000000,-9707000.000000,0.000000,0.000000,,8464000.000000,-8464000.000000,,0.000000,,,,,1243000.000000,,,,,,0.000000,0.000000,6866000.000000,,,,,1261000.000000,1598000.000000,1.000000,,215027.000000,215027.000000,0.000000,,,0.000000,,
MRQ,2015-12-31,2015-12-31,2015-12-31,2015-Q4,28493000.000000,,2024-11-01,0.000000,43631000.000000,,36449000.000000,7182000.000000,,-207.045000,-293000.000000,36392000.000000,36392000.000000,0.000000,-10689000.000000,4.581000,-1.910000,339000.000000,133000.000000,206000.000000,339000.000000,0.000000,229000.000000,0.000000,,0.000000,-10689000.000000,-10460000.000000,,-10460000.000000,-10689000.000000,-10689000.000000,-53.400000,-53.400000,-53.400000,-47964000.000000,,-47964000.000000,,,,-8494000.000000,-36.666000,1.000000,0.000000,,0.000000,0.000000,-378000.000000,,0.000000,0.000000,0.000000,0.000000,91595000.000000,7956000.000000,83639000.000000,-9076000.000000,0.000000,-564000.000000,-18000.000000,0.000000,-582000.000000,-293000.000000,0.000000,-8201000.000000,0.000000,-10689000.000000,-11933000.000000,-11933000.000000,0.000000,0.000000,,10689000.000000,-10689000.000000,5035000.000000,0.000000,,,,4799000.000000,1244000.000000,,,,0.000000,-53513000.000000,0.000000,0.000000,8378000.000000,,,,,848000.000000,2311000.000000,1.000000,,231660.000000,231660.000000,0.000000,43631000.000000,0.000000,0.000000,0.000000,188.341000
MRQ,2016-03-31,2016-03-31,2016-03-31,2016-Q1,57824000.000000,,2024-11-01,0.000000,70825000.000000,,63225000.000000,7600000.000000,,-241.765000,-1525000.000000,62616000.000000,62616000.000000,0.000000,-10588000.000000,11.706000,-2.223000,322000.000000,156000.000000,166000.000000,322000.000000,0.000000,304000.000000,0.000000,,0.000000,-10588000.000000,-10284000.000000,,-10284000.000000,-10588000.000000,-10588000.000000,-51.500000,-51.500000,-51.500000,-57890000.000000,,-57890000.000000,,,,-12143000.000000,-50.713000,1.000000,0.000000,,0.000000,0.000000,3130000.000000,,0.000000,0.000000,0.000000,0.000000,128715000.000000,5401000.000000,123314000.000000,26224000.000000,0.000000,0.000000,-17000.000000,0.000000,38367000.000000,-1525000.000000,0.000000,-10618000.000000,0.000000,-10588000.000000,-12325000.000000,-12325000.000000,0.000000,0.000000,,10636000.000000,-10636000.000000,2260000.000000,0.000000,,,,4857000.000000,1737000.000000,,,,0.000000,-64101000.000000,0.000000,0.000000,8265000.000000,,,,,662000.000000,2371000.000000,1.000000,2276016.000000,239447.000000,239447.000000,0.000000,70825000.000000,0.000000,0.000000,0.000000,295.786000
MRQ,2016-06-30,2016-06-30,2016-06-30,2016-Q2,46004000.000000,413096922.000000,2024-11-01,0.000000,60946000.000000,,52153000.000000,8793000.000000,,-267.956000,-302000.000000,50599000.000000,50599000.000000,0.000000,-12021000.000000,8.482000,-1.891000,301000.000000,163000.000000,138000.000000,301000.000000,0.000000,316000.000000,0.000000,0.000000,0.000000,-12021000.000000,-11705000.000000,,-11705000.000000,-12021000.000000,-12021000.000000,-54.200000,-54.200000,-54.200000,-68413000.000000,,-68413000.000000,350802922.000000,-8.000000,-8.614000,-11453000.000000,-44.858000,1.000000,0.000000,,0.000000,0.000000,4499000.000000,,0.000000,0.000000,0.000000,0.000000,129359000.000000,6149000.000000,123210000.000000,-12017000.000000,0.000000,357000.000000,-38000.000000,0.000000,-564000.000000,-302000.000000,0.000000,-11151000.000000,0.000000,-12021000.000000,-13844000.000000,-13844000.000000,0.000000,0.000000,,12065000.000000,-12065000.000000,1645000.000000,0.000000,-6.038000,-8.641000,-0.889000,4773000.000000,1823000.000000,181.500000,,,0.000000,-76122000.000000,0.000000,0.000000,9525000.000000,,,,,1148000.000000,2540000.000000,1.000000,2276016.000000,255315.000000,255315.000000,0.000000,60946000.000000,0.000000,0.000000,0.000000,238.709000
MRQ,2016-09-30,2016-09-30,2016-09-30,2016-Q3,86533000.000000,324202526.000000,2024-11-01,0.000000,100410000.000000,,94881000.000000,5529000.000000,,41.240000,-181000.000000,93977000.000000,93977000.000000,0.000000,-14169000.000000,11.366000,0.106000,261000.000000,165000.000000,96000.000000,261000.000000,0.000000,315000.000000,0.000000,0.000000,0.000000,-14169000.000000,-13854000.000000,,-13854000.000000,-14169000.000000,-14169000.000000,-6.500000,-6.500000,-6.500000,90781000.000000,,90781000.000000,273904526.000000,-6.000000,-5.915000,-9352000.000000,-4.248000,1.000000,0.000000,,0.000000,0.000000,-1654000.000000,,0.000000,0.000000,0.000000,0.000000,9629000.000000,8348000.000000,1281000.000000,43378000.000000,0.000000,50458000.000000,-40000.000000,0.000000,52730000.000000,-181000.000000,0.000000,-9171000.000000,0.000000,-14169000.000000,-14290000.000000,-14290000.000000,0.000000,0.000000,,14217000.000000,-14217000.000000,4039000.000000,0.000000,3.571000,-6.188000,-0.838000,4603000.000000,121000.000000,138.700000,,,0.000000,-90291000.000000,0.000000,0.000000,11584000.000000,,,,,1694000.000000,2633000.000000,1.000000,2337437.000000,2201274.000000,2201274.000000,0.000000,100410000.000000,0.000000,0.000000,0.000000,45.614000
MRQ,2016-12-31,2016-12-31,2016-12-31,2016-Q4,75941000.000000,284306503.000000,2024-11-01,-9000.000000,91323000.000000,,85508000.000000,5815000.000000,,63.484000,-314000.000000,59071000.000000,59071000.000000,0.000000,-10965000.000000,8.938000,0.133000,221000.000000,168000.000000,53000.000000,221000.000000,550000.000000,338000.000000,0.000000,0.000000,0.000000,-10965000.000000,-10627000.000000,-33.524000,-10627000.000000,-10965000.000000,-10965000.000000,3.900000,3.900000,3.900000,80602000.000000,,80602000.000000,190590503.000000,-4.000000,-4.101000,-9910000.000000,-7.805000,1.000000,317000.000000,1.000000,0.000000,0.000000,22906000.000000,,0.000000,25005000.000000,25005000.000000,0.000000,10721000.000000,9567000.000000,1154000.000000,-34906000.000000,0.000000,64000.000000,-40000.000000,0.000000,24000.000000,-25334000.000000,-25020000.000000,-9596000.000000,0.000000,-10965000.000000,-10965000.000000,-10965000.000000,0.000000,0.000000,-34.590000,11362000.000000,-11045000.000000,2415000.000000,0.000000,3.527000,-5.529000,-3.002000,4850000.000000,0.000000,121.600000,896.866000,487.030000,867000.000000,-101256000.000000,317000.000000,317000.000000,8443000.000000,,,,,730000.000000,2919000.000000,1.000000,2338047.000000,1269641.000000,1269641.000000,0.250000,91323000.000000,0.000000,0.000000,0.000000,71.928000
MRQ,2017-03-31,2017-03-31,2017-03-31,2017-Q1,65640000.000000,372649184.000000,2024-11-01,-13000.000000,78023000.000000,,72505000.000000,5518000.000000,,29.981000,-396000.000000,48482000.000000,48482000.000000,0.000000,-11515000.000000,10.562000,0.112000,180000.000000,171000.000000,9000.000000,180000.000000,0.000000,365000.000000,0.000000,0.000000,0.000000,-11515000.000000,-11150000.000000,-10.127000,-11150000.000000,-11515000.000000,-11515000.000000,-4.900000,-4.900000,-4.900000,70136000.000000,,70136000.000000,313799184.000000,-6.000000,-6.629000,-13216000.000000,-5.649000,1.000000,1101000.000000,1.000000,0.000000,0.000000,22856000.000000,,0.000000,22495000.000000,22495000.000000,0.000000,7887000.000000,6865000.000000,1022000.000000,-10589000.000000,0.000000,169000.000000,-41000.000000,0.000000,128000.000000,2103000.000000,2499000.000000,-12820000.000000,0.000000,-11515000.000000,-11515000.000000,-11515000.000000,0.000000,0.000000,-10.459000,12714000.000000,-11613000.000000,2377000.000000,0.000000,5.313000,-7.363000,-2.582000,4546000.000000,0.000000,159.300000,262.799000,262.805000,551000.000000,-112771000.000000,1101000.000000,1101000.000000,9628000.000000,,,,,884000.000000,3086000.000000,1.000000,2339292.000000,2339345.000000,2339345.000000,0.471000,78023000.000000,0.000000,0.000000,0.000000,33.353000
MRQ,2017-06-30,2017-06-30,2017-06-30,2017-Q2,86174000.000000,421238066.000000,2024-11-01,-6000.000000,99031000.000000,,93190000.000000,5841000.000000,,35.601000,-312000.000000,80014000.000000,80014000.000000,0.000000,-13368000.000000,13.282000,0.087000,138000.000000,130000.000000,8000.000000,138000.000000,0.000000,381000.000000,0.000000,0.000000,0.000000,-13368000.000000,-12987000.000000,,-12987000.000000,-13368000.000000,-13368000.000000,-5.200000,-5.200000,-5.200000,91081000.000000,,91081000.000000,372936066.000000,-7.000000,-7.671000,-12122000.000000,-4.738000,1.000000,0.000000,,0.000000,0.000000,12139000.000000,,0.000000,11990000.000000,11990000.000000,0.000000,7950000.000000,7016000.000000,934000.000000,31532000.000000,0.000000,33190000.000000,-42000.000000,0.000000,33148000.000000,10194000.000000,10506000.000000,-11810000.000000,0.000000,-13368000.000000,-13368000.000000,-13368000.000000,0.000000,0.000000,,13513000.000000,-13513000.000000,1348000.000000,0.000000,4.625000,-8.402000,-12.669000,4508000.000000,0.000000,160.900000,297.065000,290.302000,0.000000,-126139000.000000,0.000000,0.000000,10041000.000000,,,,,1156000.000000,3472000.000000,1.000000,2618012.000000,2558415.000000,2558415.000000,0.000000,99031000.000000,0.000000,0.000000,0.000000,38.708000
MRQ,2017-09-30,2017-09-30,2017-09-30,2017-Q3,73928000.000000,386550188.000000,2024-11-01,-10000.000000,88677000.000000,,83167000.000000,5510000.000000,,29.929000,-46000.000000,42632000.000000,42632000.000000,0.000000,-13825000.000000,9.002000,0.128000,96000.000000,89000.000000,7000.000000,96000.000000,0.000000,391000.000000,0.000000,0.000000,0.000000,-13825000.000000,-13434000.000000,,-13434000.000000,-13825000.000000,-13825000.000000,-5.300000,-5.300000,-5.300000,78592000.000000,,78592000.000000,306674188.000000,-6.000000,-6.363000,-9578000.000000,-3.647000,1.000000,0.000000,,0.000000,0.000000,36902000.000000,,0.000000,39799000.000000,39799000.000000,0.000000,10085000.000000,9239000.000000,846000.000000,-37382000.000000,0.000000,11000.000000,-42000.000000,0.000000,-31000.000000,-27819000.000000,-27773000.000000,-9532000.000000,0.000000,-13825000.000000,-13825000.000000,-13825000.000000,0.000000,0.000000,,14040000.000000,-14040000.000000,1846000.000000,0.000000,4.918000,-7.782000,-12.800000,4127000.000000,0.000000,147.200000,272.602000,272.592000,0.000000,-139964000.000000,0.000000,0.000000,10447000.000000,,,,,1108000.000000,3593000.000000,1.000000,2626020.000000,2625922.000000,2625922.000000,0.000000,88677000.000000,0.000000,0.000000,0.000000,33.770000
MRQ,2017-12-31,2017-12-31,2017-12-31,2017-Q4,60746000.000000,255864322.000000,2024-11-01,-42000.000000,78488000.000000,,73159000.000000,5329000.000000,,24.813000,-67000.000000,32398000.000000,32398000.000000,0.000000,-15302000.000000,5.894000,0.202000,53000.000000,47000.000000,6000.000000,53000.000000,0.000000,390000.000000,0.000000,0.000000,0.000000,-15302000.000000,-14912000.000000,,-14912000.000000,-15302000.000000,-15302000.000000,-5.900000,-5.900000,-5.900000,65324000.000000,,65324000.000000,213328322.000000,-4.000000,-4.065000,-10634000.000000,-4.039000,1.000000,0.000000,,0.000000,0.000000,33730000.000000,,0.000000,40134000.000000,39844000.000000,290000.000000,13164000.000000,12413000.000000,751000.000000,-9944000.000000,0.000000,735000.000000,-43000.000000,0.000000,692000.000000,-69000.000000,-2000.000000,-10567000.000000,0.000000,-15302000.000000,-15302000.000000,-15302000.000000,0.000000,0.000000,,15520000.000000,-15520000.000000,2283000.000000,0.000000,3.917000,-4.737000,-4.568000,3938000.000000,0.000000,97.300000,232.393000,224.531000,0.000000,-155266000.000000,0.000000,0.000000,11780000.000000,,,,,1271000.000000,3740000.000000,1.000000,2629644.000000,2632655.000000,2632655.000000,0.000000,78488000.000000,0.000000,0.000000,0.000000,29.813000
MRQ,2018-03-31,2018-03-31,2018-03-31,2018-Q1,102033000.000000,417877614.000000,2024-11-01,-34000.000000,128100000.000000,,123370000.000000,4730000.000000,,34.448000,-152000.000000,94817000.000000,94817000.000000,0.000000,-14463000.000000,5.782000,0.226000,9000.000000,4000.000000,5000.000000,9000.000000,11882000.000000,388000.000000,0.000000,0.000000,0.000000,-14463000.000000,-14075000.000000,-38.041000,-14075000.000000,-14463000.000000,-14463000.000000,-4.800000,-4.800000,-4.800000,104499000.000000,,104499000.000000,385242614.000000,-7.000000,-6.953000,-2552000.000000,-0.841000,1.000000,370000.000000,1.000000,0.000000,0.000000,11955000.000000,,0.000000,27407000.000000,27407000.000000,0.000000,23601000.000000,21337000.000000,2264000.000000,62129000.000000,0.000000,52211000.000000,-44000.000000,0.000000,52167000.000000,12362000.000000,12514000.000000,-2400000.000000,0.000000,-14463000.000000,-14463000.000000,-14463000.000000,0.000000,0.000000,-39.089000,15191000.000000,-14821000.000000,1717000.000000,0.000000,3.999000,-7.337000,-6.123000,3565000.000000,0.000000,129.800000,1129.399000,1064.190000,0.000000,-169729000.000000,370000.000000,370000.000000,11116000.000000,,,,,1696000.000000,4075000.000000,1.000000,3219396.000000,3033516.000000,3033516.000000,0.122000,128100000.000000,0.000000,0.000000,0.000000,42.228000
MRQ,2018-06-30,2018-06-30,2018-06-30,2018-Q2,109272000.000000,332624647.000000,2024-11-01,-7000.000000,131379000.000000,,126951000.000000,4428000.000000,,33.050000,-16000.000000,114386000.000000,114386000.000000,0.000000,-14047000.000000,7.181000,0.209000,36000.000000,9000.000000,27000.000000,36000.000000,11507000.000000,376000.000000,0.000000,0.000000,0.000000,-14047000.000000,-13671000.000000,-36.456000,-13671000.000000,-14047000.000000,-14047000.000000,-4.300000,-4.300000,-4.300000,108712000.000000,,108712000.000000,237816647.000000,-4.000000,-4.240000,-14094000.000000,-4.285000,1.000000,375000.000000,1.000000,0.000000,0.000000,-650000.000000,,0.000000,10270000.000000,9980000.000000,290000.000000,22667000.000000,17679000.000000,4988000.000000,19859000.000000,0.000000,16455000.000000,-2000.000000,0.000000,16453000.000000,17484000.000000,17500000.000000,-14078000.000000,0.000000,-14047000.000000,-14047000.000000,-14047000.000000,0.000000,0.000000,-37.459000,14923000.000000,-14548000.000000,1263000.000000,0.000000,3.060000,-5.771000,-5.030000,3275000.000000,0.000000,102.100000,446.476000,450.785000,0.000000,-183776000.000000,375000.000000,375000.000000,11082000.000000,,,,,1744000.000000,3841000.000000,1.000000,3257832.000000,3289271.000000,3289271.000000,0.114000,131379000.000000,0.000000,0.000000,0.000000,39.942000
MRQ,2018-09-30,2018-09-30,2018-09-30,2018-Q3,94247000.000000,400823773.000000,2024-11-01,-13000.000000,120634000.000000,,115544000.000000,5090000.000000,,28.180000,-1012000.000000,44162000.000000,44162000.000000,0.000000,-15737000.000000,5.425000,0.272000,33000.000000,9000.000000,24000.000000,33000.000000,11095000.000000,408000.000000,0.000000,0.000000,0.000000,-15737000.000000,-15329000.000000,-37.206000,-15329000.000000,-15737000.000000,-15737000.000000,-4.700000,-4.700000,-4.700000,94837000.000000,,94837000.000000,286473773.000000,-5.000000,-4.940000,-11037000.000000,-3.280000,1.000000,412000.000000,1.000000,0.000000,0.000000,55208000.000000,,0.000000,69997000.000000,69707000.000000,290000.000000,25797000.000000,21297000.000000,4500000.000000,-70224000.000000,0.000000,329000.000000,-2000.000000,0.000000,327000.000000,-60526000.000000,-59514000.000000,-10025000.000000,0.000000,-15737000.000000,-15737000.000000,-15737000.000000,0.000000,0.000000,-38.197000,16732000.000000,-16320000.000000,2671000.000000,0.000000,4.226000,-6.731000,-6.046000,3908000.000000,0.000000,119.100000,346.434000,346.424000,0.000000,-199513000.000000,412000.000000,412000.000000,12856000.000000,,,,,1537000.000000,3876000.000000,1.000000,3365439.000000,3365348.000000,3365348.000000,0.122000,120634000.000000,0.000000,0.000000,0.000000,35.846000
MRQ,2018-12-31,2018-12-31,2018-12-31,2018-Q4,82205000.000000,187456144.000000,2024-11-01,-3000.000000,106766000.000000,,101734000.000000,5032000.000000,,23.315000,-195000.000000,50524000.000000,50524000.000000,0.000000,-18032000.000000,5.209000,0.359000,31000.000000,9000.000000,22000.000000,31000.000000,10202000.000000,432000.000000,0.000000,0.000000,0.000000,-18031000.000000,-17599000.000000,-19.708000,-17599000.000000,-18031000.000000,-18032000.000000,-5.400000,-5.400000,-5.400000,78586000.000000,,78586000.000000,143327144.000000,-2.000000,-2.362000,-14007000.000000,-4.156000,1.000000,893000.000000,1.000000,0.000000,1000.000000,36744000.000000,,0.000000,50083000.000000,49793000.000000,290000.000000,28180000.000000,19529000.000000,8651000.000000,6362000.000000,0.000000,139000.000000,-2000.000000,0.000000,137000.000000,20037000.000000,20232000.000000,-13812000.000000,0.000000,-18032000.000000,-18032000.000000,-18032000.000000,0.000000,0.000000,-20.193000,19500000.000000,-18607000.000000,3309000.000000,0.000000,2.385000,-3.010000,-2.916000,3861000.000000,0.000000,55.700000,91.442000,88.729000,0.000000,-217545000.000000,893000.000000,893000.000000,15128000.000000,,,,,1633000.000000,4372000.000000,1.000000,3365460.000000,3370616.000000,3370616.000000,0.265000,106766000.000000,0.000000,0.000000,0.000000,31.676000
MRQ,2019-03-31,2019-03-31,2019-03-31,2019-Q1,62784000.000000,299486943.000000,2024-11-01,8000.000000,88428000.000000,,77763000.000000,10665000.000000,,18.959000,-591000.000000,22767000.000000,22767000.000000,0.000000,-16461000.000000,5.191000,0.381000,2944000.000000,1413000.000000,1531000.000000,2944000.000000,9748000.000000,517000.000000,0.000000,0.000000,0.000000,-16461000.000000,-15944000.000000,-35.119000,-15944000.000000,-16461000.000000,-16461000.000000,-4.900000,-4.900000,-4.900000,64018000.000000,,64018000.000000,248993943.000000,-4.000000,-3.981000,-20918000.000000,-6.195000,1.000000,454000.000000,1.000000,0.000000,0.000000,53626000.000000,,0.000000,57113000.000000,53737000.000000,3376000.000000,24410000.000000,14979000.000000,9431000.000000,-24671000.000000,0.000000,3000.000000,-40000.000000,0.000000,-115000.000000,-4229000.000000,-3638000.000000,-20327000.000000,0.000000,-16461000.000000,-16461000.000000,-16461000.000000,0.000000,0.000000,-36.258000,17427000.000000,-16973000.000000,2632000.000000,0.000000,4.678000,-4.659000,-4.736000,6186000.000000,0.000000,91.400000,140.341000,144.622000,0.000000,-234006000.000000,454000.000000,454000.000000,12562000.000000,,,,,1879000.000000,4865000.000000,1.000000,3276662.000000,3376633.000000,3376633.000000,0.134000,88428000.000000,0.000000,0.000000,0.000000,26.188000
MRQ,2019-06-30,2019-06-30,2019-06-30,2019-Q2,109036000.000000,392946063.000000,2024-11-01,4000.000000,151827000.000000,,124368000.000000,27459000.000000,,26.855000,-1320000.000000,102378000.000000,102378000.000000,0.000000,-19455000.000000,8.112000,0.357000,18810000.000000,1855000.000000,16955000.000000,18810000.000000,9286000.000000,587000.000000,0.000000,0.000000,0.000000,-19455000.000000,-18868000.000000,-40.840000,-18868000.000000,-19455000.000000,-19455000.000000,-4.700000,-4.700000,-4.700000,111915000.000000,,111915000.000000,373123063.000000,-5.000000,-5.508000,-19419000.000000,-4.660000,1.000000,462000.000000,1.000000,0.000000,0.000000,52927000.000000,,0.000000,23354000.000000,19978000.000000,3376000.000000,39912000.000000,15332000.000000,24580000.000000,79611000.000000,0.000000,60366000.000000,-54000.000000,0.000000,65028000.000000,32682000.000000,34002000.000000,-18099000.000000,0.000000,-19455000.000000,-19455000.000000,-19455000.000000,0.000000,0.000000,-42.110000,20670000.000000,-20208000.000000,1759000.000000,0.000000,3.511000,-5.639000,-4.701000,23194000.000000,0.000000,92.600000,176.923000,173.748000,0.000000,-253461000.000000,462000.000000,462000.000000,15475000.000000,,,,,2355000.000000,5195000.000000,1.000000,4243478.000000,4167328.000000,4167328.000000,0.111000,151827000.000000,0.000000,0.000000,0.000000,36.433000
MRQ,2019-09-30,2019-09-30,2019-09-30,2019-Q3,88450000.000000,440508973.000000,2024-11-01,21000.000000,143831000.000000,,111020000.000000,32811000.000000,,22.285000,-2570000.000000,34002000.000000,34002000.000000,0.000000,-19793000.000000,4.919000,0.521000,21282000.000000,2209000.000000,19073000.000000,21282000.000000,8728000.000000,582000.000000,0.000000,0.000000,0.000000,-19793000.000000,-19211000.000000,-34.428000,-19211000.000000,-19793000.000000,-19793000.000000,-4.700000,-4.700000,-4.700000,94574000.000000,,94574000.000000,356940973.000000,-5.000000,-4.984000,-13794000.000000,-3.250000,1.000000,558000.000000,1.000000,0.000000,0.000000,108541000.000000,,0.000000,78150000.000000,74774000.000000,3376000.000000,49257000.000000,22570000.000000,26687000.000000,-68376000.000000,0.000000,43000.000000,-55000.000000,0.000000,-12000.000000,-57140000.000000,-54570000.000000,-11224000.000000,0.000000,-19793000.000000,-19793000.000000,-19793000.000000,0.000000,0.000000,-35.471000,20947000.000000,-20389000.000000,8043000.000000,0.000000,4.658000,-5.974000,-5.269000,28502000.000000,0.000000,103.800000,186.104000,186.109000,0.000000,-273254000.000000,558000.000000,558000.000000,15931000.000000,,,,,2389000.000000,5016000.000000,1.000000,4243824.000000,4243934.000000,4243934.000000,0.131000,143831000.000000,0.000000,0.000000,0.000000,33.891000
MRQ,2019-12-31,2019-12-31,2019-12-31,2019-Q4,90997000.000000,293268879.000000,2024-11-01,24000.000000,149978000.000000,,114513000.000000,35465000.000000,,18.452000,-8047000.000000,41731000.000000,41731000.000000,0.000000,-19729000.000000,4.870000,0.894000,25917000.000000,1278000.000000,24639000.000000,25917000.000000,28378000.000000,1036000.000000,0.000000,0.000000,0.000000,-19657000.000000,-18621000.000000,-36.656000,-18621000.000000,-19657000.000000,-19729000.000000,-4.600000,-4.600000,-4.600000,79184000.000000,,79184000.000000,280548879.000000,-4.000000,-3.862000,-18650000.000000,-4.346000,1.000000,508000.000000,1.000000,0.000000,72000.000000,110648000.000000,,0.000000,53061000.000000,49975000.000000,3086000.000000,70794000.000000,23516000.000000,47278000.000000,7439000.000000,0.000000,1145000.000000,-56000.000000,0.000000,1089000.000000,16953000.000000,25000000.000000,-10603000.000000,0.000000,-19729000.000000,-19729000.000000,-19729000.000000,0.000000,0.000000,-38.837000,20678000.000000,-20170000.000000,5853000.000000,0.000000,3.704000,-3.888000,-3.676000,31889000.000000,0.000000,69.100000,147.966000,140.230000,20000000.000000,-292983000.000000,508000.000000,508000.000000,14277000.000000,,,,,3216000.000000,6401000.000000,1.000000,4244123.000000,4291448.000000,4291448.000000,0.118000,149978000.000000,0.000000,0.000000,0.000000,34.948000
MRQ,2020-03-31,2020-03-31,2020-03-31,2020-Q1,105887000.000000,257352488.000000,2024-11-01,3000.000000,161400000.000000,,125695000.000000,35705000.000000,,17.426000,-1797000.000000,116873000.000000,116873000.000000,0.000000,-17226000.000000,6.346000,1.109000,45902000.000000,1534000.000000,44368000.000000,45902000.000000,27476000.000000,678000.000000,0.000000,0.000000,0.000000,-16955000.000000,-16277000.000000,-6.842000,-16277000.000000,-16955000.000000,-17226000.000000,-3.900000,-3.900000,-3.900000,76543000.000000,,76543000.000000,241538488.000000,-3.000000,-3.310000,-1551000.000000,-0.353000,1.000000,2379000.000000,1.000000,0.000000,271000.000000,70621000.000000,,0.000000,8089000.000000,5003000.000000,3086000.000000,84857000.000000,19808000.000000,65049000.000000,75142000.000000,0.000000,12037000.000000,19656000.000000,0.000000,31693000.000000,43203000.000000,45000000.000000,246000.000000,0.000000,-17226000.000000,-17226000.000000,-17226000.000000,0.000000,0.000000,-7.241000,19718000.000000,-17339000.000000,4636000.000000,0.000000,3.362000,-3.377000,-3.313000,31843000.000000,0.000000,59.300000,65.870000,66.667000,0.000000,-310209000.000000,2379000.000000,2379000.000000,14569000.000000,,,,,2459000.000000,5149000.000000,1.000000,4339840.000000,4392400.000000,4392400.000000,0.542000,161400000.000000,0.000000,0.000000,0.000000,36.745000
MRQ,2020-06-30,2020-06-30,2020-06-30,2020-Q2,89251000.000000,487089171.000000,2024-11-01,0.000000,147816000.000000,,112451000.000000,35365000.000000,,13.656000,-988000.000000,108674000.000000,108674000.000000,0.000000,-17196000.000000,4.847000,1.369000,47064000.000000,1597000.000000,45467000.000000,47064000.000000,26822000.000000,822000.000000,0.000000,0.000000,0.000000,-16709000.000000,-15887000.000000,-4.983000,-15887000.000000,-16709000.000000,-17196000.000000,-3.800000,-3.800000,-3.800000,62406000.000000,,62406000.000000,416118171.000000,-6.000000,-5.945000,-13419000.000000,-2.936000,1.000000,3188000.000000,1.000000,0.000000,487000.000000,63006000.000000,,0.000000,3086000.000000,0.000000,3086000.000000,85410000.000000,23200000.000000,62210000.000000,-8199000.000000,0.000000,294000.000000,-74000.000000,0.000000,220000.000000,4012000.000000,5000000.000000,-12431000.000000,0.000000,-17196000.000000,-17196000.000000,-17196000.000000,0.000000,0.000000,-5.394000,19929000.000000,-16741000.000000,2803000.000000,0.000000,7.805000,-6.587000,-6.271000,31235000.000000,0.000000,106.600000,73.434000,73.444000,2000.000000,-327405000.000000,3188000.000000,3188000.000000,14796000.000000,,,,,2727000.000000,5133000.000000,1.000000,4569317.000000,4569928.000000,4569928.000000,0.698000,147816000.000000,0.000000,0.000000,0.000000,32.345000
MRQ,2020-09-30,2020-09-30,2020-09-30,2020-Q3,70500000.000000,404537574.000000,2024-11-01,0.000000,133335000.000000,,98563000.000000,34772000.000000,,10.035000,-522000.000000,93133000.000000,93133000.000000,0.000000,-19486000.000000,3.512000,1.902000,46775000.000000,1661000.000000,45114000.000000,46775000.000000,25395000.000000,767000.000000,0.000000,0.000000,0.000000,-18993000.000000,-18226000.000000,-4.761000,-18226000.000000,-18993000.000000,-19486000.000000,-4.300000,-4.300000,-4.300000,45940000.000000,,45940000.000000,342927574.000000,-5.000000,-4.969000,-15777000.000000,-3.446000,1.000000,3828000.000000,1.000000,0.000000,493000.000000,58914000.000000,,0.000000,3086000.000000,0.000000,3086000.000000,87395000.000000,28063000.000000,59332000.000000,-15541000.000000,0.000000,297000.000000,-61000.000000,0.000000,236000.000000,-522000.000000,0.000000,-15255000.000000,0.000000,-19486000.000000,-19486000.000000,-19486000.000000,0.000000,0.000000,-5.090000,22825000.000000,-18997000.000000,4940000.000000,0.000000,8.806000,-5.494000,-5.325000,30675000.000000,0.000000,88.400000,40.850000,40.867000,2000.000000,-346891000.000000,3828000.000000,3828000.000000,17674000.000000,,,,,2723000.000000,5151000.000000,1.000000,4576217.000000,4578164.000000,4578164.000000,0.836000,133335000.000000,0.000000,0.000000,0.000000,29.124000
MRQ,2020-12-31,2020-12-31,2020-12-31,2020-Q4,149933000.000000,497046475.000000,2024-11-01,0.000000,213250000.000000,,178557000.000000,34693000.000000,,18.558000,-29000.000000,177070000.000000,177070000.000000,0.000000,-30130000.000000,6.238000,1.355000,66213000.000000,1728000.000000,64485000.000000,66213000.000000,22086000.000000,768000.000000,0.000000,0.000000,0.000000,-29589000.000000,-28821000.000000,-5.057000,-28821000.000000,-29589000.000000,-30130000.000000,-6.300000,-6.300000,-6.300000,90553000.000000,,90553000.000000,450688475.000000,-5.000000,-5.690000,-29953000.000000,-6.139000,1.000000,5699000.000000,1.000000,0.000000,541000.000000,73769000.000000,,0.000000,0.000000,0.000000,0.000000,122697000.000000,28624000.000000,94073000.000000,80851000.000000,0.000000,91154000.000000,19857000.000000,0.000000,110804000.000000,-29000.000000,0.000000,-29924000.000000,0.000000,-30130000.000000,-30130000.000000,-30130000.000000,0.000000,0.000000,-5.287000,34918000.000000,-29219000.000000,3603000.000000,0.000000,5.489000,-5.915000,-5.962000,29641000.000000,0.000000,108.500000,32.932000,33.105000,7000.000000,-377021000.000000,5699000.000000,5699000.000000,29026000.000000,,,,,3030000.000000,5892000.000000,1.000000,4581074.000000,4879449.000000,4879449.000000,1.168000,213250000.000000,0.000000,0.000000,0.000000,43.704000
MRQ,2021-03-31,2021-03-31,2021-03-31,2021-Q1,199308000.000000,461061605.000000,2024-11-01,0.000000,260627000.000000,,226677000.000000,33950000.000000,,24.419000,-262000.000000,225228000.000000,225228000.000000,0.000000,-14228000.000000,8.282000,0.739000,65967000.000000,1796000.000000,64171000.000000,65967000.000000,19952000.000000,731000.000000,0.000000,0.000000,0.000000,-13261000.000000,-12530000.000000,-2.596000,-12530000.000000,-13261000.000000,-14228000.000000,-2.300000,-2.300000,-2.300000,149880000.000000,,149880000.000000,353290605.000000,-4.000000,-4.682000,-22252000.000000,-3.625000,1.000000,4827000.000000,1.000000,0.000000,967000.000000,73997000.000000,,0.000000,0.000000,0.000000,0.000000,110747000.000000,27369000.000000,83378000.000000,48158000.000000,0.000000,70510000.000000,-64000.000000,0.000000,70410000.000000,-262000.000000,0.000000,-21990000.000000,0.000000,-14228000.000000,-14228000.000000,-14228000.000000,0.000000,0.000000,-2.948000,25768000.000000,-20941000.000000,3660000.000000,0.000000,3.076000,-5.689000,-4.479000,29121000.000000,0.000000,74.800000,26.283000,26.173000,0.000000,-391249000.000000,4827000.000000,4827000.000000,20029000.000000,,,,,2930000.000000,5739000.000000,1.000000,6163925.000000,6137964.000000,6137964.000000,0.786000,260627000.000000,0.000000,0.000000,0.000000,42.461000
MRQ,2021-06-30,2021-06-30,2021-06-30,2021-Q2,158584000.000000,337127555.000000,2024-11-01,-19000.000000,233734000.000000,,186207000.000000,47527000.000000,,20.677000,-428000.000000,164001000.000000,164001000.000000,0.000000,-22490000.000000,6.741000,0.798000,65719000.000000,1866000.000000,63853000.000000,65719000.000000,16974000.000000,749000.000000,0.000000,0.000000,0.000000,-21521000.000000,-20772000.000000,-4.024000,-20772000.000000,-21521000.000000,-22490000.000000,-3.600000,-3.600000,-3.600000,129977000.000000,,129977000.000000,177866555.000000,-2.000000,-2.214000,-26882000.000000,-4.277000,1.000000,5162000.000000,1.000000,0.000000,969000.000000,107829000.000000,,0.000000,34378000.000000,21114000.000000,13264000.000000,103757000.000000,27623000.000000,76134000.000000,-61227000.000000,0.000000,137000.000000,-65000.000000,0.000000,72000.000000,-34845000.000000,-34417000.000000,-26454000.000000,0.000000,-22490000.000000,-22490000.000000,-22490000.000000,0.000000,0.000000,-4.357000,31306000.000000,-26144000.000000,3671000.000000,0.000000,2.594000,-3.905000,-3.303000,28735000.000000,0.000000,54.500000,17.274000,17.554000,0.000000,-413739000.000000,5162000.000000,5162000.000000,25786000.000000,,,,,2453000.000000,5520000.000000,1.000000,6185827.000000,6285950.000000,6285950.000000,0.821000,233734000.000000,0.000000,0.000000,0.000000,37.184000
MRQ,2021-09-30,2021-09-30,2021-09-30,2021-Q3,123391000.000000,276830676.000000,2024-11-01,-5000.000000,208043000.000000,,153271000.000000,54772000.000000,,16.854000,-310000.000000,118506000.000000,118506000.000000,0.000000,-26027000.000000,5.130000,0.962000,65467000.000000,1938000.000000,63529000.000000,65467000.000000,14975000.000000,765000.000000,0.000000,0.000000,0.000000,-25043000.000000,-24278000.000000,-4.262000,-24278000.000000,-25043000.000000,-26027000.000000,-4.140000,-4.140000,-4.140000,106060000.000000,,106060000.000000,178548676.000000,-2.000000,-2.067000,-28437000.000000,-4.519000,1.000000,5697000.000000,1.000000,0.000000,984000.000000,125124000.000000,,0.000000,51281000.000000,30164000.000000,21117000.000000,101983000.000000,29880000.000000,72103000.000000,-45495000.000000,0.000000,0.000000,-67000.000000,0.000000,-67000.000000,-17301000.000000,-16991000.000000,-28127000.000000,0.000000,-26027000.000000,-26027000.000000,-26027000.000000,0.000000,0.000000,-4.569000,32608000.000000,-26911000.000000,4108000.000000,0.000000,2.610000,-2.981000,-2.736000,28159000.000000,0.000000,44.700000,12.945000,13.154000,0.000000,-439766000.000000,5697000.000000,5697000.000000,27262000.000000,,,,,2096000.000000,5346000.000000,1.000000,6193080.000000,6292830.000000,6292830.000000,0.905000,208043000.000000,0.000000,0.000000,0.000000,33.060000
MRQ,2021-12-31,2021-12-31,2021-12-31,2021-Q4,105077000.000000,201947709.000000,2024-11-01,-79000.000000,182935000.000000,,136585000.000000,46350000.000000,,13.536000,-245000.000000,95388000.000000,95388000.000000,0.000000,-23813000.000000,4.335000,1.147000,65191000.000000,2011000.000000,63180000.000000,65191000.000000,10181000.000000,773000.000000,0.000000,0.000000,0.000000,-22827000.000000,-22054000.000000,-2.827000,-22054000.000000,-22827000.000000,-23813000.000000,-3.780000,-3.780000,-3.780000,85218000.000000,,85218000.000000,148908709.000000,-2.000000,-1.870000,-23214000.000000,-3.687000,1.000000,7802000.000000,1.000000,0.000000,986000.000000,121230000.000000,,0.000000,51105000.000000,38067000.000000,13038000.000000,97717000.000000,31508000.000000,66209000.000000,-23118000.000000,0.000000,170000.000000,-69000.000000,0.000000,96000.000000,-245000.000000,0.000000,-22969000.000000,0.000000,-23813000.000000,-23813000.000000,-23813000.000000,0.000000,0.000000,-3.052000,33225000.000000,-25423000.000000,3692000.000000,0.000000,2.370000,-2.333000,-2.355000,27285000.000000,0.000000,32.600000,8.598000,8.679000,0.000000,-463579000.000000,7802000.000000,7802000.000000,26795000.000000,,,,,2875000.000000,6430000.000000,1.000000,6194715.000000,6295546.000000,6295546.000000,1.239000,182935000.000000,0.000000,0.000000,0.000000,29.058000
MRQ,2022-03-31,2022-03-31,2022-03-31,2022-Q1,88884000.000000,73878766.000000,2024-11-01,-273000.000000,152081000.000000,,116477000.000000,35604000.000000,,9.949000,-128000.000000,72661000.000000,72661000.000000,0.000000,-25146000.000000,4.221000,1.424000,64895000.000000,3730000.000000,61165000.000000,64895000.000000,7773000.000000,747000.000000,0.000000,0.000000,0.000000,-24170000.000000,-23423000.000000,-4.284000,-23423000.000000,-24170000.000000,-25146000.000000,-3.990000,-3.990000,-3.990000,62742000.000000,,62742000.000000,43681766.000000,0.000000,-0.483000,-30145000.000000,-4.780000,1.000000,5467000.000000,1.000000,0.000000,976000.000000,116722000.000000,,0.000000,43324000.000000,40686000.000000,2638000.000000,89339000.000000,27593000.000000,61746000.000000,-22727000.000000,0.000000,1000.000000,-70000.000000,0.000000,-93000.000000,7383000.000000,7511000.000000,-30017000.000000,0.000000,-25146000.000000,-25146000.000000,-25146000.000000,0.000000,0.000000,-4.600000,32120000.000000,-26653000.000000,2841000.000000,0.000000,1.178000,-0.758000,-0.767000,26725000.000000,0.000000,11.900000,3.062000,3.110000,0.000000,-488725000.000000,5467000.000000,5467000.000000,25171000.000000,,,,,2863000.000000,6949000.000000,1.000000,6208300.000000,6306142.000000,6306142.000000,0.867000,152081000.000000,0.000000,0.000000,0.000000,24.116000
MRQ,2022-06-30,2022-06-30,2022-06-30,2022-Q2,53018000.000000,60475896.000000,2024-11-01,-313000.000000,126234000.000000,,91945000.000000,34289000.000000,,4.860000,-111000.000000,62150000.000000,62150000.000000,0.000000,-34481000.000000,2.362000,3.070000,64596000.000000,8733000.000000,55863000.000000,64596000.000000,3591000.000000,726000.000000,0.000000,0.000000,0.000000,-33500000.000000,-32774000.000000,-5.222000,-32774000.000000,-33500000.000000,-34481000.000000,-5.400000,-5.400000,-5.400000,31019000.000000,,31019000.000000,52709896.000000,0.000000,-0.514000,-26289000.000000,-4.119000,1.000000,6276000.000000,1.000000,0.000000,981000.000000,89753000.000000,,0.000000,27220000.000000,27220000.000000,0.000000,95215000.000000,38927000.000000,56288000.000000,-10511000.000000,0.000000,108000.000000,-72000.000000,0.000000,-223000.000000,15889000.000000,16000000.000000,-26178000.000000,0.000000,-34481000.000000,-34481000.000000,-34481000.000000,0.000000,0.000000,-5.494000,40045000.000000,-33769000.000000,6124000.000000,0.000000,1.950000,-0.552000,-0.556000,25887000.000000,0.000000,9.627000,2.396000,2.434000,0.000000,-523206000.000000,6276000.000000,6276000.000000,33100000.000000,,,,,2689000.000000,6945000.000000,1.000000,6281905.000000,6382378.000000,6382378.000000,0.983000,126234000.000000,0.000000,0.000000,0.000000,19.779000
MRQ,2022-09-30,2022-09-30,2022-09-30,2022-Q3,213881000.000000,40575410.000000,2024-11-01,-226000.000000,284725000.000000,,252305000.000000,32420000.000000,,13.717000,-328000.000000,174618000.000000,174618000.000000,0.000000,-30253000.000000,6.566000,1.204000,63971000.000000,2069000.000000,61902000.000000,63971000.000000,1625000.000000,724000.000000,0.000000,0.000000,0.000000,-29202000.000000,-28478000.000000,-7.319000,-28478000.000000,-29202000.000000,-30253000.000000,-3.210000,-3.210000,-3.210000,129171000.000000,,129171000.000000,43021410.000000,0.000000,-0.403000,-36115000.000000,-3.835000,1.000000,3891000.000000,1.000000,0.000000,1051000.000000,135654000.000000,,0.000000,72949000.000000,72949000.000000,0.000000,155554000.000000,38424000.000000,117130000.000000,112468000.000000,0.000000,127989000.000000,-374000.000000,0.000000,142064000.000000,6192000.000000,6520000.000000,-35787000.000000,0.000000,-30253000.000000,-30253000.000000,-30253000.000000,0.000000,0.000000,-7.775000,43345000.000000,-39454000.000000,13017000.000000,0.000000,0.314000,-0.357000,-0.393000,25667000.000000,0.000000,6.440000,1.731000,2.588000,0.000000,-553459000.000000,3891000.000000,3891000.000000,25759000.000000,,,,,2955000.000000,8076000.000000,1.000000,6300530.000000,9417069.000000,9417069.000000,0.413000,284725000.000000,0.000000,0.000000,0.000000,30.235000
MRQ,2022-12-31,2022-12-31,2022-12-31,2022-Q4,180614000.000000,72611056.000000,2024-11-01,102000.000000,244486000.000000,,211392000.000000,33094000.000000,,10.112000,-674000.000000,170553000.000000,170553000.000000,0.000000,-4774000.000000,6.868000,0.914000,63571000.000000,2071000.000000,61500000.000000,63571000.000000,4330000.000000,770000.000000,0.000000,0.000000,0.000000,-3648000.000000,-2878000.000000,3.817000,-2878000.000000,-3648000.000000,-4774000.000000,4.440000,4.440000,4.440000,127736000.000000,,127736000.000000,-38035944.000000,0.000000,0.434000,-31757000.000000,-2.514000,1.000000,-754000.000000,1.000000,0.000000,1126000.000000,106726000.000000,,0.000000,34837000.000000,34837000.000000,0.000000,116750000.000000,30778000.000000,85972000.000000,-4065000.000000,0.000000,-8200000.000000,-75000.000000,0.000000,-10703000.000000,37721000.000000,38395000.000000,-31083000.000000,0.000000,-4774000.000000,-4774000.000000,-4774000.000000,0.000000,0.000000,6.332000,35243000.000000,-35997000.000000,6411000.000000,0.000000,0.568000,-0.767000,-0.479000,24660000.000000,0.000000,3.590000,4.880000,3.048000,1694000.000000,-558233000.000000,-754000.000000,-754000.000000,27914000.000000,,,,,2903000.000000,7329000.000000,1.000000,20225921.000000,12631968.000000,12631968.000000,-0.060000,244486000.000000,0.000000,0.000000,0.000000,19.355000
MRQ,2023-03-31,2023-03-31,2023-03-31,2023-Q1,150093000.000000,54202119.000000,2024-11-01,263000.000000,205323000.000000,,173644000.000000,31679000.000000,,3.834000,-235000.000000,107851000.000000,107851000.000000,0.000000,-23789000.000000,7.373000,0.923000,63174000.000000,3762000.000000,59412000.000000,63174000.000000,3245000.000000,704000.000000,0.000000,0.000000,0.000000,-22572000.000000,-21868000.000000,-7.403000,-21868000.000000,-22572000.000000,-23789000.000000,-0.850000,-0.850000,-0.850000,106753000.000000,,106753000.000000,-52779881.000000,1.000000,0.614000,-37136000.000000,-1.334000,1.000000,2954000.000000,1.000000,0.000000,1217000.000000,137095000.000000,,0.000000,61038000.000000,61038000.000000,0.000000,98570000.000000,23551000.000000,75019000.000000,-62702000.000000,0.000000,0.000000,-53000.000000,0.000000,-53000.000000,-25748000.000000,-25513000.000000,-36901000.000000,0.000000,-23789000.000000,-23789000.000000,-23789000.000000,0.000000,0.000000,-8.053000,36166000.000000,-33212000.000000,2795000.000000,0.000000,0.508000,-0.581000,-0.532000,23946000.000000,0.000000,2.670000,4.383000,6.011000,1765000.000000,-582022000.000000,2954000.000000,2954000.000000,28761000.000000,,,,,2645000.000000,7405000.000000,1.000000,20300419.000000,27842218.000000,27842218.000000,0.106000,205323000.000000,0.000000,0.000000,0.000000,7.375000
MRQ,2023-06-30,2023-06-30,2023-06-30,2023-Q2,124255000.000000,64875834.000000,2024-11-01,49000.000000,180982000.000000,,152630000.000000,28352000.000000,,2.624000,1000.000000,118528000.000000,118528000.000000,0.000000,-36258000.000000,5.379000,1.471000,62825000.000000,2169000.000000,60656000.000000,62825000.000000,2185000.000000,653000.000000,0.000000,0.000000,0.000000,-34980000.000000,-34327000.000000,-12.117000,-34327000.000000,-34980000.000000,-36258000.000000,-1.300000,-1.300000,-1.300000,73239000.000000,,73239000.000000,20198834.000000,0.000000,-0.231000,-22385000.000000,-0.802000,1.000000,2833000.000000,1.000000,0.000000,1278000.000000,96904000.000000,,0.000000,28540000.000000,28540000.000000,0.000000,107743000.000000,28375000.000000,79368000.000000,10677000.000000,0.000000,144000.000000,-4000.000000,0.000000,140000.000000,32923000.000000,32922000.000000,-22386000.000000,0.000000,-36258000.000000,-36258000.000000,-36258000.000000,0.000000,0.000000,-12.798000,36833000.000000,-34000000.000000,6693000.000000,0.000000,0.886000,-0.682000,-3.424000,23037000.000000,0.000000,3.150000,7.270000,9.853000,1756000.000000,-618280000.000000,2833000.000000,2833000.000000,29608000.000000,,,,,2814000.000000,7225000.000000,1.000000,20595503.000000,27913448.000000,27913448.000000,0.101000,180982000.000000,0.000000,0.000000,0.000000,6.484000
MRQ,2023-09-30,2023-09-30,2023-09-30,2023-Q3,94121000.000000,81804682.000000,2024-11-01,0.000000,147795000.000000,,122515000.000000,25280000.000000,,1.297000,0.000000,115305000.000000,115305000.000000,0.000000,-40143000.000000,4.315000,3.071000,62461000.000000,3911000.000000,58550000.000000,62461000.000000,139000.000000,616000.000000,0.000000,0.000000,0.000000,-38840000.000000,-38224000.000000,-10.161000,-38224000.000000,-38840000.000000,-40143000.000000,-1.430000,-1.430000,-1.430000,36302000.000000,,36302000.000000,26101682.000000,0.000000,-0.268000,-31858000.000000,-1.138000,1.000000,3762000.000000,1.000000,0.000000,1303000.000000,66557000.000000,,0.000000,0.000000,0.000000,0.000000,111493000.000000,28394000.000000,83099000.000000,-3223000.000000,0.000000,0.000000,-5000.000000,0.000000,-5000.000000,28640000.000000,28640000.000000,-31858000.000000,0.000000,-40143000.000000,-40143000.000000,-40143000.000000,0.000000,0.000000,-10.671000,38398000.000000,-34636000.000000,2855000.000000,0.000000,2.253000,-0.779000,4.593000,20081000.000000,0.000000,3.950000,9.301000,12.571000,1665000.000000,-658423000.000000,3762000.000000,3762000.000000,28280000.000000,,,,,3255000.000000,7764000.000000,1.000000,20710046.000000,27990558.000000,27990558.000000,0.134000,147795000.000000,0.000000,0.000000,0.000000,5.280000
MRQ,2023-12-31,2023-12-31,2023-12-31,2023-Q4,108299000.000000,164112483.000000,2024-11-01,0.000000,168174000.000000,,144980000.000000,23194000.000000,,0.564000,1522000.000000,141645000.000000,141645000.000000,0.000000,-64384000.000000,3.952000,9.093000,62075000.000000,8991000.000000,53084000.000000,62075000.000000,0.000000,355000.000000,0.000000,0.000000,0.000000,-63055000.000000,-62700000.000000,-162.435000,-62700000.000000,-63055000.000000,-64384000.000000,-2.220000,-2.220000,-2.220000,16662000.000000,,16662000.000000,111268483.000000,-1.000000,-0.708000,-17040000.000000,-0.577000,1.000000,386000.000000,1.000000,0.000000,1329000.000000,51923000.000000,,0.000000,0.000000,0.000000,0.000000,151512000.000000,36681000.000000,114831000.000000,26340000.000000,0.000000,43383000.000000,-3000.000000,0.000000,43380000.000000,1522000.000000,0.000000,-18562000.000000,0.000000,-64384000.000000,-64384000.000000,-64384000.000000,0.000000,0.000000,-166.798000,27526000.000000,-27140000.000000,11544000.000000,0.000000,9.850000,-0.997000,-1.341000,19483000.000000,0.000000,7.790000,16.517000,22.208000,0.000000,-722807000.000000,386000.000000,386000.000000,21503000.000000,,,,,1720000.000000,5888000.000000,1.000000,21067071.000000,29555263.000000,29555263.000000,0.013000,168174000.000000,0.000000,0.000000,0.000000,5.690000
MRQ,2024-03-31,2024-03-31,2024-03-31,2024-Q1,74899000.000000,141528317.000000,2024-11-01,0.000000,134728000.000000,,112202000.000000,22526000.000000,,0.386000,29000.000000,85642000.000000,85642000.000000,0.000000,-3708000.000000,3.008000,7.948000,61671000.000000,14076000.000000,47595000.000000,61671000.000000,0.000000,334000.000000,0.000000,0.000000,0.000000,-2401000.000000,-2067000.000000,,-2067000.000000,-2401000.000000,-3708000.000000,-0.100000,-0.100000,-0.100000,15057000.000000,,15057000.000000,61958317.000000,0.000000,-0.451000,-31069000.000000,-0.797000,1.000000,0.000000,,0.000000,1307000.000000,73454000.000000,,0.000000,24781000.000000,24781000.000000,0.000000,119671000.000000,37303000.000000,82368000.000000,-56003000.000000,0.000000,0.000000,0.000000,0.000000,-265000.000000,-24640000.000000,-24669000.000000,-31098000.000000,0.000000,-3708000.000000,-3708000.000000,-3708000.000000,0.000000,0.000000,,30921000.000000,-30921000.000000,11346000.000000,0.000000,9.400000,-0.979000,-1.059000,18857000.000000,0.000000,5.350000,20.273000,29.871000,0.000000,-726515000.000000,0.000000,0.000000,24655000.000000,,,,,2103000.000000,6266000.000000,1.000000,26453891.000000,38978046.000000,38978046.000000,0.000000,134728000.000000,0.000000,0.000000,0.000000,3.457000
MRQ,2024-06-30,2024-06-30,2024-06-30,2024-Q2,60400000.000000,137918219.000000,2024-11-01,0.000000,106722000.000000,,84921000.000000,21801000.000000,,-0.162000,96000.000000,81083000.000000,81083000.000000,0.000000,-23327000.000000,3.463000,-17.801000,60661000.000000,2495000.000000,58166000.000000,60661000.000000,0.000000,331000.000000,0.000000,0.000000,0.000000,-21945000.000000,-21614000.000000,,-21614000.000000,-21945000.000000,-23327000.000000,-0.590000,-0.590000,-0.590000,-6352000.000000,,-6352000.000000,113947219.000000,-1.000000,-0.914000,-29571000.000000,-0.753000,1.000000,0.000000,,0.000000,1382000.000000,61779000.000000,,0.000000,0.000000,0.000000,0.000000,113074000.000000,24521000.000000,88553000.000000,-4559000.000000,0.000000,115000.000000,0.000000,0.000000,41000.000000,25067000.000000,24971000.000000,-29667000.000000,0.000000,-23327000.000000,-23327000.000000,-23327000.000000,0.000000,0.000000,,27416000.000000,-27416000.000000,7469000.000000,0.000000,-21.713000,-1.048000,-1.189000,18222000.000000,0.000000,5.160000,33.249000,48.850000,0.000000,-749842000.000000,0.000000,0.000000,21953000.000000,,,,,1803000.000000,5463000.000000,1.000000,26728337.000000,39269434.000000,39269434.000000,0.000000,106722000.000000,0.000000,0.000000,0.000000,2.718000
MRQ,2024-09-30,2024-09-30,2024-09-30,2024-Q3,35539000.000000,57640993.000000,2024-11-01,0.000000,84995000.000000,,63931000.000000,21064000.000000,,-0.283000,0.000000,60394000.000000,60394000.000000,0.000000,-6396000.000000,2.252000,-8.641000,60226000.000000,2584000.000000,57642000.000000,60226000.000000,0.000000,325000.000000,0.000000,0.000000,0.000000,-5084000.000000,-4759000.000000,,-4759000.000000,-5084000.000000,-6396000.000000,-0.160000,-0.160000,-0.160000,-11123000.000000,,-11123000.000000,37218993.000000,0.000000,-0.408000,-20689000.000000,-0.526000,1.000000,0.000000,,0.000000,1312000.000000,56435000.000000,,0.000000,0.000000,0.000000,0.000000,96118000.000000,28392000.000000,67726000.000000,-20689000.000000,0.000000,0.000000,0.000000,0.000000,0.000000,0.000000,0.000000,-20689000.000000,0.000000,-6396000.000000,-6396000.000000,-6396000.000000,0.000000,0.000000,,26182000.000000,-26182000.000000,9646000.000000,0.000000,-5.182000,-0.589000,-0.700000,17579000.000000,0.000000,2.150000,149.329000,219.098000,0.000000,-756238000.000000,0.000000,0.000000,20527000.000000,,,,,1625000.000000,5655000.000000,1.000000,26809764.000000,39335772.000000,39335772.000000,0.000000,84995000.000000,0.000000,0.000000,0.000000,2.161000
MRT,2014-12-31,2014-12-31,2014-12-31,2014-Q4,59291000.000000,,2024-11-01,0.000000,61494000.000000,,60543000.000000,951000.000000,,-142.766000,-201000.000000,60463000.000000,60463000.000000,0.000000,-13431000.000000,48.357000,-3.824000,0.000000,0.000000,0.000000,0.000000,0.000000,258000.000000,0.000000,,0.000000,-13431000.000000,-13173000.000000,,-13173000.000000,-13431000.000000,-13431000.000000,-102.600000,-102.600000,-102.600000,-21772000.000000,,-21772000.000000,,,,-12170000.000000,-79.802000,1.000000,0.000000,,0.000000,0.000000,-221000.000000,,0.000000,0.000000,0.000000,0.000000,83266000.000000,1252000.000000,82014000.000000,56592000.000000,0.000000,15000.000000,0.000000,0.000000,68762000.000000,-201000.000000,0.000000,-11969000.000000,0.000000,-13431000.000000,-15642000.000000,-15642000.000000,0.000000,0.000000,,13435000.000000,-13435000.000000,928000.000000,0.000000,,,,881000.000000,2211000.000000,,,,0.000000,-23695000.000000,0.000000,0.000000,10923000.000000,,,,,937000.000000,2512000.000000,1.000000,,152502.000000,152502.000000,0.000000,61494000.000000,0.000000,0.000000,0.000000,403.235000
MRT,2015-03-31,2015-03-31,2015-03-31,2015-Q1,,,2024-11-01,,,,,,,,,,,,,,,,,,,,,,,0.000000,,,,,,,,,,,,,,,,,,1.000000,,,,,,,,,,,,,,,,,,,,,,,,,,,,,,,,,,,,,,,,,,,,,,,,,,,,,1.000000,,168269.000000,,,,,,,
MRT,2015-06-30,2015-06-30,2015-06-30,2015-Q2,,,2024-11-01,,,,,,,,,,,,,,,,,,,,,,,0.000000,,,,,,,,,,,,,,,,,,1.000000,,,,,,,,,,,,,,,,,,,,,,,,,,,,,,,,,,,,,,,,,,,,,,,,,,,,,1.000000,,176146.000000,,,,,,,
MRT,2015-09-30,2015-09-30,2015-09-30,2015-Q3,,,2024-11-01,,,,,,,,,,,,,,,,,,,,,,,0.000000,,,,,,,,,,,,,,,,,,1.000000,,,,,,,,,,,,,,,,,,,,,,,,,,,,,,,,,,,,,,,,,,,,,,,,,,,,,1.000000,,215027.000000,,,,,,,
MRT,2015-12-31,2015-12-31,2015-12-31,2015-Q4,28493000.000000,,2024-11-01,0.000000,43631000.000000,52562500.000000,36449000.000000,7182000.000000,0.006000,-242.207000,-1176000.000000,36392000.000000,36392000.000000,0.000000,-29818000.000000,4.581000,-1.910000,339000.000000,133000.000000,206000.000000,339000.000000,0.000000,602000.000000,0.000000,,0.000000,-29818000.000000,-29216000.000000,-92.164000,-29216000.000000,-29818000.000000,-29818000.000000,-175.500000,-175.500000,-175.500000,-47964000.000000,-34868000.000000,-47964000.000000,,,,-24206000.000000,-122.235000,1.000000,317000.000000,1.000000,0.000000,0.000000,-378000.000000,-299500.000000,0.000000,0.000000,0.000000,0.000000,91595000.000000,7956000.000000,83639000.000000,-24484000.000000,0.000000,-228000.000000,-50000.000000,0.000000,-278000.000000,-1176000.000000,0.000000,-23030000.000000,0.000000,-29818000.000000,-34752000.000000,-34752000.000000,0.000000,0.000000,-109.628000,30137000.000000,-29820000.000000,5035000.000000,0.000000,,,,4799000.000000,4934000.000000,,,,0.000000,-53513000.000000,317000.000000,317000.000000,24408000.000000,-0.661000,0.997000,99.559000,-94.063000,3233000.000000,5729000.000000,1.000000,,198029.000000,198029.000000,1.601000,43631000.000000,0.000000,0.000000,0.000000,220.327000
MRT,2016-03-31,2016-03-31,2016-03-31,2016-Q1,57824000.000000,,2024-11-01,0.000000,70825000.000000,,63225000.000000,7600000.000000,,-241.765000,-2593000.000000,62616000.000000,62616000.000000,0.000000,-35838000.000000,11.706000,-2.223000,322000.000000,156000.000000,166000.000000,322000.000000,0.000000,832000.000000,0.000000,,0.000000,-35838000.000000,-35006000.000000,-110.429000,-35006000.000000,-35838000.000000,-35838000.000000,-191.600000,-191.600000,-191.600000,-57890000.000000,,-57890000.000000,,,,-32972000.000000,-137.701000,1.000000,317000.000000,1.000000,0.000000,0.000000,3130000.000000,,0.000000,0.000000,0.000000,0.000000,128715000.000000,5401000.000000,123314000.000000,5117000.000000,0.000000,-228000.000000,-67000.000000,0.000000,38089000.000000,-2593000.000000,0.000000,-30379000.000000,0.000000,-35838000.000000,-41292000.000000,-41292000.000000,0.000000,0.000000,-130.259000,36201000.000000,-35884000.000000,2260000.000000,0.000000,,,,4857000.000000,5454000.000000,,,,0.000000,-64101000.000000,317000.000000,317000.000000,28937000.000000,,,,-113.054000,3384000.000000,7264000.000000,1.000000,2276016.000000,239447.000000,239447.000000,1.324000,70825000.000000,0.000000,0.000000,0.000000,295.786000
MRT,2016-06-30,2016-06-30,2016-06-30,2016-Q2,46004000.000000,413096922.000000,2024-11-01,0.000000,60946000.000000,,52153000.000000,8793000.000000,,-267.956000,-2832000.000000,50599000.000000,50599000.000000,0.000000,-41762000.000000,8.482000,-1.891000,301000.000000,163000.000000,138000.000000,301000.000000,0.000000,1038000.000000,0.000000,0.000000,0.000000,-41762000.000000,-40724000.000000,,-40724000.000000,-41762000.000000,-41762000.000000,-204.200000,-204.200000,-204.200000,-68413000.000000,,-68413000.000000,350802922.000000,-8.000000,-8.614000,-38266000.000000,-149.878000,1.000000,0.000000,,0.000000,0.000000,4499000.000000,,0.000000,0.000000,0.000000,0.000000,129359000.000000,6149000.000000,123210000.000000,-1061000.000000,0.000000,-207000.000000,-89000.000000,0.000000,37205000.000000,-2832000.000000,0.000000,-35434000.000000,0.000000,-41762000.000000,-47809000.000000,-47809000.000000,0.000000,0.000000,,41854000.000000,-41854000.000000,1645000.000000,0.000000,-6.038000,-8.641000,-0.889000,4773000.000000,6047000.000000,181.500000,,,0.000000,-76122000.000000,0.000000,0.000000,33034000.000000,,,,,3919000.000000,8820000.000000,1.000000,2276016.000000,255315.000000,255315.000000,0.000000,60946000.000000,0.000000,0.000000,0.000000,238.709000
MRT,2016-09-30,2016-09-30,2016-09-30,2016-Q3,86533000.000000,324202526.000000,2024-11-01,0.000000,100410000.000000,68953000.000000,94881000.000000,5529000.000000,0.000000,41.240000,-2301000.000000,93977000.000000,93977000.000000,0.000000,-47467000.000000,11.366000,0.106000,261000.000000,165000.000000,96000.000000,261000.000000,0.000000,1164000.000000,0.000000,0.000000,0.000000,-47467000.000000,-46303000.000000,,-46303000.000000,-47467000.000000,-47467000.000000,-165.600000,-165.600000,-165.600000,90781000.000000,-20871500.000000,90781000.000000,273904526.000000,-6.000000,-5.915000,-41442000.000000,-18.826000,1.000000,0.000000,,0.000000,0.000000,-1654000.000000,1399250.000000,0.000000,0.000000,0.000000,0.000000,9629000.000000,8348000.000000,1281000.000000,48509000.000000,0.000000,50251000.000000,-113000.000000,0.000000,89951000.000000,-2301000.000000,0.000000,-39141000.000000,0.000000,-47467000.000000,-52392000.000000,-52392000.000000,0.000000,0.000000,,47607000.000000,-47607000.000000,4039000.000000,0.000000,3.571000,-6.188000,-0.838000,4603000.000000,4925000.000000,138.700000,,,0.000000,-90291000.000000,0.000000,0.000000,37752000.000000,-0.760000,2.510000,-33.923000,,4352000.000000,9855000.000000,1.000000,2337437.000000,2201274.000000,2201274.000000,0.000000,100410000.000000,0.000000,0.000000,0.000000,45.614000
MRT,2016-12-31,2016-12-31,2016-12-31,2016-Q4,75941000.000000,284306503.000000,2024-11-01,-9000.000000,91323000.000000,80876000.000000,85508000.000000,5815000.000000,0.004000,63.484000,-2322000.000000,59071000.000000,59071000.000000,0.000000,-47743000.000000,8.938000,0.133000,221000.000000,168000.000000,53000.000000,221000.000000,550000.000000,1273000.000000,0.000000,0.000000,0.000000,-47743000.000000,-46470000.000000,-146.593000,-46470000.000000,-47743000.000000,-47743000.000000,-40.500000,-40.500000,-40.500000,80602000.000000,11270000.000000,80602000.000000,190590503.000000,-4.000000,-4.101000,-42858000.000000,-33.756000,1.000000,317000.000000,1.000000,0.000000,0.000000,22906000.000000,7220250.000000,0.000000,25005000.000000,25005000.000000,0.000000,10721000.000000,9567000.000000,1154000.000000,22679000.000000,0.000000,50879000.000000,-135000.000000,0.000000,90557000.000000,-27342000.000000,-25020000.000000,-40536000.000000,0.000000,-47743000.000000,-51424000.000000,-51424000.000000,0.000000,0.000000,-162.221000,48280000.000000,-47963000.000000,2415000.000000,0.000000,3.527000,-5.529000,-3.002000,4850000.000000,3681000.000000,121.600000,896.866000,487.030000,867000.000000,-101256000.000000,317000.000000,317000.000000,37817000.000000,-0.636000,-4.563000,-6.612000,-150.609000,4234000.000000,10463000.000000,1.000000,2338047.000000,1269641.000000,1269641.000000,0.250000,91323000.000000,0.000000,0.000000,0.000000,71.928000
MRT,2017-03-31,2017-03-31,2017-03-31,2017-Q1,65640000.000000,372649184.000000,2024-11-01,-13000.000000,78023000.000000,82675500.000000,72505000.000000,5518000.000000,0.017000,29.981000,-1193000.000000,48482000.000000,48482000.000000,0.000000,-48670000.000000,10.562000,0.112000,180000.000000,171000.000000,9000.000000,180000.000000,0.000000,1334000.000000,0.000000,0.000000,0.000000,-48670000.000000,-47336000.000000,-33.382000,-47336000.000000,-48670000.000000,-48670000.000000,-61.700000,-61.700000,-61.700000,70136000.000000,43276500.000000,70136000.000000,313799184.000000,-6.000000,-6.629000,-43931000.000000,-18.779000,1.000000,1418000.000000,1.000000,0.000000,0.000000,22856000.000000,12151750.000000,0.000000,22495000.000000,22495000.000000,0.000000,7887000.000000,6865000.000000,1022000.000000,-14134000.000000,0.000000,51048000.000000,-159000.000000,0.000000,52318000.000000,-23714000.000000,-22521000.000000,-42738000.000000,0.000000,-48670000.000000,-50614000.000000,-50614000.000000,0.000000,0.000000,-35.694000,50358000.000000,-48940000.000000,2377000.000000,0.000000,5.313000,-7.363000,-2.582000,4546000.000000,1944000.000000,159.300000,262.799000,262.805000,551000.000000,-112771000.000000,1418000.000000,1418000.000000,39180000.000000,-0.612000,-1.170000,-4.005000,-34.323000,4456000.000000,11178000.000000,1.000000,2339292.000000,2339345.000000,2339345.000000,0.606000,78023000.000000,0.000000,0.000000,0.000000,33.353000
MRT,2017-06-30,2017-06-30,2017-06-30,2017-Q2,86174000.000000,421238066.000000,2024-11-01,-6000.000000,99031000.000000,92196750.000000,93190000.000000,5841000.000000,0.015000,35.601000,-1203000.000000,80014000.000000,80014000.000000,0.000000,-50017000.000000,13.282000,0.087000,138000.000000,130000.000000,8000.000000,138000.000000,0.000000,1399000.000000,0.000000,0.000000,0.000000,-50017000.000000,-48618000.000000,-34.286000,-48618000.000000,-50017000.000000,-50017000.000000,-12.700000,-12.700000,-12.700000,91081000.000000,83150000.000000,91081000.000000,372936066.000000,-7.000000,-7.671000,-44600000.000000,-17.433000,1.000000,1418000.000000,1.000000,0.000000,0.000000,12139000.000000,14061750.000000,0.000000,11990000.000000,11990000.000000,0.000000,7950000.000000,7016000.000000,934000.000000,29415000.000000,0.000000,83881000.000000,-163000.000000,0.000000,86030000.000000,-13218000.000000,-12015000.000000,-43397000.000000,0.000000,-50017000.000000,-50138000.000000,-50138000.000000,0.000000,0.000000,-35.358000,51806000.000000,-50388000.000000,1348000.000000,0.000000,4.625000,-8.402000,-12.669000,4508000.000000,121000.000000,160.900000,297.065000,290.302000,0.000000,-126139000.000000,1418000.000000,1418000.000000,39696000.000000,-0.544000,-0.603000,-3.557000,-35.273000,4464000.000000,12110000.000000,1.000000,2618012.000000,2558415.000000,2558415.000000,0.554000,99031000.000000,0.000000,0.000000,0.000000,38.708000
MRT,2017-09-30,2017-09-30,2017-09-30,2017-Q3,73928000.000000,386550188.000000,2024-11-01,-10000.000000,88677000.000000,89263500.000000,83167000.000000,5510000.000000,0.016000,29.929000,-1068000.000000,42632000.000000,42632000.000000,0.000000,-49673000.000000,9.002000,0.128000,96000.000000,89000.000000,7000.000000,96000.000000,0.000000,1475000.000000,0.000000,0.000000,0.000000,-49673000.000000,-48198000.000000,-33.990000,-48198000.000000,-49673000.000000,-49673000.000000,-11.500000,-11.500000,-11.500000,78592000.000000,80102750.000000,78592000.000000,306674188.000000,-6.000000,-6.363000,-44826000.000000,-17.071000,1.000000,1418000.000000,1.000000,0.000000,0.000000,36902000.000000,23700750.000000,0.000000,39799000.000000,39799000.000000,0.000000,10085000.000000,9239000.000000,846000.000000,-51345000.000000,0.000000,33434000.000000,-165000.000000,0.000000,33269000.000000,-40856000.000000,-39788000.000000,-43758000.000000,0.000000,-49673000.000000,-49673000.000000,-49673000.000000,0.000000,0.000000,-35.030000,51629000.000000,-50211000.000000,1846000.000000,0.000000,4.918000,-7.782000,-12.800000,4127000.000000,0.000000,147.200000,272.602000,272.592000,0.000000,-139964000.000000,1418000.000000,1418000.000000,38559000.000000,-0.556000,-0.620000,-2.096000,-35.030000,3878000.000000,13070000.000000,1.000000,2626020.000000,2625922.000000,2625922.000000,0.540000,88677000.000000,0.000000,0.000000,0.000000,33.770000
MRT,2017-12-31,2017-12-31,2017-12-31,2017-Q4,60746000.000000,255864322.000000,2024-11-01,-42000.000000,78488000.000000,86054750.000000,73159000.000000,5329000.000000,0.013000,25.711000,-821000.000000,32398000.000000,32398000.000000,0.000000,-54010000.000000,5.894000,0.202000,53000.000000,47000.000000,6000.000000,53000.000000,0.000000,1527000.000000,0.000000,0.000000,0.000000,-54010000.000000,-52483000.000000,-47.668000,-52483000.000000,-54010000.000000,-54010000.000000,-21.300000,-21.300000,-21.300000,65324000.000000,76283250.000000,65324000.000000,213328322.000000,-4.000000,-4.065000,-45550000.000000,-17.928000,1.000000,1101000.000000,1.000000,0.000000,0.000000,33730000.000000,26406750.000000,0.000000,40134000.000000,39844000.000000,290000.000000,13164000.000000,12413000.000000,751000.000000,-26383000.000000,0.000000,34105000.000000,-168000.000000,0.000000,33937000.000000,-15591000.000000,-14770000.000000,-44729000.000000,0.000000,-54010000.000000,-54010000.000000,-54010000.000000,0.000000,0.000000,-49.055000,55787000.000000,-54686000.000000,2283000.000000,0.000000,3.917000,-4.737000,-4.568000,3938000.000000,0.000000,97.300000,232.393000,224.531000,0.000000,-155266000.000000,1101000.000000,1101000.000000,41896000.000000,-0.628000,-0.708000,-2.045000,-49.055000,4419000.000000,13891000.000000,1.000000,2629644.000000,2540684.000000,2540684.000000,0.433000,78488000.000000,0.000000,0.000000,0.000000,30.892000
MRT,2018-03-31,2018-03-31,2018-03-31,2018-Q1,102033000.000000,417877614.000000,2024-11-01,-34000.000000,128100000.000000,98574000.000000,123370000.000000,4730000.000000,0.004000,34.448000,-577000.000000,94817000.000000,94817000.000000,0.000000,-56958000.000000,5.782000,0.226000,9000.000000,4000.000000,5000.000000,9000.000000,11882000.000000,1550000.000000,0.000000,0.000000,0.000000,-56958000.000000,-55408000.000000,-149.751000,-55408000.000000,-56958000.000000,-56958000.000000,-21.200000,-21.200000,-21.200000,104499000.000000,84874000.000000,104499000.000000,385242614.000000,-7.000000,-6.953000,-34886000.000000,-11.500000,1.000000,370000.000000,1.000000,0.000000,0.000000,11955000.000000,23681500.000000,0.000000,27407000.000000,27407000.000000,0.000000,23601000.000000,21337000.000000,2264000.000000,46335000.000000,0.000000,86147000.000000,-171000.000000,0.000000,85976000.000000,-5332000.000000,-4755000.000000,-34309000.000000,0.000000,-56958000.000000,-56958000.000000,-56958000.000000,0.000000,0.000000,-153.941000,58264000.000000,-57894000.000000,1717000.000000,0.000000,3.999000,-7.337000,-6.123000,3565000.000000,0.000000,129.800000,1129.399000,1064.190000,0.000000,-169729000.000000,370000.000000,370000.000000,43384000.000000,-0.578000,-0.671000,-2.405000,-153.941000,5231000.000000,14880000.000000,1.000000,3219396.000000,3033516.000000,3033516.000000,0.122000,128100000.000000,0.000000,0.000000,0.000000,42.228000
MRT,2018-06-30,2018-06-30,2018-06-30,2018-Q2,109272000.000000,332624647.000000,2024-11-01,-7000.000000,131379000.000000,106661000.000000,126951000.000000,4428000.000000,0.007000,33.050000,-281000.000000,114386000.000000,114386000.000000,0.000000,-57637000.000000,7.181000,0.209000,36000.000000,9000.000000,27000.000000,36000.000000,11507000.000000,1545000.000000,0.000000,0.000000,0.000000,-57637000.000000,-56092000.000000,-75.291000,-56092000.000000,-57637000.000000,-57637000.000000,-20.300000,-20.300000,-20.300000,108712000.000000,89281750.000000,108712000.000000,237816647.000000,-4.000000,-4.240000,-36858000.000000,-11.206000,1.000000,745000.000000,1.000000,0.000000,0.000000,-650000.000000,20484250.000000,0.000000,10270000.000000,9980000.000000,290000.000000,22667000.000000,17679000.000000,4988000.000000,34662000.000000,0.000000,69412000.000000,-131000.000000,0.000000,69281000.000000,1958000.000000,2239000.000000,-36577000.000000,0.000000,-57637000.000000,-57637000.000000,-57637000.000000,0.000000,0.000000,-77.365000,59674000.000000,-58929000.000000,1263000.000000,0.000000,3.060000,-5.771000,-5.030000,3275000.000000,0.000000,102.100000,446.476000,450.785000,0.000000,-183776000.000000,745000.000000,745000.000000,44425000.000000,-0.540000,-0.646000,-2.814000,-77.365000,5819000.000000,15249000.000000,1.000000,3257832.000000,3289271.000000,3289271.000000,0.226000,131379000.000000,0.000000,0.000000,0.000000,39.942000
MRT,2018-09-30,2018-09-30,2018-09-30,2018-Q3,94247000.000000,400823773.000000,2024-11-01,-13000.000000,120634000.000000,114650250.000000,115544000.000000,5090000.000000,0.010000,28.180000,-1247000.000000,44162000.000000,44162000.000000,0.000000,-59549000.000000,5.425000,0.272000,33000.000000,9000.000000,24000.000000,33000.000000,11095000.000000,1562000.000000,0.000000,0.000000,0.000000,-59549000.000000,-57987000.000000,-50.118000,-57987000.000000,-59549000.000000,-59549000.000000,-19.700000,-19.700000,-19.700000,94837000.000000,93343000.000000,94837000.000000,286473773.000000,-5.000000,-4.940000,-38317000.000000,-11.386000,1.000000,1157000.000000,1.000000,0.000000,0.000000,55208000.000000,25060750.000000,0.000000,69997000.000000,69707000.000000,290000.000000,25797000.000000,21297000.000000,4500000.000000,1820000.000000,0.000000,69730000.000000,-91000.000000,0.000000,69639000.000000,-30749000.000000,-29502000.000000,-37070000.000000,0.000000,-59549000.000000,-59549000.000000,-59549000.000000,0.000000,0.000000,-51.468000,62366000.000000,-61209000.000000,2671000.000000,0.000000,4.226000,-6.731000,-6.046000,3908000.000000,0.000000,119.100000,346.434000,346.424000,0.000000,-199513000.000000,1157000.000000,1157000.000000,46834000.000000,-0.519000,-0.638000,-2.376000,-51.468000,6248000.000000,15532000.000000,1.000000,3365439.000000,3365348.000000,3365348.000000,0.344000,120634000.000000,0.000000,0.000000,0.000000,35.846000
MRT,2018-12-31,2018-12-31,2018-12-31,2018-Q4,82205000.000000,187456144.000000,2024-11-01,-3000.000000,106766000.000000,121719750.000000,101734000.000000,5032000.000000,0.017000,24.065000,-1375000.000000,50524000.000000,50524000.000000,0.000000,-62279000.000000,5.209000,0.359000,31000.000000,9000.000000,22000.000000,31000.000000,10202000.000000,1604000.000000,0.000000,0.000000,0.000000,-62278000.000000,-60674000.000000,-29.597000,-60674000.000000,-62278000.000000,-62279000.000000,-19.100000,-19.100000,-19.100000,78586000.000000,96658500.000000,78586000.000000,143327144.000000,-2.000000,-2.362000,-41690000.000000,-12.766000,1.000000,2050000.000000,1.000000,0.000000,1000.000000,36744000.000000,25814250.000000,0.000000,50083000.000000,49793000.000000,290000.000000,28180000.000000,19529000.000000,8651000.000000,18126000.000000,0.000000,69134000.000000,-50000.000000,0.000000,69084000.000000,-10643000.000000,-9268000.000000,-40315000.000000,0.000000,-62279000.000000,-62279000.000000,-62279000.000000,0.000000,0.000000,-30.380000,66346000.000000,-64296000.000000,3309000.000000,0.000000,2.385000,-3.010000,-2.916000,3861000.000000,0.000000,55.700000,91.442000,88.729000,0.000000,-217545000.000000,2050000.000000,2050000.000000,50182000.000000,-0.512000,-0.644000,-2.413000,-30.380000,6610000.000000,16164000.000000,1.000000,3365460.000000,3265624.000000,3265624.000000,0.628000,106766000.000000,0.000000,0.000000,0.000000,32.694000
MRT,2019-03-31,2019-03-31,2019-03-31,2019-Q1,62784000.000000,299486943.000000,2024-11-01,8000.000000,88428000.000000,111801750.000000,77763000.000000,10665000.000000,0.019000,18.959000,-1814000.000000,22767000.000000,22767000.000000,0.000000,-64277000.000000,5.191000,0.381000,2944000.000000,1413000.000000,1531000.000000,2944000.000000,9748000.000000,1733000.000000,0.000000,0.000000,0.000000,-64276000.000000,-62543000.000000,-29.308000,-62543000.000000,-64276000.000000,-64277000.000000,-19.300000,-19.300000,-19.300000,64018000.000000,86538250.000000,64018000.000000,248993943.000000,-4.000000,-3.981000,-60056000.000000,-17.786000,1.000000,2134000.000000,1.000000,0.000000,1000.000000,53626000.000000,36232000.000000,0.000000,57113000.000000,53737000.000000,3376000.000000,24410000.000000,14979000.000000,9431000.000000,-68674000.000000,0.000000,16926000.000000,-46000.000000,0.000000,16802000.000000,-27234000.000000,-25420000.000000,-58242000.000000,0.000000,-64277000.000000,-64277000.000000,-64277000.000000,0.000000,0.000000,-30.120000,68582000.000000,-66448000.000000,2632000.000000,0.000000,4.678000,-4.659000,-4.736000,6186000.000000,0.000000,91.400000,140.341000,144.622000,0.000000,-234006000.000000,2134000.000000,2134000.000000,51628000.000000,-0.575000,-0.743000,-1.774000,-30.120000,6793000.000000,16954000.000000,1.000000,3276662.000000,3376633.000000,3376633.000000,0.632000,88428000.000000,0.000000,0.000000,0.000000,26.188000
MRT,2019-06-30,2019-06-30,2019-06-30,2019-Q2,109036000.000000,392946063.000000,2024-11-01,4000.000000,151827000.000000,116913750.000000,124368000.000000,27459000.000000,0.019000,26.855000,-3118000.000000,102378000.000000,102378000.000000,0.000000,-69685000.000000,8.112000,0.357000,18810000.000000,1855000.000000,16955000.000000,18810000.000000,9286000.000000,1944000.000000,0.000000,0.000000,0.000000,-69684000.000000,-67740000.000000,-30.500000,-67740000.000000,-69684000.000000,-69685000.000000,-19.700000,-19.700000,-19.700000,111915000.000000,87339000.000000,111915000.000000,373123063.000000,-5.000000,-5.508000,-65381000.000000,-15.689000,1.000000,2221000.000000,1.000000,0.000000,1000.000000,52927000.000000,49626250.000000,0.000000,23354000.000000,19978000.000000,3376000.000000,39912000.000000,15332000.000000,24580000.000000,-8922000.000000,0.000000,60837000.000000,-98000.000000,0.000000,65377000.000000,-12036000.000000,-8918000.000000,-62263000.000000,0.000000,-69685000.000000,-69685000.000000,-69685000.000000,0.000000,0.000000,-31.376000,74329000.000000,-72108000.000000,1759000.000000,0.000000,3.511000,-5.639000,-4.701000,23194000.000000,0.000000,92.600000,176.923000,173.748000,0.000000,-253461000.000000,2221000.000000,2221000.000000,56021000.000000,-0.596000,-0.798000,-1.404000,-31.375000,7404000.000000,18308000.000000,1.000000,4243478.000000,4167328.000000,4167328.000000,0.533000,151827000.000000,0.000000,0.000000,0.000000,36.433000
MRT,2019-09-30,2019-09-30,2019-09-30,2019-Q3,88450000.000000,440508973.000000,2024-11-01,21000.000000,143831000.000000,122713000.000000,111020000.000000,32811000.000000,0.019000,22.285000,-4676000.000000,34002000.000000,34002000.000000,0.000000,-73741000.000000,4.919000,0.521000,21282000.000000,2209000.000000,19073000.000000,21282000.000000,8728000.000000,2118000.000000,0.000000,0.000000,0.000000,-73740000.000000,-71622000.000000,-30.259000,-71622000.000000,-73740000.000000,-73741000.000000,-19.700000,-19.700000,-19.700000,94574000.000000,87273250.000000,94574000.000000,356940973.000000,-5.000000,-4.984000,-68138000.000000,-16.055000,1.000000,2367000.000000,1.000000,0.000000,1000.000000,108541000.000000,62959500.000000,0.000000,78150000.000000,74774000.000000,3376000.000000,49257000.000000,22570000.000000,26687000.000000,-7074000.000000,0.000000,60551000.000000,-151000.000000,0.000000,65038000.000000,-8650000.000000,-3974000.000000,-63462000.000000,0.000000,-73741000.000000,-73741000.000000,-73741000.000000,0.000000,0.000000,-31.154000,78544000.000000,-76177000.000000,8043000.000000,0.000000,4.658000,-5.974000,-5.269000,28502000.000000,0.000000,103.800000,186.104000,186.109000,0.000000,-273254000.000000,2367000.000000,2367000.000000,59096000.000000,-0.601000,-0.845000,-1.171000,-31.153000,8256000.000000,19448000.000000,1.000000,4243824.000000,4243934.000000,4243934.000000,0.558000,143831000.000000,0.000000,0.000000,0.000000,33.891000
MRT,2019-12-31,2019-12-31,2019-12-31,2019-Q4,90997000.000000,293268879.000000,2024-11-01,24000.000000,149978000.000000,133516000.000000,114513000.000000,35465000.000000,0.015000,19.687000,-12528000.000000,41731000.000000,41731000.000000,0.000000,-75438000.000000,4.870000,0.894000,25917000.000000,1278000.000000,24639000.000000,25917000.000000,28378000.000000,2722000.000000,0.000000,0.000000,0.000000,-75366000.000000,-72644000.000000,-36.652000,-72644000.000000,-75366000.000000,-75438000.000000,-18.800000,-18.800000,-18.800000,79184000.000000,87422750.000000,79184000.000000,280548879.000000,-4.000000,-3.862000,-72781000.000000,-18.095000,1.000000,1982000.000000,1.000000,0.000000,72000.000000,110648000.000000,81435500.000000,0.000000,53061000.000000,49975000.000000,3086000.000000,70794000.000000,23516000.000000,47278000.000000,-5997000.000000,0.000000,61557000.000000,-205000.000000,0.000000,65990000.000000,-11734000.000000,794000.000000,-60253000.000000,0.000000,-75438000.000000,-75438000.000000,-75438000.000000,0.000000,0.000000,-38.062000,79723000.000000,-77741000.000000,5853000.000000,0.000000,3.704000,-3.888000,-3.676000,31889000.000000,0.000000,69.100000,147.966000,140.230000,20000000.000000,-292983000.000000,1982000.000000,1982000.000000,58245000.000000,-0.565000,-0.863000,-0.925000,-38.025000,9839000.000000,21478000.000000,1.000000,4244123.000000,4022218.000000,4022218.000000,0.493000,149978000.000000,0.000000,0.000000,0.000000,37.287000
MRT,2020-03-31,2020-03-31,2020-03-31,2020-Q1,105887000.000000,257352488.000000,2024-11-01,3000.000000,161400000.000000,151759000.000000,125695000.000000,35705000.000000,0.026000,17.426000,-13734000.000000,116873000.000000,116873000.000000,0.000000,-76203000.000000,6.346000,1.109000,45902000.000000,1534000.000000,44368000.000000,45902000.000000,27476000.000000,2883000.000000,0.000000,0.000000,0.000000,-75860000.000000,-72977000.000000,-18.679000,-72977000.000000,-75860000.000000,-76203000.000000,-17.900000,-17.900000,-17.900000,76543000.000000,90554000.000000,76543000.000000,241538488.000000,-3.000000,-3.310000,-53414000.000000,-12.161000,1.000000,3907000.000000,1.000000,0.000000,343000.000000,70621000.000000,85684250.000000,0.000000,8089000.000000,5003000.000000,3086000.000000,84857000.000000,19808000.000000,65049000.000000,93816000.000000,0.000000,73591000.000000,19491000.000000,0.000000,97798000.000000,35698000.000000,49432000.000000,-39680000.000000,0.000000,-76203000.000000,-76203000.000000,-76203000.000000,0.000000,0.000000,-19.504000,82013000.000000,-78106000.000000,4636000.000000,0.000000,3.362000,-3.377000,-3.313000,31843000.000000,0.000000,59.300000,65.870000,66.667000,0.000000,-310209000.000000,3907000.000000,3907000.000000,60252000.000000,-0.502000,-0.842000,-0.885000,-19.416000,10419000.000000,21761000.000000,1.000000,4339840.000000,4392400.000000,4392400.000000,0.889000,161400000.000000,0.000000,0.000000,0.000000,36.745000
MRT,2020-06-30,2020-06-30,2020-06-30,2020-Q2,89251000.000000,487089171.000000,2024-11-01,0.000000,147816000.000000,150756250.000000,112451000.000000,35365000.000000,0.044000,13.656000,-13402000.000000,108674000.000000,108674000.000000,0.000000,-73944000.000000,4.847000,1.369000,47064000.000000,1597000.000000,45467000.000000,47064000.000000,26822000.000000,3118000.000000,0.000000,0.000000,0.000000,-73114000.000000,-69996000.000000,-10.553000,-69996000.000000,-73114000.000000,-73944000.000000,-17.000000,-17.000000,-17.000000,62406000.000000,78176750.000000,62406000.000000,416118171.000000,-6.000000,-5.945000,-47414000.000000,-10.375000,1.000000,6633000.000000,1.000000,0.000000,830000.000000,63006000.000000,88204000.000000,0.000000,3086000.000000,0.000000,3086000.000000,85410000.000000,23200000.000000,62210000.000000,6006000.000000,0.000000,13519000.000000,19471000.000000,0.000000,32990000.000000,7028000.000000,20430000.000000,-34012000.000000,0.000000,-73944000.000000,-73944000.000000,-73944000.000000,0.000000,0.000000,-11.148000,81272000.000000,-74639000.000000,2803000.000000,0.000000,7.805000,-6.587000,-6.271000,31235000.000000,0.000000,106.600000,73.434000,73.444000,2000.000000,-327405000.000000,6633000.000000,6633000.000000,59573000.000000,-0.490000,-0.946000,-0.829000,-11.023000,10791000.000000,21699000.000000,1.000000,4569317.000000,4569928.000000,4569928.000000,1.451000,147816000.000000,0.000000,0.000000,0.000000,32.345000
MRT,2020-09-30,2020-09-30,2020-09-30,2020-Q3,70500000.000000,404537574.000000,2024-11-01,0.000000,133335000.000000,148132250.000000,98563000.000000,34772000.000000,0.067000,10.035000,-11354000.000000,93133000.000000,93133000.000000,0.000000,-73637000.000000,3.512000,1.902000,46775000.000000,1661000.000000,45114000.000000,46775000.000000,25395000.000000,3303000.000000,0.000000,0.000000,0.000000,-72314000.000000,-69011000.000000,-6.969000,-69011000.000000,-72314000.000000,-73637000.000000,-16.600000,-16.600000,-16.600000,45940000.000000,66018250.000000,45940000.000000,342927574.000000,-5.000000,-4.969000,-49397000.000000,-10.790000,1.000000,9903000.000000,1.000000,0.000000,1323000.000000,58914000.000000,75797250.000000,0.000000,3086000.000000,0.000000,3086000.000000,87395000.000000,28063000.000000,59332000.000000,58841000.000000,0.000000,13773000.000000,19465000.000000,0.000000,33238000.000000,63646000.000000,75000000.000000,-38043000.000000,0.000000,-73637000.000000,-73637000.000000,-73637000.000000,0.000000,0.000000,-7.436000,83150000.000000,-73247000.000000,4940000.000000,0.000000,8.806000,-5.494000,-5.325000,30675000.000000,0.000000,88.400000,40.850000,40.867000,2000.000000,-346891000.000000,9903000.000000,9903000.000000,61316000.000000,-0.497000,-1.115000,-0.954000,-7.302000,11125000.000000,21834000.000000,1.000000,4576217.000000,4578164.000000,4578164.000000,2.163000,133335000.000000,0.000000,0.000000,0.000000,29.124000
MRT,2020-12-31,2020-12-31,2020-12-31,2020-Q4,149933000.000000,497046475.000000,2024-11-01,0.000000,213250000.000000,163950250.000000,178557000.000000,34693000.000000,0.092000,19.663000,-3336000.000000,177070000.000000,177070000.000000,0.000000,-84038000.000000,6.238000,1.355000,66213000.000000,1728000.000000,64485000.000000,66213000.000000,22086000.000000,3035000.000000,0.000000,0.000000,0.000000,-82246000.000000,-79211000.000000,-5.248000,-79211000.000000,-82246000.000000,-84038000.000000,-18.200000,-18.200000,-18.200000,90553000.000000,68860500.000000,90553000.000000,450688475.000000,-5.000000,-5.690000,-60700000.000000,-13.181000,1.000000,15093000.000000,1.000000,0.000000,1792000.000000,73769000.000000,66577500.000000,0.000000,0.000000,0.000000,0.000000,122697000.000000,28624000.000000,94073000.000000,132253000.000000,0.000000,103782000.000000,39378000.000000,0.000000,142953000.000000,46664000.000000,50000000.000000,-57364000.000000,0.000000,-84038000.000000,-84038000.000000,-84038000.000000,0.000000,0.000000,-5.568000,97390000.000000,-82297000.000000,3603000.000000,0.000000,5.489000,-5.915000,-5.962000,29641000.000000,0.000000,108.500000,32.932000,33.105000,7000.000000,-377021000.000000,15093000.000000,15093000.000000,76065000.000000,-0.513000,-1.220000,-1.235000,-5.449000,10939000.000000,21325000.000000,1.000000,4581074.000000,4605162.000000,4605162.000000,3.277000,213250000.000000,0.000000,0.000000,0.000000,46.307000
MRT,2021-03-31,2021-03-31,2021-03-31,2021-Q1,199308000.000000,461061605.000000,2024-11-01,0.000000,260627000.000000,188757000.000000,226677000.000000,33950000.000000,0.093000,24.419000,-1801000.000000,225228000.000000,225228000.000000,0.000000,-81040000.000000,8.282000,0.739000,65967000.000000,1796000.000000,64171000.000000,65967000.000000,19952000.000000,3088000.000000,0.000000,0.000000,0.000000,-78552000.000000,-75464000.000000,-4.302000,-75464000.000000,-78552000.000000,-81040000.000000,-16.700000,-16.700000,-16.700000,149880000.000000,87194750.000000,149880000.000000,353290605.000000,-4.000000,-4.682000,-81401000.000000,-13.262000,1.000000,17542000.000000,1.000000,0.000000,2488000.000000,73997000.000000,67421500.000000,0.000000,0.000000,0.000000,0.000000,110747000.000000,27369000.000000,83378000.000000,105269000.000000,0.000000,162255000.000000,19658000.000000,0.000000,181670000.000000,3199000.000000,5000000.000000,-79600000.000000,0.000000,-81040000.000000,-81040000.000000,-81040000.000000,0.000000,0.000000,-4.620000,103440000.000000,-85898000.000000,3660000.000000,0.000000,3.076000,-5.689000,-4.479000,29121000.000000,0.000000,74.800000,26.283000,26.173000,0.000000,-391249000.000000,17542000.000000,17542000.000000,81525000.000000,-0.429000,-0.929000,-1.165000,-4.478000,11410000.000000,21915000.000000,1.000000,6163925.000000,6137964.000000,6137964.000000,2.858000,260627000.000000,0.000000,0.000000,0.000000,42.461000
MRT,2021-06-30,2021-06-30,2021-06-30,2021-Q2,158584000.000000,337127555.000000,2024-11-01,-19000.000000,233734000.000000,210236500.000000,186207000.000000,47527000.000000,0.093000,20.677000,-1241000.000000,164001000.000000,164001000.000000,0.000000,-86334000.000000,6.741000,0.798000,65719000.000000,1866000.000000,63853000.000000,65719000.000000,16974000.000000,3015000.000000,0.000000,0.000000,0.000000,-83364000.000000,-80349000.000000,-4.117000,-80349000.000000,-83364000.000000,-86334000.000000,-16.500000,-16.500000,-16.500000,129977000.000000,104087500.000000,129977000.000000,177866555.000000,-2.000000,-2.214000,-94864000.000000,-15.091000,1.000000,19516000.000000,1.000000,0.000000,2970000.000000,107829000.000000,78627250.000000,0.000000,34378000.000000,21114000.000000,13264000.000000,103757000.000000,27623000.000000,76134000.000000,52241000.000000,0.000000,162098000.000000,19667000.000000,0.000000,181522000.000000,-35658000.000000,-34417000.000000,-93623000.000000,0.000000,-86334000.000000,-86334000.000000,-86334000.000000,0.000000,0.000000,-4.424000,114817000.000000,-95301000.000000,3671000.000000,0.000000,2.594000,-3.905000,-3.303000,28735000.000000,0.000000,54.500000,17.274000,17.554000,0.000000,-413739000.000000,19516000.000000,19516000.000000,92515000.000000,-0.411000,-0.829000,-1.060000,-4.272000,11136000.000000,22302000.000000,1.000000,6185827.000000,6285950.000000,6285950.000000,3.105000,233734000.000000,0.000000,0.000000,0.000000,37.184000
MRT,2021-09-30,2021-09-30,2021-09-30,2021-Q3,123391000.000000,276830676.000000,2024-11-01,-5000.000000,208043000.000000,228913500.000000,153271000.000000,54772000.000000,0.093000,16.854000,-1029000.000000,118506000.000000,118506000.000000,0.000000,-92875000.000000,5.130000,0.962000,65467000.000000,1938000.000000,63529000.000000,65467000.000000,14975000.000000,3013000.000000,0.000000,0.000000,0.000000,-89414000.000000,-86401000.000000,-4.040000,-86401000.000000,-89414000.000000,-92875000.000000,-16.340000,-16.340000,-16.340000,106060000.000000,119117500.000000,106060000.000000,178548676.000000,-2.000000,-2.067000,-107524000.000000,-17.087000,1.000000,21385000.000000,1.000000,0.000000,3461000.000000,125124000.000000,95179750.000000,0.000000,51281000.000000,30164000.000000,21117000.000000,101983000.000000,29880000.000000,72103000.000000,22287000.000000,0.000000,161801000.000000,19661000.000000,0.000000,181219000.000000,-52437000.000000,-51408000.000000,-106495000.000000,0.000000,-92875000.000000,-92875000.000000,-92875000.000000,0.000000,0.000000,-4.343000,124600000.000000,-103215000.000000,4108000.000000,0.000000,2.610000,-2.981000,-2.736000,28159000.000000,0.000000,44.700000,12.945000,13.154000,0.000000,-439766000.000000,21385000.000000,21385000.000000,102103000.000000,-0.406000,-0.780000,-0.939000,-4.181000,10509000.000000,22497000.000000,1.000000,6193080.000000,6292830.000000,6292830.000000,3.398000,208043000.000000,0.000000,0.000000,0.000000,33.060000
MRT,2021-12-31,2021-12-31,2021-12-31,2021-Q4,105077000.000000,201947709.000000,2024-11-01,-79000.000000,182935000.000000,221334750.000000,136585000.000000,46350000.000000,0.106000,13.627000,-1245000.000000,95388000.000000,95388000.000000,0.000000,-86558000.000000,4.335000,1.147000,65191000.000000,2011000.000000,63180000.000000,65191000.000000,10181000.000000,3018000.000000,0.000000,0.000000,0.000000,-82651000.000000,-79633000.000000,-3.390000,-79633000.000000,-82651000.000000,-86558000.000000,-13.840000,-13.840000,-13.840000,85218000.000000,117783750.000000,85218000.000000,148908709.000000,-2.000000,-1.870000,-100785000.000000,-16.117000,1.000000,23488000.000000,1.000000,0.000000,3907000.000000,121230000.000000,107045000.000000,0.000000,51105000.000000,38067000.000000,13038000.000000,97717000.000000,31508000.000000,66209000.000000,-81682000.000000,0.000000,70817000.000000,-265000.000000,0.000000,70511000.000000,-52653000.000000,-51408000.000000,-99540000.000000,0.000000,-86558000.000000,-86558000.000000,-86558000.000000,0.000000,0.000000,-3.685000,122908000.000000,-99420000.000000,3692000.000000,0.000000,2.370000,-2.333000,-2.355000,27285000.000000,0.000000,32.600000,8.598000,8.679000,0.000000,-463579000.000000,23488000.000000,23488000.000000,99872000.000000,-0.391000,-0.735000,-0.772000,-3.519000,10354000.000000,23036000.000000,1.000000,6194715.000000,6253498.000000,6253498.000000,3.756000,182935000.000000,0.000000,0.000000,0.000000,29.253000
MRT,2022-03-31,2022-03-31,2022-03-31,2022-Q1,88884000.000000,73878766.000000,2024-11-01,-273000.000000,152081000.000000,194198250.000000,116477000.000000,35604000.000000,0.124000,9.949000,-1111000.000000,72661000.000000,72661000.000000,0.000000,-97476000.000000,4.221000,1.424000,64895000.000000,3730000.000000,61165000.000000,64895000.000000,7773000.000000,3034000.000000,0.000000,0.000000,0.000000,-93561000.000000,-90527000.000000,-3.752000,-90527000.000000,-93561000.000000,-97476000.000000,-15.510000,-15.510000,-15.510000,62742000.000000,95999250.000000,62742000.000000,43681766.000000,0.000000,-0.483000,-108678000.000000,-17.234000,1.000000,24128000.000000,1.000000,0.000000,3915000.000000,116722000.000000,117726250.000000,0.000000,43324000.000000,40686000.000000,2638000.000000,89339000.000000,27593000.000000,61746000.000000,-152567000.000000,0.000000,308000.000000,-271000.000000,0.000000,8000.000000,-45008000.000000,-43897000.000000,-107567000.000000,0.000000,-97476000.000000,-97476000.000000,-97476000.000000,0.000000,0.000000,-4.040000,129259000.000000,-105131000.000000,2841000.000000,0.000000,1.178000,-0.758000,-0.767000,26725000.000000,0.000000,11.900000,3.062000,3.110000,0.000000,-488725000.000000,24128000.000000,24128000.000000,105014000.000000,-0.502000,-1.015000,-0.795000,-3.878000,10287000.000000,24245000.000000,1.000000,6208300.000000,6306142.000000,6306142.000000,3.826000,152081000.000000,0.000000,0.000000,0.000000,24.116000
MRT,2022-06-30,2022-06-30,2022-06-30,2022-Q2,53018000.000000,60475896.000000,2024-11-01,-313000.000000,126234000.000000,167323250.000000,91945000.000000,34289000.000000,0.151000,4.860000,-794000.000000,62150000.000000,62150000.000000,0.000000,-109467000.000000,2.362000,3.070000,64596000.000000,8733000.000000,55863000.000000,64596000.000000,3591000.000000,3011000.000000,0.000000,0.000000,0.000000,-105540000.000000,-102529000.000000,-4.062000,-102529000.000000,-105540000.000000,-109467000.000000,-17.310000,-17.310000,-17.310000,31019000.000000,71259750.000000,31019000.000000,52709896.000000,0.000000,-0.514000,-108085000.000000,-16.935000,1.000000,25242000.000000,1.000000,0.000000,3927000.000000,89753000.000000,113207250.000000,0.000000,27220000.000000,27220000.000000,0.000000,95215000.000000,38927000.000000,56288000.000000,-101851000.000000,0.000000,279000.000000,-278000.000000,0.000000,-287000.000000,5726000.000000,6520000.000000,-107291000.000000,0.000000,-109467000.000000,-109467000.000000,-109467000.000000,0.000000,0.000000,-4.337000,137998000.000000,-112756000.000000,6124000.000000,0.000000,1.950000,-0.552000,-0.556000,25887000.000000,0.000000,9.627000,2.396000,2.434000,0.000000,-523206000.000000,25242000.000000,25242000.000000,112328000.000000,-0.654000,-1.536000,-0.932000,-4.181000,10523000.000000,25670000.000000,1.000000,6281905.000000,6382378.000000,6382378.000000,3.955000,126234000.000000,0.000000,0.000000,0.000000,19.779000
MRT,2022-09-30,2022-09-30,2022-09-30,2022-Q3,213881000.000000,40575410.000000,2024-11-01,-226000.000000,284725000.000000,186493750.000000,252305000.000000,32420000.000000,0.126000,13.717000,-812000.000000,174618000.000000,174618000.000000,0.000000,-113693000.000000,6.566000,1.204000,63971000.000000,2069000.000000,61902000.000000,63971000.000000,1625000.000000,2970000.000000,0.000000,0.000000,0.000000,-109699000.000000,-106729000.000000,-4.554000,-106729000.000000,-109699000.000000,-113693000.000000,-16.380000,-16.380000,-16.380000,129171000.000000,77037500.000000,129171000.000000,43021410.000000,0.000000,-0.403000,-115763000.000000,-12.293000,1.000000,23436000.000000,1.000000,0.000000,3994000.000000,135654000.000000,115839750.000000,0.000000,72949000.000000,72949000.000000,0.000000,155554000.000000,38424000.000000,117130000.000000,56112000.000000,0.000000,128268000.000000,-585000.000000,0.000000,141844000.000000,29219000.000000,30031000.000000,-114951000.000000,0.000000,-113693000.000000,-113693000.000000,-113693000.000000,0.000000,0.000000,-4.851000,148735000.000000,-125299000.000000,13017000.000000,0.000000,0.314000,-0.357000,-0.393000,25667000.000000,0.000000,6.440000,1.731000,2.588000,0.000000,-553459000.000000,23436000.000000,23436000.000000,110825000.000000,-0.610000,-1.476000,-0.947000,-4.681000,11382000.000000,28400000.000000,1.000000,6300530.000000,9417069.000000,9417069.000000,2.489000,284725000.000000,0.000000,0.000000,0.000000,30.235000
MRT,2022-12-31,2022-12-31,2022-12-31,2022-Q4,180614000.000000,72611056.000000,2024-11-01,102000.000000,244486000.000000,201881500.000000,211392000.000000,33094000.000000,0.074000,10.112000,-1241000.000000,170553000.000000,170553000.000000,0.000000,-94654000.000000,6.868000,0.914000,63571000.000000,2071000.000000,61500000.000000,63571000.000000,4330000.000000,2967000.000000,0.000000,0.000000,0.000000,-90520000.000000,-87553000.000000,-5.884000,-87553000.000000,-90520000.000000,-94654000.000000,-7.490000,-7.490000,-7.490000,127736000.000000,87667000.000000,127736000.000000,-38035944.000000,0.000000,0.434000,-124306000.000000,-9.841000,1.000000,14880000.000000,1.000000,0.000000,4134000.000000,106726000.000000,112213750.000000,0.000000,34837000.000000,34837000.000000,0.000000,116750000.000000,30778000.000000,85972000.000000,75165000.000000,0.000000,119898000.000000,-591000.000000,0.000000,131045000.000000,67185000.000000,68426000.000000,-123065000.000000,0.000000,-94654000.000000,-94654000.000000,-94654000.000000,0.000000,0.000000,-6.361000,150753000.000000,-135873000.000000,6411000.000000,0.000000,0.568000,-0.767000,-0.479000,24660000.000000,0.000000,3.590000,4.880000,3.048000,1694000.000000,-558233000.000000,14880000.000000,14880000.000000,111944000.000000,-0.469000,-1.080000,-0.807000,-6.083000,11410000.000000,29299000.000000,1.000000,20225921.000000,12631968.000000,12631968.000000,1.178000,244486000.000000,0.000000,0.000000,0.000000,19.355000
MRT,2023-03-31,2023-03-31,2023-03-31,2023-Q1,150093000.000000,54202119.000000,2024-11-01,263000.000000,205323000.000000,215192000.000000,173644000.000000,31679000.000000,0.057000,3.834000,-1348000.000000,107851000.000000,107851000.000000,0.000000,-93297000.000000,7.373000,0.923000,63174000.000000,3762000.000000,59412000.000000,63174000.000000,3245000.000000,2924000.000000,0.000000,0.000000,0.000000,-88922000.000000,-85998000.000000,-6.954000,-85998000.000000,-88922000.000000,-93297000.000000,-5.020000,-5.020000,-5.020000,106753000.000000,98669750.000000,106753000.000000,-52779881.000000,1.000000,0.614000,-131297000.000000,-4.716000,1.000000,12367000.000000,1.000000,0.000000,4375000.000000,137095000.000000,117307000.000000,0.000000,61038000.000000,61038000.000000,0.000000,98570000.000000,23551000.000000,75019000.000000,35190000.000000,0.000000,119897000.000000,-574000.000000,0.000000,131085000.000000,34054000.000000,35402000.000000,-129949000.000000,0.000000,-93297000.000000,-93297000.000000,-93297000.000000,0.000000,0.000000,-7.544000,154799000.000000,-142432000.000000,2795000.000000,0.000000,0.508000,-0.581000,-0.532000,23946000.000000,0.000000,2.670000,4.383000,6.011000,1765000.000000,-582022000.000000,12367000.000000,12367000.000000,115534000.000000,-0.434000,-0.946000,-0.758000,-7.190000,11192000.000000,29755000.000000,1.000000,20300419.000000,27842218.000000,27842218.000000,0.444000,205323000.000000,0.000000,0.000000,0.000000,7.375000
MRT,2023-06-30,2023-06-30,2023-06-30,2023-Q2,124255000.000000,64875834.000000,2024-11-01,49000.000000,180982000.000000,228879000.000000,152630000.000000,28352000.000000,0.039000,2.624000,-1236000.000000,118528000.000000,118528000.000000,0.000000,-95074000.000000,5.379000,1.471000,62825000.000000,2169000.000000,60656000.000000,62825000.000000,2185000.000000,2851000.000000,0.000000,0.000000,0.000000,-90402000.000000,-87551000.000000,-9.811000,-87551000.000000,-90402000.000000,-95074000.000000,-0.920000,-0.920000,-0.920000,73239000.000000,109224750.000000,73239000.000000,20198834.000000,0.000000,-0.231000,-127393000.000000,-4.564000,1.000000,8924000.000000,1.000000,0.000000,4672000.000000,96904000.000000,119094750.000000,0.000000,28540000.000000,28540000.000000,0.000000,107743000.000000,28375000.000000,79368000.000000,56378000.000000,0.000000,119933000.000000,-506000.000000,0.000000,131448000.000000,51088000.000000,52324000.000000,-126157000.000000,0.000000,-95074000.000000,-95074000.000000,-95074000.000000,0.000000,0.000000,-10.654000,151587000.000000,-142663000.000000,6693000.000000,0.000000,0.886000,-0.682000,-3.424000,23037000.000000,0.000000,3.150000,7.270000,9.853000,1756000.000000,-618280000.000000,8924000.000000,8924000.000000,112042000.000000,-0.415000,-0.870000,-0.759000,-10.130000,11317000.000000,30035000.000000,1.000000,20595503.000000,27913448.000000,27913448.000000,0.320000,180982000.000000,0.000000,0.000000,0.000000,6.484000
MRT,2023-09-30,2023-09-30,2023-09-30,2023-Q3,94121000.000000,81804682.000000,2024-11-01,0.000000,147795000.000000,194646500.000000,122515000.000000,25280000.000000,0.045000,1.297000,-908000.000000,115305000.000000,115305000.000000,0.000000,-104964000.000000,4.315000,3.071000,62461000.000000,3911000.000000,58550000.000000,62461000.000000,139000.000000,2743000.000000,0.000000,0.000000,0.000000,-100040000.000000,-97297000.000000,-11.063000,-97297000.000000,-100040000.000000,-104964000.000000,0.860000,0.860000,0.860000,36302000.000000,86007500.000000,36302000.000000,26101682.000000,0.000000,-0.268000,-123136000.000000,-4.399000,1.000000,8795000.000000,1.000000,0.000000,4924000.000000,66557000.000000,101820500.000000,0.000000,0.000000,0.000000,0.000000,111493000.000000,28394000.000000,83099000.000000,-59313000.000000,0.000000,-8056000.000000,-137000.000000,0.000000,-10621000.000000,73536000.000000,74444000.000000,-122228000.000000,0.000000,-104964000.000000,-104964000.000000,-104964000.000000,0.000000,0.000000,-11.935000,146640000.000000,-137845000.000000,2855000.000000,0.000000,2.253000,-0.779000,4.593000,20081000.000000,0.000000,3.950000,9.301000,12.571000,1665000.000000,-658423000.000000,8795000.000000,8795000.000000,114563000.000000,-0.539000,-1.220000,-0.983000,-11.375000,11617000.000000,29723000.000000,1.000000,20710046.000000,27990558.000000,27990558.000000,0.314000,147795000.000000,0.000000,0.000000,0.000000,5.280000
MRT,2023-12-31,2023-12-31,2023-12-31,2023-Q4,108299000.000000,164112483.000000,2024-11-01,0.000000,168174000.000000,175568500.000000,144980000.000000,23194000.000000,0.057000,0.588000,1288000.000000,141645000.000000,141645000.000000,0.000000,-164574000.000000,3.952000,9.093000,62075000.000000,8991000.000000,53084000.000000,62075000.000000,0.000000,2328000.000000,0.000000,0.000000,0.000000,-159447000.000000,-157119000.000000,-15.813000,-157119000.000000,-159447000.000000,-164574000.000000,-5.810000,-5.810000,-5.810000,16662000.000000,58239000.000000,16662000.000000,111268483.000000,-1.000000,-0.708000,-108419000.000000,-3.828000,1.000000,9936000.000000,1.000000,0.000000,5127000.000000,51923000.000000,88119750.000000,0.000000,0.000000,0.000000,0.000000,151512000.000000,36681000.000000,114831000.000000,-28908000.000000,0.000000,43527000.000000,-65000.000000,0.000000,43462000.000000,37337000.000000,36049000.000000,-109707000.000000,0.000000,-164574000.000000,-164574000.000000,-164574000.000000,0.000000,0.000000,-16.563000,138924000.000000,-128988000.000000,11544000.000000,0.000000,9.850000,-0.997000,-1.341000,19483000.000000,0.000000,7.790000,16.517000,22.208000,0.000000,-722807000.000000,9936000.000000,9936000.000000,108153000.000000,-0.937000,-2.826000,-1.809000,-16.047000,10434000.000000,28282000.000000,1.000000,21067071.000000,28325779.000000,28325779.000000,0.351000,168174000.000000,0.000000,0.000000,0.000000,5.937000
MRT,2024-03-31,2024-03-31,2024-03-31,2024-Q1,74899000.000000,141528317.000000,2024-11-01,0.000000,134728000.000000,157919750.000000,112202000.000000,22526000.000000,0.044000,0.386000,1552000.000000,85642000.000000,85642000.000000,0.000000,-144493000.000000,3.008000,7.948000,61671000.000000,14076000.000000,47595000.000000,61671000.000000,0.000000,1958000.000000,0.000000,0.000000,0.000000,-139276000.000000,-137318000.000000,-19.670000,-137318000.000000,-139276000.000000,-144493000.000000,-5.050000,-5.050000,-5.050000,15057000.000000,35315000.000000,15057000.000000,61958317.000000,0.000000,-0.451000,-102352000.000000,-2.626000,1.000000,6981000.000000,1.000000,0.000000,5217000.000000,73454000.000000,72209500.000000,0.000000,24781000.000000,24781000.000000,0.000000,119671000.000000,37303000.000000,82368000.000000,-22209000.000000,0.000000,43527000.000000,-12000.000000,0.000000,43250000.000000,38445000.000000,36893000.000000,-103904000.000000,0.000000,-144493000.000000,-144493000.000000,-144493000.000000,0.000000,0.000000,-20.698000,133678000.000000,-126697000.000000,11346000.000000,0.000000,9.400000,-0.979000,-1.059000,18857000.000000,0.000000,5.350000,20.273000,29.871000,0.000000,-726515000.000000,6981000.000000,6981000.000000,104046000.000000,-0.915000,-4.092000,-1.929000,-19.951000,9892000.000000,27143000.000000,1.000000,26453891.000000,38978046.000000,38978046.000000,0.179000,134728000.000000,0.000000,0.000000,0.000000,3.457000
MRT,2024-06-30,2024-06-30,2024-06-30,2024-Q2,60400000.000000,137918219.000000,2024-11-01,0.000000,106722000.000000,139354750.000000,84921000.000000,21801000.000000,0.030000,-0.162000,1647000.000000,81083000.000000,81083000.000000,0.000000,-131562000.000000,3.463000,-17.801000,60661000.000000,2495000.000000,58166000.000000,60661000.000000,0.000000,1636000.000000,0.000000,0.000000,0.000000,-126241000.000000,-124605000.000000,-30.040000,-124605000.000000,-126241000.000000,-131562000.000000,-4.340000,-4.340000,-4.340000,-6352000.000000,15417250.000000,-6352000.000000,113947219.000000,-1.000000,-0.914000,-109538000.000000,-2.789000,1.000000,4148000.000000,1.000000,0.000000,5321000.000000,61779000.000000,63428250.000000,0.000000,0.000000,0.000000,0.000000,113074000.000000,24521000.000000,88553000.000000,-37445000.000000,0.000000,43498000.000000,-8000.000000,0.000000,43151000.000000,30589000.000000,28942000.000000,-111185000.000000,0.000000,-131562000.000000,-131562000.000000,-131562000.000000,0.000000,0.000000,-31.717000,124261000.000000,-120113000.000000,7469000.000000,0.000000,-21.713000,-1.048000,-1.189000,18222000.000000,0.000000,5.160000,33.249000,48.850000,0.000000,-749842000.000000,4148000.000000,4148000.000000,96391000.000000,-0.944000,-8.533000,-1.990000,-30.434000,8881000.000000,25381000.000000,1.000000,26728337.000000,39269434.000000,39269434.000000,0.106000,106722000.000000,0.000000,0.000000,0.000000,2.718000
MRT,2024-09-30,2024-09-30,2024-09-30,2024-Q3,35539000.000000,57640993.000000,2024-11-01,0.000000,84995000.000000,123654750.000000,63931000.000000,21064000.000000,0.003000,-0.283000,1647000.000000,60394000.000000,60394000.000000,0.000000,-97815000.000000,2.252000,-8.641000,60226000.000000,2584000.000000,57642000.000000,60226000.000000,0.000000,1345000.000000,0.000000,0.000000,0.000000,-92485000.000000,-91140000.000000,-236.114000,-91140000.000000,-92485000.000000,-97815000.000000,-3.070000,-3.070000,-3.070000,-11123000.000000,3561000.000000,-11123000.000000,37218993.000000,0.000000,-0.408000,-98369000.000000,-2.501000,1.000000,386000.000000,1.000000,0.000000,5330000.000000,56435000.000000,60897750.000000,0.000000,0.000000,0.000000,0.000000,96118000.000000,28392000.000000,67726000.000000,-54911000.000000,0.000000,43498000.000000,-3000.000000,0.000000,43156000.000000,1949000.000000,302000.000000,-100016000.000000,0.000000,-97815000.000000,-97815000.000000,-97815000.000000,0.000000,0.000000,-253.407000,112045000.000000,-111659000.000000,9646000.000000,0.000000,-5.182000,-0.589000,-0.700000,17579000.000000,0.000000,2.150000,149.329000,219.098000,0.000000,-756238000.000000,386000.000000,386000.000000,88638000.000000,-0.791000,-27.468000,-1.519000,-239.598000,7251000.000000,23272000.000000,1.000000,26809764.000000,39335772.000000,39335772.000000,0.010000,84995000.000000,0.000000,0.000000,0.000000,2.161000
MRY,2014-12-31,2014-12-31,2014-12-31,2014-FY,59291000.000000,,2024-11-01,0.000000,61494000.000000,,60543000.000000,951000.000000,,-142.766000,-201000.000000,60463000.000000,60463000.000000,0.000000,-13431000.000000,48.357000,-3.824000,0.000000,0.000000,0.000000,0.000000,0.000000,258000.000000,0.000000,,0.000000,-13431000.000000,-13173000.000000,,-13173000.000000,-13431000.000000,-13431000.000000,-102.600000,-102.600000,-102.600000,-21772000.000000,,-21772000.000000,,,,-12170000.000000,-79.802000,1.000000,0.000000,,0.000000,0.000000,-221000.000000,,0.000000,0.000000,0.000000,0.000000,83266000.000000,1252000.000000,82014000.000000,56592000.000000,0.000000,15000.000000,0.000000,0.000000,68762000.000000,-201000.000000,0.000000,-11969000.000000,0.000000,-13431000.000000,-15642000.000000,-15642000.000000,0.000000,0.000000,,13435000.000000,-13435000.000000,928000.000000,0.000000,,,,881000.000000,2211000.000000,,,,0.000000,-23695000.000000,0.000000,0.000000,10923000.000000,,,,,937000.000000,2512000.000000,1.000000,,152502.000000,152502.000000,0.000000,61494000.000000,0.000000,0.000000,0.000000,403.235000
MRY,2015-12-31,2015-12-31,2015-12-31,2015-FY,28493000.000000,,2024-11-01,0.000000,43631000.000000,52562500.000000,36449000.000000,7182000.000000,0.006000,-242.207000,-1176000.000000,36392000.000000,36392000.000000,0.000000,-29818000.000000,4.581000,-1.910000,339000.000000,133000.000000,206000.000000,339000.000000,0.000000,602000.000000,0.000000,,0.000000,-29818000.000000,-29216000.000000,-92.164000,-29216000.000000,-29818000.000000,-29818000.000000,-175.500000,-175.500000,-175.500000,-47964000.000000,-34868000.000000,-47964000.000000,,,,-24206000.000000,-122.235000,1.000000,317000.000000,1.000000,0.000000,0.000000,-378000.000000,-299500.000000,0.000000,0.000000,0.000000,0.000000,91595000.000000,7956000.000000,83639000.000000,-24484000.000000,0.000000,-228000.000000,-50000.000000,0.000000,-278000.000000,-1176000.000000,0.000000,-23030000.000000,0.000000,-29818000.000000,-34752000.000000,-34752000.000000,0.000000,0.000000,-109.628000,30137000.000000,-29820000.000000,5035000.000000,0.000000,,,,4799000.000000,4934000.000000,,,,0.000000,-53513000.000000,317000.000000,317000.000000,24408000.000000,-0.661000,0.997000,99.559000,-94.063000,3233000.000000,5729000.000000,1.000000,,198029.000000,198029.000000,1.601000,43631000.000000,0.000000,0.000000,0.000000,220.327000
MRY,2016-12-31,2016-12-31,2016-12-31,2016-FY,75941000.000000,284306503.000000,2024-11-01,-9000.000000,91323000.000000,80876000.000000,85508000.000000,5815000.000000,0.004000,63.484000,-2322000.000000,59071000.000000,59071000.000000,0.000000,-47743000.000000,8.938000,0.133000,221000.000000,168000.000000,53000.000000,221000.000000,550000.000000,1273000.000000,0.000000,0.000000,0.000000,-47743000.000000,-46470000.000000,-146.593000,-46470000.000000,-47743000.000000,-47743000.000000,-40.500000,-40.500000,-40.500000,80602000.000000,11270000.000000,80602000.000000,190590503.000000,-4.000000,-4.101000,-42858000.000000,-33.756000,1.000000,317000.000000,1.000000,0.000000,0.000000,22906000.000000,7220250.000000,0.000000,25005000.000000,25005000.000000,0.000000,10721000.000000,9567000.000000,1154000.000000,22679000.000000,0.000000,50879000.000000,-135000.000000,0.000000,90557000.000000,-27342000.000000,-25020000.000000,-40536000.000000,0.000000,-47743000.000000,-51424000.000000,-51424000.000000,0.000000,0.000000,-162.221000,48280000.000000,-47963000.000000,2415000.000000,0.000000,3.527000,-5.529000,-3.002000,4850000.000000,3681000.000000,121.600000,896.866000,487.030000,867000.000000,-101256000.000000,317000.000000,317000.000000,37817000.000000,-0.636000,-4.563000,-6.612000,-150.609000,4234000.000000,10463000.000000,1.000000,2338047.000000,1269641.000000,1269641.000000,0.250000,91323000.000000,0.000000,0.000000,0.000000,71.928000
MRY,2017-12-31,2017-12-31,2017-12-31,2017-FY,60746000.000000,255864322.000000,2024-11-01,-42000.000000,78488000.000000,86054750.000000,73159000.000000,5329000.000000,0.013000,25.711000,-821000.000000,32398000.000000,32398000.000000,0.000000,-54010000.000000,5.894000,0.202000,53000.000000,47000.000000,6000.000000,53000.000000,0.000000,1527000.000000,0.000000,0.000000,0.000000,-54010000.000000,-52483000.000000,-47.668000,-52483000.000000,-54010000.000000,-54010000.000000,-21.300000,-21.300000,-21.300000,65324000.000000,76283250.000000,65324000.000000,213328322.000000,-4.000000,-4.065000,-45550000.000000,-17.928000,1.000000,1101000.000000,1.000000,0.000000,0.000000,33730000.000000,26406750.000000,0.000000,40134000.000000,39844000.000000,290000.000000,13164000.000000,12413000.000000,751000.000000,-26383000.000000,0.000000,34105000.000000,-168000.000000,0.000000,33937000.000000,-15591000.000000,-14770000.000000,-44729000.000000,0.000000,-54010000.000000,-54010000.000000,-54010000.000000,0.000000,0.000000,-49.055000,55787000.000000,-54686000.000000,2283000.000000,0.000000,3.917000,-4.737000,-4.568000,3938000.000000,0.000000,97.300000,232.393000,224.531000,0.000000,-155266000.000000,1101000.000000,1101000.000000,41896000.000000,-0.628000,-0.708000,-2.045000,-49.055000,4419000.000000,13891000.000000,1.000000,2629644.000000,2540684.000000,2540684.000000,0.433000,78488000.000000,0.000000,0.000000,0.000000,30.892000
MRY,2018-12-31,2018-12-31,2018-12-31,2018-FY,82205000.000000,187456144.000000,2024-11-01,-3000.000000,106766000.000000,121719750.000000,101734000.000000,5032000.000000,0.017000,24.065000,-1375000.000000,50524000.000000,50524000.000000,0.000000,-62279000.000000,5.209000,0.359000,31000.000000,9000.000000,22000.000000,31000.000000,10202000.000000,1604000.000000,0.000000,0.000000,0.000000,-62278000.000000,-60674000.000000,-29.597000,-60674000.000000,-62278000.000000,-62279000.000000,-19.100000,-19.100000,-19.100000,78586000.000000,96658500.000000,78586000.000000,143327144.000000,-2.000000,-2.362000,-41690000.000000,-12.766000,1.000000,2050000.000000,1.000000,0.000000,1000.000000,36744000.000000,25814250.000000,0.000000,50083000.000000,49793000.000000,290000.000000,28180000.000000,19529000.000000,8651000.000000,18126000.000000,0.000000,69134000.000000,-50000.000000,0.000000,69084000.000000,-10643000.000000,-9268000.000000,-40315000.000000,0.000000,-62279000.000000,-62279000.000000,-62279000.000000,0.000000,0.000000,-30.380000,66346000.000000,-64296000.000000,3309000.000000,0.000000,2.385000,-3.010000,-2.916000,3861000.000000,0.000000,55.700000,91.442000,88.729000,0.000000,-217545000.000000,2050000.000000,2050000.000000,50182000.000000,-0.512000,-0.644000,-2.413000,-30.380000,6610000.000000,16164000.000000,1.000000,3365460.000000,3265624.000000,3265624.000000,0.628000,106766000.000000,0.000000,0.000000,0.000000,32.694000
MRY,2019-12-31,2019-12-31,2019-12-31,2019-FY,90997000.000000,293268879.000000,2024-11-01,24000.000000,149978000.000000,133516000.000000,114513000.000000,35465000.000000,0.015000,19.687000,-12528000.000000,41731000.000000,41731000.000000,0.000000,-75438000.000000,4.870000,0.894000,25917000.000000,1278000.000000,24639000.000000,25917000.000000,28378000.000000,2722000.000000,0.000000,0.000000,0.000000,-75366000.000000,-72644000.000000,-36.652000,-72644000.000000,-75366000.000000,-75438000.000000,-18.800000,-18.800000,-18.800000,79184000.000000,87422750.000000,79184000.000000,280548879.000000,-4.000000,-3.862000,-72781000.000000,-18.095000,1.000000,1982000.000000,1.000000,0.000000,72000.000000,110648000.000000,81435500.000000,0.000000,53061000.000000,49975000.000000,3086000.000000,70794000.000000,23516000.000000,47278000.000000,-5997000.000000,0.000000,61557000.000000,-205000.000000,0.000000,65990000.000000,-11734000.000000,794000.000000,-60253000.000000,0.000000,-75438000.000000,-75438000.000000,-75438000.000000,0.000000,0.000000,-38.062000,79723000.000000,-77741000.000000,5853000.000000,0.000000,3.704000,-3.888000,-3.676000,31889000.000000,0.000000,69.100000,147.966000,140.230000,20000000.000000,-292983000.000000,1982000.000000,1982000.000000,58245000.000000,-0.565000,-0.863000,-0.925000,-38.025000,9839000.000000,21478000.000000,1.000000,4244123.000000,4022218.000000,4022218.000000,0.493000,149978000.000000,0.000000,0.000000,0.000000,37.287000
MRY,2020-12-31,2020-12-31,2020-12-31,2020-FY,149933000.000000,497046475.000000,2024-11-01,0.000000,213250000.000000,163950250.000000,178557000.000000,34693000.000000,0.092000,19.663000,-3336000.000000,177070000.000000,177070000.000000,0.000000,-84038000.000000,6.238000,1.355000,66213000.000000,1728000.000000,64485000.000000,66213000.000000,22086000.000000,3035000.000000,0.000000,0.000000,0.000000,-82246000.000000,-79211000.000000,-5.248000,-79211000.000000,-82246000.000000,-84038000.000000,-18.200000,-18.200000,-18.200000,90553000.000000,68860500.000000,90553000.000000,450688475.000000,-5.000000,-5.690000,-60700000.000000,-13.181000,1.000000,15093000.000000,1.000000,0.000000,1792000.000000,73769000.000000,66577500.000000,0.000000,0.000000,0.000000,0.000000,122697000.000000,28624000.000000,94073000.000000,132253000.000000,0.000000,103782000.000000,39378000.000000,0.000000,142953000.000000,46664000.000000,50000000.000000,-57364000.000000,0.000000,-84038000.000000,-84038000.000000,-84038000.000000,0.000000,0.000000,-5.568000,97390000.000000,-82297000.000000,3603000.000000,0.000000,5.489000,-5.915000,-5.962000,29641000.000000,0.000000,108.500000,32.932000,33.105000,7000.000000,-377021000.000000,15093000.000000,15093000.000000,76065000.000000,-0.513000,-1.220000,-1.235000,-5.449000,10939000.000000,21325000.000000,1.000000,4581074.000000,4605162.000000,4605162.000000,3.277000,213250000.000000,0.000000,0.000000,0.000000,46.307000
MRY,2021-12-31,2021-12-31,2021-12-31,2021-FY,105077000.000000,201947709.000000,2024-11-01,-79000.000000,182935000.000000,221334750.000000,136585000.000000,46350000.000000,0.106000,13.627000,-1245000.000000,95388000.000000,95388000.000000,0.000000,-86558000.000000,4.335000,1.147000,65191000.000000,2011000.000000,63180000.000000,65191000.000000,10181000.000000,3018000.000000,0.000000,0.000000,0.000000,-82651000.000000,-79633000.000000,-3.390000,-79633000.000000,-82651000.000000,-86558000.000000,-13.840000,-13.840000,-13.840000,85218000.000000,117783750.000000,85218000.000000,148908709.000000,-2.000000,-1.870000,-100785000.000000,-16.117000,1.000000,23488000.000000,1.000000,0.000000,3907000.000000,121230000.000000,107045000.000000,0.000000,51105000.000000,38067000.000000,13038000.000000,97717000.000000,31508000.000000,66209000.000000,-81682000.000000,0.000000,70817000.000000,-265000.000000,0.000000,70511000.000000,-52653000.000000,-51408000.000000,-99540000.000000,0.000000,-86558000.000000,-86558000.000000,-86558000.000000,0.000000,0.000000,-3.685000,122908000.000000,-99420000.000000,3692000.000000,0.000000,2.370000,-2.333000,-2.355000,27285000.000000,0.000000,32.600000,8.598000,8.679000,0.000000,-463579000.000000,23488000.000000,23488000.000000,99872000.000000,-0.391000,-0.735000,-0.772000,-3.519000,10354000.000000,23036000.000000,1.000000,6194715.000000,6253498.000000,6253498.000000,3.756000,182935000.000000,0.000000,0.000000,0.000000,29.253000
MRY,2022-12-31,2022-12-31,2022-12-31,2022-FY,180614000.000000,72611056.000000,2024-11-01,102000.000000,244486000.000000,201881500.000000,211392000.000000,33094000.000000,0.074000,10.112000,-1241000.000000,170553000.000000,170553000.000000,0.000000,-94654000.000000,6.868000,0.914000,63571000.000000,2071000.000000,61500000.000000,63571000.000000,4330000.000000,2967000.000000,0.000000,0.000000,0.000000,-90520000.000000,-87553000.000000,-5.884000,-87553000.000000,-90520000.000000,-94654000.000000,-7.490000,-7.490000,-7.490000,127736000.000000,87667000.000000,127736000.000000,-38035944.000000,0.000000,0.434000,-124306000.000000,-9.841000,1.000000,14880000.000000,1.000000,0.000000,4134000.000000,106726000.000000,112213750.000000,0.000000,34837000.000000,34837000.000000,0.000000,116750000.000000,30778000.000000,85972000.000000,75165000.000000,0.000000,119898000.000000,-591000.000000,0.000000,131045000.000000,67185000.000000,68426000.000000,-123065000.000000,0.000000,-94654000.000000,-94654000.000000,-94654000.000000,0.000000,0.000000,-6.361000,150753000.000000,-135873000.000000,6411000.000000,0.000000,0.568000,-0.767000,-0.479000,24660000.000000,0.000000,3.590000,4.880000,3.048000,1694000.000000,-558233000.000000,14880000.000000,14880000.000000,111944000.000000,-0.469000,-1.080000,-0.807000,-6.083000,11410000.000000,29299000.000000,1.000000,20225921.000000,12631968.000000,12631968.000000,1.178000,244486000.000000,0.000000,0.000000,0.000000,19.355000
MRY,2023-12-31,2023-12-31,2023-12-31,2023-FY,108299000.000000,164112483.000000,2024-11-01,0.000000,168174000.000000,175568500.000000,144980000.000000,23194000.000000,0.057000,0.588000,1288000.000000,141645000.000000,141645000.000000,0.000000,-164574000.000000,3.952000,9.093000,62075000.000000,8991000.000000,53084000.000000,62075000.000000,0.000000,2328000.000000,0.000000,0.000000,0.000000,-159447000.000000,-157119000.000000,-15.813000,-157119000.000000,-159447000.000000,-164574000.000000,-5.810000,-5.810000,-5.810000,16662000.000000,58239000.000000,16662000.000000,111268483.000000,-1.000000,-0.708000,-108419000.000000,-3.828000,1.000000,9936000.000000,1.000000,0.000000,5127000.000000,51923000.000000,88119750.000000,0.000000,0.000000,0.000000,0.000000,151512000.000000,36681000.000000,114831000.000000,-28908000.000000,0.000000,43527000.000000,-65000.000000,0.000000,43462000.000000,37337000.000000,36049000.000000,-109707000.000000,0.000000,-164574000.000000,-164574000.000000,-164574000.000000,0.000000,0.000000,-16.563000,138924000.000000,-128988000.000000,11544000.000000,0.000000,9.850000,-0.997000,-1.341000,19483000.000000,0.000000,7.790000,16.517000,22.208000,0.000000,-722807000.000000,9936000.000000,9936000.000000,108153000.000000,-0.937000,-2.826000,-1.809000,-16.047000,10434000.000000,28282000.000000,1.000000,21067071.000000,28325779.000000,28325779.000000,0.351000,168174000.000000,0.000000,0.000000,0.000000,5.937000
