dimension,calendardate,datekey,reportperiod,fiscalperiod,workingcapital,marketcap,lastupdated,accoci,assets,assetsavg,assetsc,assetsnc,assetturnover,bvps,capex,cashneq,cashnequsd,cor,consolinc,currentratio,de,debt,debtc,debtnc,debtusd,deferredrev,depamor,deposits,divyield,dps,ebit,ebitda,ebitdamargin,ebitdausd,ebitusd,ebt,eps,epsdil,epsusd,equity,equityavg,equityusd,ev,evebit,evebitda,fcf,fcfps,fxusd,gp,grossmargin,intangibles,intexp,invcap,invcapavg,inventory,investments,investmentsc,investmentsnc,liabilities,liabilitiesc,liabilitiesnc,ncf,ncfbus,ncfcommon,ncfdebt,ncfdiv,ncff,ncfi,ncfinv,ncfo,ncfx,netinc,netinccmn,netinccmnusd,netincdis,netincnci,netmargin,opex,opinc,payables,payoutratio,pb,pe,pe1,ppnenet,prefdivis,price,ps,ps1,receivables,retearn,revenue,revenueusd,rnd,roa,roe,roic,ros,sbcomp,sgna,sharefactor,sharesbas,shareswa,shareswadil,sps,tangibles,taxassets,taxexp,taxliabilities,tbvps
ARQ,2017-12-31,2018-02-28,2017-12-31,2017-Q4,38000000.000000,,2025-04-29,0.000000,3107000000.000000,,1898000000.000000,1209000000.000000,,1.569000,,477000000.000000,581494575.000000,,,1.020000,12.055000,944000000.000000,0.000000,944000000.000000,1150798488.000000,216000000.000000,,0.000000,,0.000000,,,,,,,,,,238000000.000000,,290137754.000000,,,,,,0.820000,,,162000000.000000,,1552000000.000000,,0.000000,1943000000.000000,1032000000.000000,911000000.000000,2869000000.000000,1860000000.000000,1009000000.000000,,,,,,,,,,,,,,,,,,,341000000.000000,,,,,73000000.000000,,,,,360000000.000000,-2427000000.000000,,,,,,,,,,1.000000,176976280.000000,151668769.000000,,,2945000000.000000,9000000.000000,,12000000.000000,19.417000
ARQ,2017-12-31,2018-03-23,2017-12-31,2017-Q4,38000000.000000,,2025-04-29,0.000000,3107000000.000000,,1898000000.000000,1209000000.000000,,1.569000,,477000000.000000,583971989.000000,,,1.020000,12.055000,944000000.000000,0.000000,944000000.000000,1155701379.000000,216000000.000000,,0.000000,,0.000000,,,,,,,,,,238000000.000000,,291373864.000000,,,,,,0.817000,,,162000000.000000,,1552000000.000000,,0.000000,1943000000.000000,1032000000.000000,911000000.000000,2869000000.000000,1860000000.000000,1009000000.000000,,,,,,,,,,,,,,,,,,,341000000.000000,,,,,73000000.000000,,,,,360000000.000000,-2427000000.000000,,,,,,,,,,1.000000,176976280.000000,151668769.000000,,,2945000000.000000,9000000.000000,,12000000.000000,19.417000
ARQ,2018-03-31,2018-05-02,2018-03-31,2018-Q1,-10000000.000000,30085967600.000000,2025-04-29,0.000000,3202000000.000000,,1938000000.000000,1264000000.000000,,0.960000,-7000000.000000,733000000.000000,897382532.000000,856000000.000000,-169000000.000000,0.995000,18.888000,1022000000.000000,0.000000,1022000000.000000,1251193653.000000,223000000.000000,11000000.000000,0.000000,0.000000,0.000000,-26000000.000000,-15000000.000000,-0.013000,-18363899.000000,-31830758.000000,-180000000.000000,-1.010000,-1.010000,-1.237000,161000000.000000,,197105850.000000,30439778721.000000,,,77000000.000000,0.459000,0.817000,283000000.000000,0.248000,161000000.000000,154000000.000000,1382000000.000000,,0.000000,1868000000.000000,843000000.000000,1025000000.000000,3041000000.000000,1948000000.000000,1093000000.000000,266000000.000000,0.000000,43000000.000000,0.000000,,43000000.000000,139000000.000000,150000000.000000,84000000.000000,-10000000.000000,-169000000.000000,-169000000.000000,-206899929.000000,0.000000,0.000000,-0.148000,324000000.000000,-41000000.000000,360000000.000000,0.000000,152.639000,,,68000000.000000,0.000000,170.000000,,,322000000.000000,-2596000000.000000,1139000000.000000,1394432066.000000,115000000.000000,,,,,18000000.000000,209000000.000000,1.000000,176976280.000000,167778952.000000,167778952.000000,8.311000,3041000000.000000,11000000.000000,-11000000.000000,7000000.000000,18.125000
ARQ,2018-03-31,2018-05-03,2018-03-31,2018-Q1,-10000000.000000,28383455786.000000,2025-04-29,0.000000,3202000000.000000,,1938000000.000000,1264000000.000000,,0.960000,-7000000.000000,733000000.000000,897382532.000000,856000000.000000,-169000000.000000,0.995000,18.888000,1022000000.000000,0.000000,1022000000.000000,1251193653.000000,223000000.000000,11000000.000000,0.000000,0.000000,0.000000,-26000000.000000,-15000000.000000,-0.013000,-18363899.000000,-31830758.000000,-180000000.000000,-1.010000,-1.010000,-1.237000,161000000.000000,,197105850.000000,28737266908.000000,,,77000000.000000,0.459000,0.817000,283000000.000000,0.248000,161000000.000000,154000000.000000,1382000000.000000,,0.000000,1812000000.000000,843000000.000000,969000000.000000,3041000000.000000,1948000000.000000,1093000000.000000,266000000.000000,0.000000,43000000.000000,0.000000,,43000000.000000,139000000.000000,150000000.000000,84000000.000000,-10000000.000000,-169000000.000000,-169000000.000000,-206899929.000000,0.000000,0.000000,-0.148000,324000000.000000,-41000000.000000,360000000.000000,0.000000,144.001000,,,68000000.000000,0.000000,160.380000,,,322000000.000000,-2596000000.000000,1139000000.000000,1394432066.000000,115000000.000000,,,,,18000000.000000,209000000.000000,1.000000,176976280.000000,167778952.000000,167778952.000000,8.311000,3041000000.000000,11000000.000000,-11000000.000000,7000000.000000,18.125000
ARQ,2018-06-30,2018-07-26,2018-06-30,2018-Q2,-222000000.000000,34736904238.000000,2025-04-29,0.000000,3360000000.000000,,2058000000.000000,1302000000.000000,,5.579000,-5000000.000000,810000000.000000,948477752.000000,944000000.000000,-394000000.000000,0.903000,2.363000,0.000000,0.000000,0.000000,0.000000,234000000.000000,6000000.000000,0.000000,0.000000,0.000000,-49000000.000000,-43000000.000000,-0.034000,-50351288.000000,-57377049.000000,-392000000.000000,-2.200000,-2.200000,-2.576000,999000000.000000,,1169789227.000000,33788426487.000000,,,25000000.000000,0.140000,0.854000,329000000.000000,0.258000,175000000.000000,343000000.000000,95000000.000000,,0.000000,1854000000.000000,885000000.000000,969000000.000000,2361000000.000000,2280000000.000000,81000000.000000,68000000.000000,,57000000.000000,,,55000000.000000,-17000000.000000,7000000.000000,30000000.000000,9000000.000000,-394000000.000000,-394000000.000000,-461358314.000000,0.000000,0.000000,-0.310000,419000000.000000,-90000000.000000,369000000.000000,0.000000,29.695000,,,83000000.000000,0.000000,196.280000,,,324000000.000000,-2990000000.000000,1273000000.000000,1490632319.000000,143000000.000000,,,,,23000000.000000,276000000.000000,1.000000,176976280.000000,179077124.000000,179077124.000000,8.324000,3185000000.000000,11000000.000000,2000000.000000,6000000.000000,17.786000
ARQ,2018-09-30,2018-11-01,2018-09-30,2018-Q3,-291000000.000000,24981971685.000000,2025-04-29,0.000000,4133000000.000000,,2160000000.000000,1973000000.000000,,8.831000,-49000000.000000,1095000000.000000,1244318182.000000,1010000000.000000,43000000.000000,0.881000,1.593000,0.000000,0.000000,0.000000,0.000000,240000000.000000,7000000.000000,0.000000,0.000000,0.000000,3000000.000000,10000000.000000,0.007000,11363636.000000,3409091.000000,-82000000.000000,0.240000,0.230000,0.273000,1594000000.000000,,1811363636.000000,23737653503.000000,-170.000000,-242.897000,31000000.000000,0.172000,0.880000,342000000.000000,0.253000,173000000.000000,85000000.000000,414000000.000000,,0.000000,2258000000.000000,669000000.000000,1589000000.000000,2539000000.000000,2451000000.000000,88000000.000000,285000000.000000,,50000000.000000,,,49000000.000000,156000000.000000,225000000.000000,80000000.000000,0.000000,43000000.000000,43000000.000000,48863636.000000,0.000000,0.000000,0.032000,348000000.000000,-6000000.000000,384000000.000000,0.000000,13.792000,-19.699000,-18.161000,135000000.000000,0.000000,141.160000,4.475000,4.564000,359000000.000000,-2947000000.000000,1352000000.000000,1536363636.000000,135000000.000000,,,,,24000000.000000,213000000.000000,1.000000,176976280.000000,180510524.000000,188120122.000000,8.511000,3960000000.000000,13000000.000000,-125000000.000000,5000000.000000,21.938000
ARQ,2018-12-31,2019-02-06,2018-12-31,2018-Q4,99000000.000000,23971437126.000000,2025-04-29,0.000000,4336000000.000000,,2246000000.000000,2090000000.000000,,11.565000,-65000000.000000,891000000.000000,1012500000.000000,1096000000.000000,442000000.000000,1.046000,1.071000,0.000000,0.000000,0.000000,0.000000,258000000.000000,8000000.000000,0.000000,0.000000,0.000000,483000000.000000,491000000.000000,0.328000,557954545.000000,548863636.000000,481000000.000000,2.440000,0.360000,2.773000,2094000000.000000,,2379545455.000000,22958937126.000000,49.000000,45.607000,85000000.000000,0.469000,0.880000,399000000.000000,0.267000,174000000.000000,2000000.000000,1124000000.000000,,0.000000,2561000000.000000,915000000.000000,1646000000.000000,2242000000.000000,2147000000.000000,95000000.000000,-205000000.000000,,-55000000.000000,,,-55000000.000000,-300000000.000000,-234000000.000000,150000000.000000,1000000.000000,442000000.000000,442000000.000000,502272727.000000,0.000000,0.000000,0.296000,305000000.000000,94000000.000000,427000000.000000,0.000000,10.074000,-270.447000,-270.900000,197000000.000000,0.000000,135.450000,4.011000,4.015000,400000000.000000,-2505000000.000000,1495000000.000000,1698863636.000000,100000000.000000,,,,,23000000.000000,205000000.000000,1.000000,176976280.000000,181067994.000000,190511148.000000,9.382000,4162000000.000000,10000000.000000,39000000.000000,7000000.000000,22.986000
ARQ,2018-12-31,2019-02-12,2018-12-31,2018-Q4,99000000.000000,25403045137.000000,2025-04-29,0.000000,4336000000.000000,,2246000000.000000,2090000000.000000,,11.562000,-65000000.000000,891000000.000000,1012500000.000000,1096000000.000000,442000000.000000,1.046000,1.071000,0.000000,0.000000,0.000000,0.000000,258000000.000000,8000000.000000,0.000000,0.000000,0.000000,483000000.000000,491000000.000000,0.328000,557954545.000000,548863636.000000,481000000.000000,2.520000,2.450000,2.864000,2094000000.000000,,2379545455.000000,24390545137.000000,52.000000,48.451000,85000000.000000,0.469000,0.880000,399000000.000000,0.267000,174000000.000000,2000000.000000,1124000000.000000,,0.000000,2561000000.000000,915000000.000000,1646000000.000000,2242000000.000000,2147000000.000000,95000000.000000,-205000000.000000,,-59000000.000000,,,-55000000.000000,-300000000.000000,-234000000.000000,150000000.000000,1000000.000000,442000000.000000,442000000.000000,502272727.000000,0.000000,0.000000,0.296000,305000000.000000,94000000.000000,427000000.000000,0.000000,10.676000,-286.598000,-280.920000,197000000.000000,0.000000,140.460000,4.251000,4.164000,400000000.000000,-2505000000.000000,1495000000.000000,1698863636.000000,100000000.000000,,,,,23000000.000000,205000000.000000,1.000000,180856081.000000,181111111.000000,197334659.000000,9.380000,4162000000.000000,10000000.000000,39000000.000000,7000000.000000,22.980000
ARQ,2019-03-31,2019-04-29,2019-03-31,2019-Q1,-436000000.000000,24983459029.000000,2025-04-29,0.000000,5593000000.000000,,2071000000.000000,3522000000.000000,,13.631000,-37000000.000000,966000000.000000,1097727273.000000,1138000000.000000,-142000000.000000,0.826000,1.272000,555000000.000000,0.000000,555000000.000000,630681818.000000,273000000.000000,21000000.000000,0.000000,0.000000,0.000000,-13000000.000000,8000000.000000,0.005000,9090909.000000,-14772727.000000,-169000000.000000,-0.790000,-0.790000,-0.898000,2462000000.000000,,2797727273.000000,24516413575.000000,51.000000,46.297000,172000000.000000,0.952000,0.880000,373000000.000000,0.247000,478000000.000000,156000000.000000,2197000000.000000,,0.000000,2959000000.000000,660000000.000000,2299000000.000000,3131000000.000000,2507000000.000000,624000000.000000,62000000.000000,-288000000.000000,-93000000.000000,-5000000.000000,,-98000000.000000,-49000000.000000,279000000.000000,209000000.000000,13000000.000000,-142000000.000000,-142000000.000000,-161363636.000000,0.000000,0.000000,-0.094000,420000000.000000,-47000000.000000,397000000.000000,0.000000,8.930000,-431.087000,-392.139000,665000000.000000,0.000000,138.140000,3.904000,3.899000,391000000.000000,-2665000000.000000,1511000000.000000,1717045455.000000,155000000.000000,,,,,26000000.000000,265000000.000000,1.000000,180856081.000000,180613539.000000,180613539.000000,9.507000,5115000000.000000,12000000.000000,-27000000.000000,65000000.000000,28.320000
ARQ,2019-06-30,2019-07-31,2019-06-30,2019-Q2,-641000000.000000,28021841190.000000,2025-04-29,0.000000,5113000000.000000,,1992000000.000000,3121000000.000000,,10.781000,-40000000.000000,909000000.000000,1010000000.000000,1233000000.000000,-76000000.000000,0.757000,1.629000,517000000.000000,0.000000,517000000.000000,574444444.000000,290000000.000000,20000000.000000,0.000000,0.000000,0.000000,5000000.000000,25000000.000000,0.015000,27777778.000000,5555556.000000,-59000000.000000,-0.420000,-0.420000,-0.467000,1945000000.000000,,2161111111.000000,27586285635.000000,52.000000,46.494000,50000000.000000,0.277000,0.900000,434000000.000000,0.260000,519000000.000000,64000000.000000,1569000000.000000,,0.000000,2469000000.000000,586000000.000000,1883000000.000000,3168000000.000000,2633000000.000000,535000000.000000,-58000000.000000,-36000000.000000,-137000000.000000,-4000000.000000,,-141000000.000000,-7000000.000000,72000000.000000,90000000.000000,1000000.000000,-76000000.000000,-76000000.000000,-84444444.000000,0.000000,0.000000,-0.046000,437000000.000000,-3000000.000000,440000000.000000,0.000000,12.966000,94.456000,94.861000,641000000.000000,0.000000,154.940000,4.186000,4.175000,429000000.000000,-2741000000.000000,1667000000.000000,1852222222.000000,151000000.000000,,,,,37000000.000000,286000000.000000,1.000000,180856081.000000,180409115.000000,180409115.000000,10.267000,4594000000.000000,12000000.000000,17000000.000000,6000000.000000,25.464000
ARQ,2019-09-30,2019-10-28,2019-09-30,2019-Q3,-478000000.000000,25356022556.000000,2025-04-29,0.000000,5036000000.000000,,1978000000.000000,3058000000.000000,,10.797000,-26000000.000000,877000000.000000,963736264.000000,1290000000.000000,241000000.000000,0.805000,1.593000,618000000.000000,0.000000,618000000.000000,679120879.000000,308000000.000000,22000000.000000,0.000000,0.000000,0.000000,280000000.000000,302000000.000000,0.174000,331868132.000000,307692308.000000,270000000.000000,1.340000,0.360000,1.473000,1942000000.000000,,2134065934.000000,25071407172.000000,30.000000,27.621000,45000000.000000,0.250000,0.910000,441000000.000000,0.255000,547000000.000000,10000000.000000,1774000000.000000,,0.000000,2318000000.000000,640000000.000000,1678000000.000000,3094000000.000000,2456000000.000000,638000000.000000,-59000000.000000,-7000000.000000,-80000000.000000,-4000000.000000,,-73000000.000000,-57000000.000000,-23000000.000000,71000000.000000,27000000.000000,241000000.000000,241000000.000000,264835165.000000,0.000000,0.000000,0.139000,387000000.000000,54000000.000000,519000000.000000,0.000000,11.882000,49.621000,49.643000,756000000.000000,0.000000,140.200000,3.603000,3.583000,386000000.000000,-2500000000.000000,1731000000.000000,1902197802.000000,136000000.000000,,,,,31000000.000000,251000000.000000,1.000000,180856081.000000,179863596.000000,188477554.000000,10.576000,4489000000.000000,11000000.000000,29000000.000000,9000000.000000,24.958000
ARQ,2019-12-31,2020-02-05,2019-12-31,2019-Q4,-208000000.000000,26892551616.000000,2025-04-29,0.000000,5122000000.000000,,2231000000.000000,2891000000.000000,,11.135000,-32000000.000000,1065000000.000000,1170329670.000000,1381000000.000000,-209000000.000000,0.915000,1.514000,622000000.000000,0.000000,622000000.000000,683516484.000000,319000000.000000,24000000.000000,0.000000,0.000000,0.000000,-70000000.000000,-46000000.000000,-0.025000,-50549451.000000,-76923077.000000,-173000000.000000,-1.140000,-1.140000,-1.253000,2037000000.000000,,2238461538.000000,26405738429.000000,119.000000,83.146000,171000000.000000,0.935000,0.910000,474000000.000000,0.256000,536000000.000000,103000000.000000,1704000000.000000,,0.000000,2189000000.000000,692000000.000000,1497000000.000000,3085000000.000000,2439000000.000000,646000000.000000,207000000.000000,0.000000,115000000.000000,-4000000.000000,,109000000.000000,-105000000.000000,-66000000.000000,203000000.000000,-19000000.000000,-209000000.000000,-209000000.000000,-229670330.000000,0.000000,0.000000,-0.113000,551000000.000000,-77000000.000000,549000000.000000,0.000000,12.014000,-131.571000,-129.874000,780000000.000000,0.000000,147.000000,3.618000,3.579000,402000000.000000,-2709000000.000000,1855000000.000000,2038461538.000000,173000000.000000,,,,,28000000.000000,378000000.000000,1.000000,182942528.000000,182942528.000000,182942528.000000,11.143000,4586000000.000000,13000000.000000,36000000.000000,11000000.000000,25.068000
ARQ,2019-12-31,2020-02-12,2019-12-31,2019-Q4,-208000000.000000,27110661756.000000,2025-04-29,0.000000,5122000000.000000,,2231000000.000000,2891000000.000000,,11.133000,-32000000.000000,1065000000.000000,1170329670.000000,1381000000.000000,-209000000.000000,0.915000,1.514000,622000000.000000,0.000000,622000000.000000,683516484.000000,319000000.000000,24000000.000000,0.000000,0.000000,0.000000,-70000000.000000,-46000000.000000,-0.025000,-50549451.000000,-76923077.000000,-173000000.000000,-1.160000,-1.120000,-1.275000,2037000000.000000,,2238461538.000000,26623848569.000000,120.000000,83.833000,171000000.000000,0.935000,0.910000,474000000.000000,0.256000,536000000.000000,103000000.000000,1704000000.000000,,0.000000,2189000000.000000,692000000.000000,1497000000.000000,3085000000.000000,2439000000.000000,646000000.000000,207000000.000000,0.000000,115000000.000000,-4000000.000000,,109000000.000000,-105000000.000000,-66000000.000000,203000000.000000,-19000000.000000,-209000000.000000,-209000000.000000,-229670330.000000,0.000000,0.000000,-0.113000,551000000.000000,-77000000.000000,549000000.000000,0.000000,12.111000,-132.638000,-129.944000,780000000.000000,0.000000,147.080000,3.647000,3.581000,402000000.000000,-2709000000.000000,1855000000.000000,2038461538.000000,173000000.000000,,,,,28000000.000000,378000000.000000,1.000000,184325957.000000,182964306.000000,166476522.000000,11.141000,4586000000.000000,13000000.000000,36000000.000000,11000000.000000,25.065000
ARQ,2020-03-31,2020-04-29,2020-03-31,2020-Q1,-196000000.000000,28826516353.000000,2025-04-29,0.000000,5026000000.000000,,2143000000.000000,2883000000.000000,,10.878000,-12000000.000000,951000000.000000,1033695652.000000,1376000000.000000,1000000.000000,0.916000,1.497000,624000000.000000,0.000000,624000000.000000,678260870.000000,317000000.000000,26000000.000000,0.000000,0.000000,0.000000,53000000.000000,79000000.000000,0.043000,85869565.000000,57608696.000000,41000000.000000,0.000000,-0.200000,0.000000,2013000000.000000,,2188043478.000000,28471081570.000000,98.000000,72.759000,-21000000.000000,-0.113000,0.920000,472000000.000000,0.255000,714000000.000000,12000000.000000,1646000000.000000,,0.000000,2045000000.000000,733000000.000000,1312000000.000000,3013000000.000000,2339000000.000000,674000000.000000,-116000000.000000,-137000000.000000,77000000.000000,-4000000.000000,,77000000.000000,-184000000.000000,-21000000.000000,-9000000.000000,2000000.000000,1000000.000000,1000000.000000,1086957.000000,0.000000,0.000000,0.001000,489000000.000000,-17000000.000000,547000000.000000,,13.175000,-616.753000,-651.444000,782000000.000000,0.000000,155.780000,3.735000,3.735000,363000000.000000,-2708000000.000000,1848000000.000000,2008695652.000000,162000000.000000,,,,,37000000.000000,327000000.000000,1.000000,185046324.000000,185046324.000000,185632113.000000,10.855000,4312000000.000000,9000000.000000,40000000.000000,10000000.000000,23.302000
ARQ,2020-06-30,2020-07-29,2020-06-30,2020-Q2,-495000000.000000,48916029878.000000,2025-04-29,0.000000,5534000000.000000,,2264000000.000000,3270000000.000000,,11.380000,-14000000.000000,1148000000.000000,1350588235.000000,1410000000.000000,-356000000.000000,0.821000,1.607000,612000000.000000,0.000000,612000000.000000,720000000.000000,349000000.000000,28000000.000000,0.000000,0.000000,0.000000,-161000000.000000,-133000000.000000,-0.070000,-156470588.000000,-189411765.000000,-455000000.000000,-1.910000,-1.910000,-2.247000,2123000000.000000,,2497647059.000000,48285441643.000000,402.000000,203.181000,25000000.000000,0.134000,0.850000,479000000.000000,0.254000,703000000.000000,294000000.000000,1536000000.000000,,0.000000,2361000000.000000,636000000.000000,1725000000.000000,3411000000.000000,2759000000.000000,652000000.000000,207000000.000000,0.000000,101000000.000000,-6000000.000000,,90000000.000000,78000000.000000,97000000.000000,39000000.000000,-10000000.000000,-356000000.000000,-356000000.000000,-418823529.000000,0.000000,0.000000,-0.188000,646000000.000000,-167000000.000000,555000000.000000,0.000000,19.585000,-128.726000,-130.338000,763000000.000000,0.000000,262.210000,5.678000,5.678000,361000000.000000,-3064000000.000000,1889000000.000000,2222352941.000000,267000000.000000,,,,,50000000.000000,379000000.000000,1.000000,186552877.000000,186552877.000000,186552877.000000,11.913000,4831000000.000000,17000000.000000,-99000000.000000,5000000.000000,25.896000
ARQ,2020-09-30,2020-10-29,2020-09-30,2020-Q3,-225000000.000000,50396485508.000000,2025-04-29,0.000000,5764000000.000000,,2439000000.000000,3325000000.000000,,13.058000,-17000000.000000,1182000000.000000,1390588235.000000,1486000000.000000,-101000000.000000,0.916000,1.337000,592000000.000000,0.000000,592000000.000000,696470588.000000,363000000.000000,28000000.000000,0.000000,0.000000,0.000000,-26000000.000000,2000000.000000,0.001000,2352941.000000,-30588235.000000,-116000000.000000,-0.530000,-0.580000,-0.624000,2466000000.000000,,2901176471.000000,49702367861.000000,-207.000000,-431.092000,105000000.000000,0.556000,0.850000,489000000.000000,0.248000,677000000.000000,90000000.000000,1833000000.000000,,0.000000,2530000000.000000,719000000.000000,1811000000.000000,3298000000.000000,2664000000.000000,634000000.000000,73000000.000000,0.000000,96000000.000000,-6000000.000000,,85000000.000000,-134000000.000000,-108000000.000000,122000000.000000,-39000000.000000,-101000000.000000,-101000000.000000,-118823529.000000,0.000000,0.000000,-0.051000,529000000.000000,-40000000.000000,615000000.000000,0.000000,17.371000,-64.417000,-63.363000,758000000.000000,0.000000,266.870000,5.661000,5.661000,392000000.000000,-3165000000.000000,1975000000.000000,2323529412.000000,176000000.000000,,,,,46000000.000000,353000000.000000,1.000000,188842828.000000,188842828.000000,189054064.000000,12.304000,5087000000.000000,17000000.000000,-15000000.000000,6000000.000000,26.938000
ARQ,2020-12-31,2021-02-03,2020-12-31,2020-Q4,-534000000.000000,60345025711.000000,2025-04-29,0.000000,6326000000.000000,,2366000000.000000,3960000000.000000,,14.775000,-35000000.000000,1151000000.000000,1403658537.000000,1593000000.000000,-125000000.000000,0.816000,1.255000,577000000.000000,0.000000,577000000.000000,703658537.000000,380000000.000000,29000000.000000,0.000000,0.000000,0.000000,-65000000.000000,-36000000.000000,-0.017000,-43902439.000000,-79268293.000000,-179000000.000000,-0.660000,-0.660000,-0.805000,2805000000.000000,,3420731707.000000,59645025711.000000,-246.000000,-555.783000,72000000.000000,0.379000,0.820000,575000000.000000,0.265000,833000000.000000,114000000.000000,2019000000.000000,,0.000000,2873000000.000000,596000000.000000,2277000000.000000,3521000000.000000,2900000000.000000,621000000.000000,8000000.000000,-194000000.000000,45000000.000000,-8000000.000000,,33000000.000000,-132000000.000000,99000000.000000,107000000.000000,-39000000.000000,-125000000.000000,-125000000.000000,-152439024.000000,0.000000,0.000000,-0.058000,644000000.000000,-69000000.000000,638000000.000000,0.000000,17.641000,-85.169000,-83.918000,757000000.000000,0.000000,317.250000,6.280000,6.193000,464000000.000000,-3290000000.000000,2168000000.000000,2643902439.000000,232000000.000000,,,,,43000000.000000,412000000.000000,1.000000,190212847.000000,189852424.000000,189852424.000000,13.926000,5493000000.000000,19000000.000000,-54000000.000000,9000000.000000,28.933000
ARQ,2020-12-31,2021-02-05,2020-12-31,2020-Q4,-534000000.000000,59112446462.000000,2025-04-29,0.000000,6326000000.000000,,2366000000.000000,3960000000.000000,,14.773000,-35000000.000000,1151000000.000000,1403658537.000000,1593000000.000000,-125000000.000000,0.816000,1.255000,577000000.000000,0.000000,577000000.000000,703658537.000000,380000000.000000,29000000.000000,0.000000,0.000000,0.000000,-65000000.000000,-36000000.000000,-0.017000,-43902439.000000,-79268293.000000,-179000000.000000,-0.660000,-0.660000,-0.805000,2805000000.000000,,3420731707.000000,58412446462.000000,-241.000000,-544.298000,72000000.000000,0.379000,0.820000,575000000.000000,0.265000,833000000.000000,114000000.000000,2019000000.000000,,0.000000,2873000000.000000,596000000.000000,2277000000.000000,3521000000.000000,2900000000.000000,621000000.000000,8000000.000000,-199000000.000000,45000000.000000,-8000000.000000,,33000000.000000,-132000000.000000,99000000.000000,107000000.000000,-39000000.000000,-125000000.000000,-125000000.000000,-152439024.000000,0.000000,0.000000,-0.058000,644000000.000000,-69000000.000000,638000000.000000,0.000000,17.281000,-83.429000,-82.204000,757000000.000000,0.000000,310.770000,6.151000,6.066000,464000000.000000,-3290000000.000000,2168000000.000000,2643902439.000000,232000000.000000,,,,,43000000.000000,412000000.000000,1.000000,190212847.000000,189868986.000000,189868986.000000,13.925000,5493000000.000000,19000000.000000,-54000000.000000,9000000.000000,28.930000
ARQ,2021-03-31,2021-04-28,2021-03-31,2021-Q1,781000000.000000,48944816565.000000,2025-04-29,0.000000,8037000000.000000,,3717000000.000000,4320000000.000000,,17.023000,-24000000.000000,2442000000.000000,2924550898.000000,1599000000.000000,23000000.000000,1.266000,1.477000,1816000000.000000,0.000000,1816000000.000000,2174850299.000000,424000000.000000,30000000.000000,0.000000,0.000000,0.000000,118000000.000000,148000000.000000,0.069000,177245509.000000,141317365.000000,87000000.000000,0.120000,-0.250000,0.144000,3244000000.000000,,3885029940.000000,48195115967.000000,-300.000000,-2118.049000,41000000.000000,0.215000,0.835000,548000000.000000,0.255000,913000000.000000,31000000.000000,3562000000.000000,,0.000000,3166000000.000000,644000000.000000,2522000000.000000,4793000000.000000,2936000000.000000,1857000000.000000,1201000000.000000,-59000000.000000,51000000.000000,1215000000.000000,,1250000000.000000,-114000000.000000,-25000000.000000,65000000.000000,90000000.000000,23000000.000000,23000000.000000,27544910.000000,0.000000,0.000000,0.011000,534000000.000000,14000000.000000,660000000.000000,0.000000,12.598000,-73.111000,-71.967000,789000000.000000,0.000000,256.840000,4.997000,4.997000,440000000.000000,-3267000000.000000,2147000000.000000,2571257485.000000,196000000.000000,,,,,48000000.000000,338000000.000000,1.000000,190565397.000000,190565397.000000,191815695.000000,13.493000,7124000000.000000,19000000.000000,64000000.000000,12000000.000000,37.383000
ARQ,2021-06-30,2021-07-28,2021-06-30,2021-Q2,782000000.000000,42692742301.000000,2025-04-29,0.000000,7481000000.000000,,3751000000.000000,3730000000.000000,,14.118000,-20000000.000000,2440000000.000000,2870588235.000000,1668000000.000000,-20000000.000000,1.263000,1.772000,1775000000.000000,0.000000,1775000000.000000,2088235294.000000,439000000.000000,31000000.000000,0.000000,0.000000,0.000000,33000000.000000,64000000.000000,0.027000,75294118.000000,38823529.000000,8000000.000000,-0.100000,-0.190000,-0.118000,2699000000.000000,,3175294118.000000,41910389360.000000,594.000000,200.134000,34000000.000000,0.178000,0.850000,663000000.000000,0.284000,946000000.000000,25000000.000000,2901000000.000000,,0.000000,2509000000.000000,612000000.000000,1897000000.000000,4782000000.000000,2969000000.000000,1813000000.000000,21000000.000000,-42000000.000000,26000000.000000,-8000000.000000,,6000000.000000,-39000000.000000,25000000.000000,54000000.000000,-23000000.000000,-20000000.000000,-20000000.000000,-23529412.000000,0.000000,0.000000,-0.009000,651000000.000000,12000000.000000,705000000.000000,0.000000,13.445000,-162.730000,-162.241000,792000000.000000,0.000000,223.320000,4.209000,4.209000,492000000.000000,-3287000000.000000,2331000000.000000,2742352941.000000,255000000.000000,,,,,68000000.000000,396000000.000000,1.000000,191172946.000000,191172946.000000,194084446.000000,14.345000,6535000000.000000,23000000.000000,28000000.000000,11000000.000000,34.184000
ARQ,2021-09-30,2021-10-27,2021-09-30,2021-Q3,962000000.000000,52319259281.000000,2025-04-29,0.000000,6989000000.000000,,4037000000.000000,2952000000.000000,,11.056000,-25000000.000000,2512000000.000000,2920930233.000000,1833000000.000000,2000000.000000,1.313000,2.301000,1757000000.000000,0.000000,1757000000.000000,2043023256.000000,440000000.000000,33000000.000000,0.000000,0.000000,0.000000,176000000.000000,209000000.000000,0.084000,243023256.000000,204651163.000000,162000000.000000,0.010000,-0.410000,0.012000,2117000000.000000,,2461627907.000000,51441352304.000000,169.000000,114.908000,98000000.000000,0.512000,0.860000,668000000.000000,0.267000,960000000.000000,14000000.000000,2199000000.000000,,0.000000,1815000000.000000,725000000.000000,1090000000.000000,4872000000.000000,3075000000.000000,1797000000.000000,21000000.000000,0.000000,33000000.000000,-9000000.000000,,19000000.000000,-121000000.000000,-98000000.000000,123000000.000000,51000000.000000,2000000.000000,2000000.000000,2325581.000000,0.000000,0.000000,0.001000,593000000.000000,75000000.000000,774000000.000000,0.000000,21.254000,-374.955000,-372.844000,812000000.000000,0.000000,273.130000,4.919000,4.917000,571000000.000000,-3285000000.000000,2501000000.000000,2908139535.000000,208000000.000000,,,,,57000000.000000,385000000.000000,1.000000,191554422.000000,191485473.000000,194551862.000000,15.187000,6029000000.000000,18000000.000000,160000000.000000,10000000.000000,31.485000
ARQ,2021-12-31,2022-02-02,2021-12-31,2021-Q4,1146000000.000000,36877775567.000000,2025-04-29,0.000000,7170000000.000000,,4372000000.000000,2798000000.000000,,11.039000,-16000000.000000,2744000000.000000,3118181818.000000,1977000000.000000,-39000000.000000,1.355000,2.384000,1781000000.000000,0.000000,1781000000.000000,2023863636.000000,458000000.000000,33000000.000000,0.000000,0.000000,0.000000,13000000.000000,46000000.000000,0.017000,52272727.000000,14772727.000000,-8000000.000000,-0.200000,-0.210000,-0.227000,2119000000.000000,,2407954545.000000,35783457385.000000,93.000000,67.429000,103000000.000000,0.537000,0.880000,712000000.000000,0.265000,983000000.000000,21000000.000000,1998000000.000000,,0.000000,1672000000.000000,756000000.000000,916000000.000000,5051000000.000000,3226000000.000000,1825000000.000000,181000000.000000,-14000000.000000,-1000000.000000,-10000000.000000,,-25000000.000000,87000000.000000,120000000.000000,119000000.000000,51000000.000000,-39000000.000000,-39000000.000000,-44318182.000000,0.000000,0.000000,-0.015000,719000000.000000,-7000000.000000,793000000.000000,0.000000,15.315000,-954.484000,-938.276000,809000000.000000,0.000000,191.920000,3.357000,3.342000,621000000.000000,-3220000000.000000,2689000000.000000,3055681818.000000,253000000.000000,,,,,50000000.000000,466000000.000000,1.000000,192151811.000000,191952473.000000,192144654.000000,15.919000,6187000000.000000,18000000.000000,31000000.000000,23000000.000000,32.232000
ARQ,2021-12-31,2022-02-03,2021-12-31,2021-Q4,1146000000.000000,30698173325.000000,2025-04-29,0.000000,7170000000.000000,,4372000000.000000,2798000000.000000,,11.039000,-16000000.000000,2744000000.000000,3118181818.000000,1977000000.000000,-39000000.000000,1.355000,2.384000,1781000000.000000,0.000000,1781000000.000000,2023863636.000000,458000000.000000,33000000.000000,0.000000,0.000000,0.000000,13000000.000000,46000000.000000,0.017000,52272727.000000,14772727.000000,-8000000.000000,-0.200000,-0.180000,-0.227000,2119000000.000000,,2407954545.000000,29603855144.000000,77.000000,55.785000,103000000.000000,0.537000,0.880000,712000000.000000,0.265000,983000000.000000,21000000.000000,1998000000.000000,,0.000000,1672000000.000000,756000000.000000,916000000.000000,5051000000.000000,3226000000.000000,1825000000.000000,181000000.000000,-14000000.000000,-1000000.000000,-10000000.000000,,-25000000.000000,87000000.000000,120000000.000000,119000000.000000,51000000.000000,-39000000.000000,-39000000.000000,-44318182.000000,0.000000,0.000000,-0.015000,719000000.000000,-7000000.000000,793000000.000000,0.000000,12.749000,-794.541000,-781.049000,809000000.000000,0.000000,159.760000,2.794000,2.782000,621000000.000000,-3220000000.000000,2689000000.000000,3055681818.000000,253000000.000000,,,,,50000000.000000,466000000.000000,1.000000,192151811.000000,191959663.000000,195094729.000000,15.918000,6187000000.000000,18000000.000000,31000000.000000,23000000.000000,32.231000
ARQ,2022-03-31,2022-04-27,2022-03-31,2022-Q1,1245000000.000000,18606657047.000000,2025-04-29,0.000000,7039000000.000000,,4368000000.000000,2671000000.000000,,11.155000,-10000000.000000,2721000000.000000,2957608696.000000,1990000000.000000,131000000.000000,1.399000,2.279000,1733000000.000000,0.000000,1733000000.000000,1883695652.000000,469000000.000000,37000000.000000,0.000000,0.000000,0.000000,169000000.000000,206000000.000000,0.077000,223913043.000000,183695652.000000,155000000.000000,0.680000,0.210000,0.739000,2147000000.000000,,2333695652.000000,17532744003.000000,41.000000,30.724000,27000000.000000,0.140000,0.920000,671000000.000000,0.252000,1087000000.000000,14000000.000000,1841000000.000000,,0.000000,1498000000.000000,816000000.000000,682000000.000000,4892000000.000000,3123000000.000000,1769000000.000000,-97000000.000000,-85000000.000000,41000000.000000,-10000000.000000,,22000000.000000,-156000000.000000,-55000000.000000,37000000.000000,74000000.000000,131000000.000000,131000000.000000,142391304.000000,0.000000,0.000000,0.049000,677000000.000000,-6000000.000000,695000000.000000,0.000000,7.973000,231.326000,228.042000,812000000.000000,0.000000,96.670000,1.681000,1.681000,556000000.000000,-3089000000.000000,2661000000.000000,2892391304.000000,250000000.000000,,,,,68000000.000000,427000000.000000,1.000000,192476022.000000,192476022.000000,197077256.000000,15.027000,5952000000.000000,13000000.000000,24000000.000000,13000000.000000,30.923000
ARQ,2022-06-30,2022-07-27,2022-06-30,2022-Q2,1188000000.000000,22499670012.000000,2025-04-29,0.000000,7388000000.000000,,4522000000.000000,2866000000.000000,,11.925000,-5000000.000000,2786000000.000000,2814141414.000000,2160000000.000000,-125000000.000000,1.356000,2.211000,1719000000.000000,0.000000,1719000000.000000,1736363636.000000,489000000.000000,40000000.000000,0.000000,0.000000,0.000000,-76000000.000000,-36000000.000000,-0.013000,-36363636.000000,-76767677.000000,-90000000.000000,-0.650000,-0.850000,-0.657000,2301000000.000000,,2324242424.000000,21421892234.000000,75.000000,49.900000,34000000.000000,0.176000,0.990000,704000000.000000,0.246000,1237000000.000000,14000000.000000,1750000000.000000,,0.000000,1502000000.000000,782000000.000000,720000000.000000,5087000000.000000,3334000000.000000,1753000000.000000,-38000000.000000,-114000000.000000,0.000000,-10000000.000000,,-20000000.000000,-57000000.000000,63000000.000000,39000000.000000,103000000.000000,-125000000.000000,-125000000.000000,-126262626.000000,0.000000,0.000000,-0.044000,898000000.000000,-194000000.000000,825000000.000000,0.000000,9.680000,-718.538000,-721.524000,818000000.000000,0.000000,116.610000,2.079000,2.079000,613000000.000000,-3214000000.000000,2864000000.000000,2892929293.000000,336000000.000000,,,,,105000000.000000,562000000.000000,1.000000,192948032.000000,192948032.000000,195859532.000000,14.993000,6151000000.000000,11000000.000000,35000000.000000,8000000.000000,31.879000
ARQ,2022-09-30,2022-10-26,2022-09-30,2022-Q3,1101000000.000000,16299588536.000000,2025-04-29,0.000000,7632000000.000000,,4659000000.000000,2973000000.000000,,11.565000,-5000000.000000,2851000000.000000,2795098039.000000,2286000000.000000,-166000000.000000,1.309000,2.418000,1805000000.000000,0.000000,1805000000.000000,1769607843.000000,522000000.000000,44000000.000000,0.000000,0.000000,0.000000,-126000000.000000,-82000000.000000,-0.027000,-80392157.000000,-123529412.000000,-144000000.000000,-0.860000,-0.990000,-0.843000,2233000000.000000,,2189215686.000000,15274098340.000000,-779.000000,116.266000,35000000.000000,0.181000,1.020000,750000000.000000,0.247000,1414000000.000000,18000000.000000,1614000000.000000,,0.000000,1445000000.000000,815000000.000000,630000000.000000,5399000000.000000,3558000000.000000,1841000000.000000,-90000000.000000,-107000000.000000,0.000000,-11000000.000000,,-21000000.000000,-109000000.000000,0.000000,40000000.000000,155000000.000000,-166000000.000000,-166000000.000000,-162745098.000000,0.000000,0.000000,-0.055000,978000000.000000,-228000000.000000,947000000.000000,0.000000,7.445000,-83.546000,-83.600000,835000000.000000,0.000000,84.420000,1.478000,1.478000,648000000.000000,-3379000000.000000,3036000000.000000,2976470588.000000,386000000.000000,,,,,108000000.000000,592000000.000000,1.000000,193077334.000000,193077334.000000,195988834.000000,15.416000,6218000000.000000,10000000.000000,22000000.000000,18000000.000000,32.205000
ARQ,2022-12-31,2023-02-02,2022-12-31,2022-Q4,836000000.000000,23691955981.000000,2025-04-29,0.000000,7636000000.000000,,4352000000.000000,3284000000.000000,,12.426000,-5000000.000000,2483000000.000000,2698913043.000000,2365000000.000000,-270000000.000000,1.238000,2.180000,1683000000.000000,0.000000,1683000000.000000,1829347826.000000,520000000.000000,50000000.000000,0.000000,0.000000,0.000000,-205000000.000000,-155000000.000000,-0.049000,-168478261.000000,-222826087.000000,-291000000.000000,-1.400000,-1.300000,-1.522000,2401000000.000000,,2609782609.000000,22822390764.000000,-88.000000,-313.382000,-75000000.000000,-0.388000,0.920000,801000000.000000,0.253000,1295000000.000000,86000000.000000,2025000000.000000,,0.000000,2005000000.000000,867000000.000000,1138000000.000000,5235000000.000000,3516000000.000000,1719000000.000000,-192000000.000000,0.000000,0.000000,-12000000.000000,,-21000000.000000,-101000000.000000,-97000000.000000,-70000000.000000,-176000000.000000,-270000000.000000,-270000000.000000,-293478261.000000,0.000000,0.000000,-0.085000,1032000000.000000,-231000000.000000,845000000.000000,0.000000,9.078000,-50.690000,-50.567000,765000000.000000,0.000000,122.570000,1.859000,1.855000,690000000.000000,-3647000000.000000,3166000000.000000,3441304348.000000,415000000.000000,,,,,100000000.000000,617000000.000000,1.000000,193293269.000000,193231451.000000,196142951.000000,17.809000,6341000000.000000,13000000.000000,-21000000.000000,16000000.000000,32.816000
ARQ,2023-03-31,2023-04-26,2023-03-31,2023-Q1,834000000.000000,25767034941.000000,2025-04-29,0.000000,7529000000.000000,,4293000000.000000,3236000000.000000,,12.099000,-2000000.000000,2443000000.000000,2684615385.000000,2276000000.000000,-225000000.000000,1.241000,2.215000,1702000000.000000,0.000000,1702000000.000000,1870329670.000000,524000000.000000,44000000.000000,0.000000,0.000000,0.000000,-129000000.000000,-85000000.000000,-0.028000,-93406593.000000,-141758242.000000,-206000000.000000,-1.160000,-1.160000,-1.275000,2342000000.000000,,2573626374.000000,24952749227.000000,-42.000000,-63.427000,57000000.000000,0.294000,0.910000,766000000.000000,0.252000,1270000000.000000,77000000.000000,2059000000.000000,,0.000000,2129000000.000000,995000000.000000,1134000000.000000,5187000000.000000,3459000000.000000,1728000000.000000,-14000000.000000,-7000000.000000,75000000.000000,-15000000.000000,,49000000.000000,-122000000.000000,-126000000.000000,59000000.000000,-26000000.000000,-225000000.000000,-225000000.000000,-247252747.000000,0.000000,0.000000,-0.074000,922000000.000000,-156000000.000000,850000000.000000,0.000000,10.012000,-29.832000,-29.764000,744000000.000000,0.000000,133.120000,1.937000,1.937000,555000000.000000,-3875000000.000000,3042000000.000000,3342857143.000000,435000000.000000,,,,,105000000.000000,487000000.000000,1.000000,193562462.000000,193562462.000000,193562462.000000,17.270000,6259000000.000000,16000000.000000,19000000.000000,15000000.000000,32.336000
ARQ,2023-06-30,2023-07-25,2023-06-30,2023-Q2,783000000.000000,27328624882.000000,2025-04-29,0.000000,7312000000.000000,,4329000000.000000,2983000000.000000,,10.565000,-2000000.000000,2550000000.000000,2865168539.000000,2411000000.000000,-302000000.000000,1.221000,2.560000,1689000000.000000,0.000000,1689000000.000000,1897752809.000000,536000000.000000,44000000.000000,0.000000,0.000000,0.000000,-214000000.000000,-170000000.000000,-0.054000,-191011236.000000,-240449438.000000,-241000000.000000,-1.550000,-1.550000,-1.742000,2054000000.000000,,2307865169.000000,26361209151.000000,-35.000000,-47.686000,11000000.000000,0.057000,0.890000,766000000.000000,0.241000,1253000000.000000,27000000.000000,1652000000.000000,,0.000000,1881000000.000000,866000000.000000,1015000000.000000,5258000000.000000,3546000000.000000,1712000000.000000,118000000.000000,0.000000,35000000.000000,-27000000.000000,,-8000000.000000,113000000.000000,127000000.000000,13000000.000000,-11000000.000000,-302000000.000000,-302000000.000000,-339325843.000000,0.000000,0.000000,-0.095000,1013000000.000000,-247000000.000000,893000000.000000,0.000000,11.842000,-25.257000,-25.138000,624000000.000000,0.000000,140.380000,1.958000,1.956000,632000000.000000,-4177000000.000000,3177000000.000000,3569662921.000000,453000000.000000,,,,,97000000.000000,560000000.000000,1.000000,194676057.000000,194420128.000000,194420128.000000,18.361000,6059000000.000000,23000000.000000,61000000.000000,17000000.000000,31.164000
ARQ,2023-09-30,2023-10-25,2023-09-30,2023-Q3,994000000.000000,31535760416.000000,2025-04-29,0.000000,7592000000.000000,,4695000000.000000,2897000000.000000,,10.976000,-1000000.000000,2618000000.000000,2755789474.000000,2472000000.000000,65000000.000000,1.269000,2.549000,1729000000.000000,0.000000,1729000000.000000,1820000000.000000,599000000.000000,36000000.000000,0.000000,0.000000,0.000000,87000000.000000,123000000.000000,0.037000,129473684.000000,91578947.000000,73000000.000000,0.330000,0.330000,0.347000,2139000000.000000,,2251578947.000000,30599970942.000000,-63.000000,-101.289000,210000000.000000,1.078000,0.950000,885000000.000000,0.264000,1278000000.000000,14000000.000000,1724000000.000000,,0.000000,2000000000.000000,1097000000.000000,903000000.000000,5453000000.000000,3701000000.000000,1752000000.000000,7000000.000000,0.000000,32000000.000000,-13000000.000000,,-1000000.000000,-203000000.000000,-205000000.000000,211000000.000000,58000000.000000,65000000.000000,65000000.000000,68421053.000000,0.000000,0.000000,0.019000,853000000.000000,32000000.000000,945000000.000000,0.000000,14.006000,-40.928000,-40.669000,618000000.000000,0.000000,161.820000,2.351000,2.351000,747000000.000000,-4112000000.000000,3357000000.000000,3533684211.000000,369000000.000000,,,,,85000000.000000,484000000.000000,1.000000,194881723.000000,194881723.000000,198012369.000000,18.132000,6314000000.000000,31000000.000000,8000000.000000,14000000.000000,32.399000
ARQ,2023-12-31,2024-02-08,2023-12-31,2023-Q4,1170000000.000000,47316384794.000000,2025-04-29,0.000000,8346000000.000000,,5260000000.000000,3086000000.000000,,12.869000,-1000000.000000,3114000000.000000,3348387097.000000,2691000000.000000,-70000000.000000,1.286000,2.308000,1696000000.000000,0.000000,1696000000.000000,1823655914.000000,622000000.000000,34000000.000000,0.000000,0.000000,0.000000,-29000000.000000,5000000.000000,0.001000,5376344.000000,-31182796.000000,-131000000.000000,-0.350000,-0.350000,-0.376000,2523000000.000000,,2712903226.000000,45791653611.000000,-149.000000,-335.325000,396000000.000000,2.020000,0.930000,980000000.000000,0.267000,1221000000.000000,102000000.000000,1617000000.000000,,0.000000,2315000000.000000,1100000000.000000,1215000000.000000,5823000000.000000,4090000000.000000,1733000000.000000,586000000.000000,0.000000,224000000.000000,-11000000.000000,,194000000.000000,-5000000.000000,-7000000.000000,397000000.000000,-87000000.000000,-70000000.000000,-70000000.000000,-75268817.000000,0.000000,0.000000,-0.019000,1055000000.000000,-75000000.000000,978000000.000000,0.000000,17.441000,-82.715000,-81.762000,547000000.000000,0.000000,240.010000,3.322000,3.281000,858000000.000000,-4182000000.000000,3671000000.000000,3947311828.000000,468000000.000000,,,,,34000000.000000,587000000.000000,1.000000,197143389.000000,196050405.000000,196050405.000000,20.134000,7125000000.000000,48000000.000000,-61000000.000000,20000000.000000,36.343000
ARQ,2024-03-31,2024-04-24,2024-03-31,2024-Q1,1678000000.000000,55979974700.000000,2025-04-29,0.000000,9075000000.000000,,5644000000.000000,3431000000.000000,,16.710000,-5000000.000000,3451000000.000000,3710752688.000000,2632000000.000000,197000000.000000,1.423000,1.743000,1763000000.000000,0.000000,1763000000.000000,1895698925.000000,634000000.000000,31000000.000000,0.000000,0.000000,0.000000,227000000.000000,258000000.000000,0.071000,277419355.000000,244086022.000000,174000000.000000,0.990000,0.970000,1.065000,3309000000.000000,,3558064516.000000,54164920937.000000,709.000000,233.210000,206000000.000000,1.040000,0.930000,1004000000.000000,0.276000,1235000000.000000,53000000.000000,2186000000.000000,,0.000000,2754000000.000000,1220000000.000000,1534000000.000000,5766000000.000000,3966000000.000000,1800000000.000000,299000000.000000,-7000000.000000,242000000.000000,-15000000.000000,,202000000.000000,-114000000.000000,-98000000.000000,211000000.000000,38000000.000000,197000000.000000,197000000.000000,211827957.000000,0.000000,0.000000,0.054000,836000000.000000,168000000.000000,1048000000.000000,0.000000,15.733000,-473.285000,-450.938000,498000000.000000,0.000000,281.230000,3.761000,3.742000,828000000.000000,-3985000000.000000,3636000000.000000,3909677419.000000,389000000.000000,,,,,69000000.000000,447000000.000000,1.000000,199054065.000000,198025456.000000,203773043.000000,19.743000,7840000000.000000,62000000.000000,-23000000.000000,31000000.000000,39.591000
ARQ,2024-06-30,2024-07-24,2024-06-30,2024-Q2,2285000000.000000,67290260561.000000,2025-04-29,0.000000,10146000000.000000,,6344000000.000000,3802000000.000000,,21.299000,-2000000.000000,4054000000.000000,4406521739.000000,2695000000.000000,274000000.000000,1.563000,1.382000,1795000000.000000,0.000000,1795000000.000000,1951086957.000000,657000000.000000,30000000.000000,0.000000,0.000000,0.000000,342000000.000000,372000000.000000,0.098000,404347826.000000,371739130.000000,270000000.000000,1.370000,1.330000,1.489000,4259000000.000000,,4629347826.000000,64834825779.000000,95.000000,78.691000,490000000.000000,2.451000,0.920000,1112000000.000000,0.292000,1235000000.000000,72000000.000000,2593000000.000000,,0.000000,3275000000.000000,1344000000.000000,1931000000.000000,5887000000.000000,4059000000.000000,1828000000.000000,584000000.000000,-3000000.000000,240000000.000000,-24000000.000000,,184000000.000000,-92000000.000000,-88000000.000000,492000000.000000,19000000.000000,274000000.000000,274000000.000000,297826087.000000,0.000000,0.000000,0.072000,846000000.000000,266000000.000000,1091000000.000000,0.000000,14.536000,132.848000,132.307000,465000000.000000,0.000000,336.520000,4.278000,4.278000,805000000.000000,-3711000000.000000,3807000000.000000,4138043478.000000,379000000.000000,,,,,81000000.000000,467000000.000000,1.000000,199959172.000000,199959172.000000,206119851.000000,20.694000,8911000000.000000,84000000.000000,-4000000.000000,36000000.000000,44.564000
ARQ,2024-09-30,2024-11-13,2024-09-30,2024-Q3,2897000000.000000,94210373216.000000,2025-04-29,0.000000,10553000000.000000,,7003000000.000000,3550000000.000000,,22.984000,-4000000.000000,4688000000.000000,4987234043.000000,2748000000.000000,300000000.000000,1.706000,1.278000,1786000000.000000,0.000000,1786000000.000000,1900000000.000000,680000000.000000,30000000.000000,0.000000,0.000000,0.000000,520000000.000000,550000000.000000,0.138000,585106383.000000,553191489.000000,398000000.000000,1.490000,1.450000,1.585000,4633000000.000000,,4928723404.000000,91123139174.000000,81.000000,72.283000,711000000.000000,3.527000,0.940000,1240000000.000000,0.311000,1186000000.000000,122000000.000000,2359000000.000000,,0.000000,2996000000.000000,1392000000.000000,1604000000.000000,5920000000.000000,4106000000.000000,1814000000.000000,732000000.000000,0.000000,152000000.000000,-18000000.000000,,99000000.000000,-82000000.000000,-75000000.000000,715000000.000000,-98000000.000000,300000000.000000,300000000.000000,319148936.000000,0.000000,0.000000,0.075000,786000000.000000,454000000.000000,1084000000.000000,0.000000,19.115000,126.331000,125.522000,430000000.000000,0.000000,467.370000,5.864000,5.864000,813000000.000000,-3411000000.000000,3988000000.000000,4242553191.000000,342000000.000000,,,,,63000000.000000,444000000.000000,1.000000,201575568.000000,201575568.000000,207399501.000000,21.047000,9367000000.000000,221000000.000000,98000000.000000,41000000.000000,46.469000
ARQ,2024-12-31,2025-02-05,2024-12-31,2024-Q4,3929000000.000000,127606600034.000000,2025-04-29,0.000000,12005000000.000000,,8379000000.000000,3626000000.000000,,27.227000,-6000000.000000,4781000000.000000,4980208333.000000,2874000000.000000,367000000.000000,1.883000,1.173000,2001000000.000000,0.000000,2001000000.000000,2084375000.000000,683000000.000000,30000000.000000,0.000000,0.000000,0.000000,604000000.000000,634000000.000000,0.149000,660416667.000000,629166667.000000,499000000.000000,1.810000,1.760000,1.885000,5525000000.000000,,5755208333.000000,124710766701.000000,71.000000,65.999000,877000000.000000,4.322000,0.960000,1368000000.000000,0.322000,1249000000.000000,105000000.000000,3526000000.000000,,0.000000,4302000000.000000,2667000000.000000,1635000000.000000,6480000000.000000,4450000000.000000,2030000000.000000,-71000000.000000,0.000000,299000000.000000,-12000000.000000,,244000000.000000,-1198000000.000000,-1191000000.000000,883000000.000000,164000000.000000,367000000.000000,367000000.000000,382291667.000000,0.000000,0.000000,0.087000,891000000.000000,477000000.000000,1342000000.000000,0.000000,22.172000,107.647000,105.989000,414000000.000000,0.000000,626.000000,7.816000,7.693000,845000000.000000,-3044000000.000000,4242000000.000000,4418750000.000000,376000000.000000,,,,,54000000.000000,515000000.000000,1.000000,203844409.000000,202924157.000000,209857547.000000,21.775000,10756000000.000000,214000000.000000,132000000.000000,54000000.000000,53.005000
ARQ,2025-03-31,2025-04-29,2025-03-31,2025-Q1,2889000000.000000,119994989942.000000,2025-04-29,0.000000,12687000000.000000,,8854000000.000000,3833000000.000000,,30.552000,-6000000.000000,5019000000.000000,5703409091.000000,2864000000.000000,225000000.000000,1.484000,1.031000,2102000000.000000,1654000000.000000,448000000.000000,2388636364.000000,675000000.000000,27000000.000000,0.000000,0.000000,0.000000,580000000.000000,607000000.000000,0.145000,689772727.000000,659090909.000000,328000000.000000,1.100000,1.070000,1.250000,6247000000.000000,,7098863636.000000,116680217215.000000,50.000000,47.470000,533000000.000000,2.607000,0.880000,1326000000.000000,0.316000,1199000000.000000,252000000.000000,2606000000.000000,,0.000000,4852000000.000000,2894000000.000000,1958000000.000000,6440000000.000000,5965000000.000000,475000000.000000,351000000.000000,-7000000.000000,204000000.000000,-22000000.000000,,126000000.000000,-314000000.000000,-299000000.000000,539000000.000000,-113000000.000000,225000000.000000,225000000.000000,255681818.000000,0.000000,0.000000,0.054000,817000000.000000,509000000.000000,1064000000.000000,0.000000,16.903000,90.562000,87.991000,401000000.000000,0.000000,576.940000,6.507000,6.397000,823000000.000000,-2819000000.000000,4190000000.000000,4761363636.000000,379000000.000000,,,,,42000000.000000,438000000.000000,1.000000,207985215.000000,204467927.000000,210243478.000000,23.287000,11488000000.000000,182000000.000000,103000000.000000,61000000.000000,56.185000
ART,2017-12-31,2018-02-28,2017-12-31,2017-Q4,38000000.000000,,2025-04-29,0.000000,3107000000.000000,,1898000000.000000,1209000000.000000,,1.569000,-46000000.000000,477000000.000000,581494575.000000,3241000000.000000,-1235000000.000000,1.020000,12.055000,944000000.000000,0.000000,944000000.000000,1150798488.000000,216000000.000000,54000000.000000,0.000000,,0.000000,-259000000.000000,-205000000.000000,-0.050000,-249908570.000000,-315738145.000000,-1233000000.000000,-8.140000,-8.140000,-9.923000,238000000.000000,,290137754.000000,,,,133000000.000000,0.877000,0.820000,849000000.000000,0.208000,162000000.000000,974000000.000000,1552000000.000000,,0.000000,1943000000.000000,1032000000.000000,911000000.000000,2869000000.000000,1860000000.000000,1009000000.000000,-222000000.000000,-49000000.000000,38000000.000000,-4000000.000000,0.000000,34000000.000000,-435000000.000000,-306000000.000000,179000000.000000,-56000000.000000,-1235000000.000000,-1235000000.000000,-1505546751.000000,0.000000,0.000000,-0.302000,1227000000.000000,-378000000.000000,341000000.000000,0.000000,,,,73000000.000000,0.000000,,,,360000000.000000,-2427000000.000000,4090000000.000000,4985980739.000000,396000000.000000,,,,-0.063000,65000000.000000,831000000.000000,1.000000,176976280.000000,151668769.000000,151668769.000000,32.874000,2945000000.000000,9000000.000000,2000000.000000,12000000.000000,19.417000
ART,2017-12-31,2018-03-23,2017-12-31,2017-Q4,38000000.000000,,2025-04-29,0.000000,3107000000.000000,,1898000000.000000,1209000000.000000,,1.569000,-46000000.000000,477000000.000000,583971989.000000,3241000000.000000,-1235000000.000000,1.020000,12.055000,944000000.000000,0.000000,944000000.000000,1155701379.000000,216000000.000000,54000000.000000,0.000000,,0.000000,-259000000.000000,-205000000.000000,-0.050000,-250973287.000000,-317083323.000000,-1233000000.000000,-8.140000,-8.140000,-9.965000,238000000.000000,,291373864.000000,,,,133000000.000000,0.877000,0.817000,849000000.000000,0.208000,162000000.000000,974000000.000000,1552000000.000000,,0.000000,1943000000.000000,1032000000.000000,911000000.000000,2869000000.000000,1860000000.000000,1009000000.000000,-222000000.000000,-49000000.000000,38000000.000000,-4000000.000000,0.000000,34000000.000000,-435000000.000000,-306000000.000000,179000000.000000,-56000000.000000,-1235000000.000000,-1235000000.000000,-1511961020.000000,0.000000,0.000000,-0.302000,1227000000.000000,-378000000.000000,341000000.000000,0.000000,,,,73000000.000000,0.000000,,,,360000000.000000,-2427000000.000000,4090000000.000000,5007223134.000000,396000000.000000,,,,-0.063000,65000000.000000,831000000.000000,1.000000,176976280.000000,151668769.000000,151668769.000000,33.014000,2945000000.000000,9000000.000000,2000000.000000,12000000.000000,19.417000
ART,2018-03-31,2018-05-02,2018-03-31,2018-Q1,-10000000.000000,30085967600.000000,2025-04-29,0.000000,3202000000.000000,,1938000000.000000,1264000000.000000,,0.960000,,733000000.000000,897382532.000000,,,0.995000,18.888000,1022000000.000000,0.000000,1022000000.000000,1251193653.000000,223000000.000000,,0.000000,0.000000,0.000000,,,,,,,,,,161000000.000000,,197105850.000000,30439778721.000000,,,,,0.817000,,,161000000.000000,,1382000000.000000,,0.000000,1868000000.000000,843000000.000000,1025000000.000000,3041000000.000000,1948000000.000000,1093000000.000000,,,,,,,,,,,,,,,,,,,360000000.000000,,152.639000,,,68000000.000000,,170.000000,,,322000000.000000,-2596000000.000000,,,,,,,,,,1.000000,176976280.000000,167778952.000000,,,3041000000.000000,11000000.000000,,7000000.000000,18.125000
ART,2018-03-31,2018-05-03,2018-03-31,2018-Q1,-10000000.000000,28383455786.000000,2025-04-29,0.000000,3202000000.000000,,1938000000.000000,1264000000.000000,,0.960000,,733000000.000000,897382532.000000,,,0.995000,18.888000,1022000000.000000,0.000000,1022000000.000000,1251193653.000000,223000000.000000,,0.000000,0.000000,0.000000,,,,,,,,,,161000000.000000,,197105850.000000,28737266908.000000,,,,,0.817000,,,161000000.000000,,1382000000.000000,,0.000000,1812000000.000000,843000000.000000,969000000.000000,3041000000.000000,1948000000.000000,1093000000.000000,,,,,,,,,,,,,,,,,,,360000000.000000,,144.001000,,,68000000.000000,,160.380000,,,322000000.000000,-2596000000.000000,,,,,,,,,,1.000000,176976280.000000,167778952.000000,,,3041000000.000000,11000000.000000,,7000000.000000,18.125000
ART,2018-06-30,2018-07-26,2018-06-30,2018-Q2,-222000000.000000,34736904238.000000,2025-04-29,0.000000,3360000000.000000,,2058000000.000000,1302000000.000000,,5.579000,,810000000.000000,948477752.000000,,,0.903000,2.363000,0.000000,0.000000,0.000000,0.000000,234000000.000000,,0.000000,0.000000,0.000000,,,,,,,,,,999000000.000000,,1169789227.000000,33788426487.000000,,,,,0.854000,,,175000000.000000,,95000000.000000,,0.000000,1854000000.000000,885000000.000000,969000000.000000,2361000000.000000,2280000000.000000,81000000.000000,,,,,,,,,,,,,,,,,,,369000000.000000,,29.695000,,,83000000.000000,,196.280000,,,324000000.000000,-2990000000.000000,,,,,,,,,,1.000000,176976280.000000,179077124.000000,,,3185000000.000000,11000000.000000,,6000000.000000,17.786000
ART,2018-09-30,2018-11-01,2018-09-30,2018-Q3,-291000000.000000,24981971685.000000,2025-04-29,0.000000,4133000000.000000,3450500000.000000,2160000000.000000,1973000000.000000,1.424000,8.831000,-84000000.000000,1095000000.000000,1244318182.000000,3677000000.000000,-1116000000.000000,0.881000,1.593000,0.000000,0.000000,0.000000,0.000000,240000000.000000,37000000.000000,0.000000,0.000000,0.000000,-123000000.000000,-86000000.000000,-0.018000,-97727273.000000,-139772727.000000,-1250000000.000000,-6.840000,-6.850000,-7.773000,1594000000.000000,748000000.000000,1811363636.000000,23737653503.000000,-170.000000,-242.897000,205000000.000000,1.136000,0.880000,1236000000.000000,0.252000,173000000.000000,1127000000.000000,414000000.000000,860750000.000000,0.000000,2258000000.000000,669000000.000000,1589000000.000000,2539000000.000000,2451000000.000000,88000000.000000,442000000.000000,,157000000.000000,,,154000000.000000,-1000000.000000,137000000.000000,289000000.000000,-15000000.000000,-1116000000.000000,-1116000000.000000,-1268181818.000000,0.000000,0.000000,-0.227000,1460000000.000000,-224000000.000000,384000000.000000,0.000000,13.792000,-19.699000,-18.161000,135000000.000000,0.000000,141.160000,4.475000,4.564000,359000000.000000,-2947000000.000000,4913000000.000000,5582954545.000000,516000000.000000,-0.323000,-1.492000,-0.143000,-0.025000,79000000.000000,944000000.000000,1.000000,176976280.000000,180510524.000000,188120122.000000,30.929000,3960000000.000000,13000000.000000,-134000000.000000,5000000.000000,21.938000
ART,2018-12-31,2019-02-06,2018-12-31,2018-Q4,99000000.000000,23971437126.000000,2025-04-29,0.000000,4336000000.000000,3757750000.000000,2246000000.000000,2090000000.000000,1.400000,11.820000,-125000000.000000,891000000.000000,1012500000.000000,3906000000.000000,-78000000.000000,1.046000,1.071000,0.000000,0.000000,0.000000,0.000000,258000000.000000,32000000.000000,0.000000,0.000000,0.000000,411000000.000000,443000000.000000,0.084000,503409091.000000,467045455.000000,-173000000.000000,-0.440000,-0.510000,-0.500000,2094000000.000000,1212000000.000000,2379545455.000000,22958937126.000000,49.000000,45.607000,219000000.000000,1.236000,0.880000,1353000000.000000,0.257000,174000000.000000,584000000.000000,1124000000.000000,753750000.000000,0.000000,2561000000.000000,915000000.000000,1646000000.000000,2242000000.000000,2147000000.000000,95000000.000000,414000000.000000,,91000000.000000,,,92000000.000000,-22000000.000000,157000000.000000,344000000.000000,0.000000,-78000000.000000,-78000000.000000,-88636364.000000,0.000000,0.000000,-0.015000,1396000000.000000,-43000000.000000,427000000.000000,0.000000,10.074000,-270.447000,-270.900000,197000000.000000,0.000000,135.450000,4.011000,4.015000,400000000.000000,-2505000000.000000,5259000000.000000,5976136364.000000,493000000.000000,-0.021000,-0.064000,0.545000,0.078000,88000000.000000,903000000.000000,1.000000,176976280.000000,177154405.000000,181210292.000000,33.734000,4162000000.000000,10000000.000000,-95000000.000000,7000000.000000,23.494000
ART,2018-12-31,2019-02-12,2018-12-31,2018-Q4,99000000.000000,25403045137.000000,2025-04-29,0.000000,4336000000.000000,3757750000.000000,2246000000.000000,2090000000.000000,1.400000,11.820000,-125000000.000000,891000000.000000,1012500000.000000,3906000000.000000,-78000000.000000,1.046000,1.071000,0.000000,0.000000,0.000000,0.000000,258000000.000000,32000000.000000,0.000000,0.000000,0.000000,411000000.000000,443000000.000000,0.084000,503409091.000000,467045455.000000,-173000000.000000,-0.440000,-0.510000,-0.500000,2094000000.000000,1212000000.000000,2379545455.000000,24390545137.000000,52.000000,48.451000,219000000.000000,1.236000,0.880000,1353000000.000000,0.257000,174000000.000000,584000000.000000,1124000000.000000,753750000.000000,0.000000,2561000000.000000,915000000.000000,1646000000.000000,2242000000.000000,2147000000.000000,95000000.000000,414000000.000000,0.000000,91000000.000000,0.000000,0.000000,92000000.000000,-22000000.000000,157000000.000000,344000000.000000,0.000000,-78000000.000000,-78000000.000000,-88636364.000000,0.000000,0.000000,-0.015000,1396000000.000000,-43000000.000000,427000000.000000,0.000000,10.676000,-286.598000,-280.920000,197000000.000000,0.000000,140.460000,4.251000,4.164000,400000000.000000,-2505000000.000000,5259000000.000000,5976136364.000000,493000000.000000,-0.021000,-0.064000,0.545000,0.078000,88000000.000000,903000000.000000,1.000000,180856081.000000,177154405.000000,181210292.000000,33.734000,4162000000.000000,10000000.000000,-95000000.000000,7000000.000000,23.494000
ART,2019-03-31,2019-04-29,2019-03-31,2019-Q1,-436000000.000000,24983459029.000000,2025-04-29,0.000000,5593000000.000000,4355500000.000000,2071000000.000000,3522000000.000000,1.293000,13.631000,-156000000.000000,966000000.000000,1097727273.000000,4188000000.000000,-51000000.000000,0.826000,1.272000,555000000.000000,0.000000,555000000.000000,630681818.000000,273000000.000000,42000000.000000,0.000000,0.000000,0.000000,424000000.000000,466000000.000000,0.083000,529545455.000000,481818182.000000,-162000000.000000,-0.310000,-2.400000,-0.352000,2462000000.000000,1787250000.000000,2797727273.000000,24516413575.000000,51.000000,46.297000,313000000.000000,1.733000,0.880000,1443000000.000000,0.256000,478000000.000000,586000000.000000,2197000000.000000,957500000.000000,0.000000,2959000000.000000,660000000.000000,2299000000.000000,3131000000.000000,2507000000.000000,624000000.000000,210000000.000000,,-41000000.000000,,,-49000000.000000,-210000000.000000,277000000.000000,469000000.000000,23000000.000000,-51000000.000000,-51000000.000000,-57954545.000000,0.000000,0.000000,-0.009000,1492000000.000000,-49000000.000000,397000000.000000,0.000000,8.930000,-431.087000,-392.139000,665000000.000000,0.000000,138.140000,3.904000,3.899000,391000000.000000,-2665000000.000000,5631000000.000000,6398863636.000000,533000000.000000,-0.012000,-0.029000,0.443000,0.075000,96000000.000000,959000000.000000,1.000000,180856081.000000,180613539.000000,180613539.000000,35.428000,5115000000.000000,12000000.000000,-111000000.000000,65000000.000000,28.320000
ART,2019-06-30,2019-07-31,2019-06-30,2019-Q2,-641000000.000000,28021841190.000000,2025-04-29,0.000000,5113000000.000000,4793750000.000000,1992000000.000000,3121000000.000000,1.257000,10.781000,-191000000.000000,909000000.000000,1010000000.000000,4477000000.000000,267000000.000000,0.757000,1.629000,517000000.000000,0.000000,517000000.000000,574444444.000000,290000000.000000,56000000.000000,0.000000,0.000000,0.000000,478000000.000000,534000000.000000,0.089000,593333333.000000,531111111.000000,171000000.000000,1.470000,-0.620000,1.633000,1945000000.000000,2023750000.000000,2161111111.000000,27586285635.000000,52.000000,46.494000,338000000.000000,1.874000,0.900000,1548000000.000000,0.257000,519000000.000000,307000000.000000,1569000000.000000,1326000000.000000,0.000000,2469000000.000000,586000000.000000,1883000000.000000,3168000000.000000,2633000000.000000,535000000.000000,84000000.000000,,-235000000.000000,,,-245000000.000000,-200000000.000000,342000000.000000,529000000.000000,15000000.000000,267000000.000000,267000000.000000,296666667.000000,0.000000,0.000000,0.044000,1510000000.000000,38000000.000000,440000000.000000,0.000000,12.966000,94.456000,94.861000,641000000.000000,0.000000,154.940000,4.186000,4.175000,429000000.000000,-2741000000.000000,6025000000.000000,6694444444.000000,541000000.000000,0.056000,0.132000,0.360000,0.079000,110000000.000000,969000000.000000,1.000000,180856081.000000,180409115.000000,180409115.000000,37.107000,4594000000.000000,12000000.000000,-96000000.000000,6000000.000000,25.464000
ART,2019-09-30,2019-10-28,2019-09-30,2019-Q3,-478000000.000000,25356022556.000000,2025-04-29,0.000000,5036000000.000000,5019500000.000000,1978000000.000000,3058000000.000000,1.276000,10.797000,-168000000.000000,877000000.000000,963736264.000000,4757000000.000000,465000000.000000,0.805000,1.593000,618000000.000000,0.000000,618000000.000000,679120879.000000,308000000.000000,71000000.000000,0.000000,0.000000,0.000000,755000000.000000,826000000.000000,0.129000,907692308.000000,829670330.000000,523000000.000000,2.570000,-0.490000,2.824000,1942000000.000000,2110750000.000000,2134065934.000000,25071407172.000000,30.000000,27.621000,352000000.000000,1.957000,0.910000,1647000000.000000,0.257000,547000000.000000,232000000.000000,1774000000.000000,1666000000.000000,0.000000,2318000000.000000,640000000.000000,1678000000.000000,3094000000.000000,2456000000.000000,638000000.000000,-260000000.000000,-331000000.000000,-365000000.000000,-13000000.000000,,-367000000.000000,-413000000.000000,94000000.000000,520000000.000000,42000000.000000,465000000.000000,465000000.000000,510989011.000000,0.000000,0.000000,0.073000,1549000000.000000,98000000.000000,519000000.000000,0.000000,11.882000,49.621000,49.643000,756000000.000000,0.000000,140.200000,3.603000,3.583000,386000000.000000,-2500000000.000000,6404000000.000000,7037362637.000000,542000000.000000,0.093000,0.220000,0.453000,0.118000,117000000.000000,1007000000.000000,1.000000,180856081.000000,179863596.000000,188477554.000000,39.126000,4489000000.000000,11000000.000000,58000000.000000,9000000.000000,24.958000
ART,2019-12-31,2020-02-05,2019-12-31,2019-Q4,-208000000.000000,26892551616.000000,2025-04-29,0.000000,5122000000.000000,5216000000.000000,2231000000.000000,2891000000.000000,1.297000,11.257000,-135000000.000000,1065000000.000000,1170329670.000000,5042000000.000000,-186000000.000000,0.915000,1.514000,622000000.000000,0.000000,622000000.000000,683516484.000000,319000000.000000,87000000.000000,0.000000,0.000000,0.000000,202000000.000000,289000000.000000,0.043000,317582418.000000,221978022.000000,-131000000.000000,-1.030000,-1.030000,-1.132000,2037000000.000000,2096500000.000000,2238461538.000000,26405738429.000000,119.000000,83.146000,438000000.000000,2.420000,0.910000,1722000000.000000,0.255000,536000000.000000,333000000.000000,1704000000.000000,1811000000.000000,0.000000,2189000000.000000,692000000.000000,1497000000.000000,3085000000.000000,2439000000.000000,646000000.000000,152000000.000000,-331000000.000000,-195000000.000000,-17000000.000000,,-203000000.000000,-218000000.000000,262000000.000000,573000000.000000,22000000.000000,-186000000.000000,-186000000.000000,-204395604.000000,0.000000,0.000000,-0.027000,1795000000.000000,-73000000.000000,549000000.000000,0.000000,12.014000,-131.571000,-129.874000,780000000.000000,0.000000,147.000000,3.618000,3.579000,402000000.000000,-2709000000.000000,6764000000.000000,7432967033.000000,615000000.000000,-0.036000,-0.089000,0.112000,0.030000,122000000.000000,1180000000.000000,1.000000,182942528.000000,180960579.000000,180960579.000000,41.075000,4586000000.000000,13000000.000000,55000000.000000,11000000.000000,25.343000
ART,2019-12-31,2020-02-12,2019-12-31,2019-Q4,-208000000.000000,27110661756.000000,2025-04-29,0.000000,5122000000.000000,5216000000.000000,2231000000.000000,2891000000.000000,1.297000,11.257000,-135000000.000000,1065000000.000000,1170329670.000000,5042000000.000000,-186000000.000000,0.915000,1.514000,622000000.000000,0.000000,622000000.000000,683516484.000000,319000000.000000,87000000.000000,0.000000,0.000000,0.000000,202000000.000000,289000000.000000,0.043000,317582418.000000,221978022.000000,-131000000.000000,-1.030000,-1.030000,-1.132000,2037000000.000000,2096500000.000000,2238461538.000000,26623848569.000000,120.000000,83.833000,438000000.000000,2.420000,0.910000,1722000000.000000,0.255000,536000000.000000,333000000.000000,1704000000.000000,1811000000.000000,0.000000,2189000000.000000,692000000.000000,1497000000.000000,3085000000.000000,2439000000.000000,646000000.000000,152000000.000000,-331000000.000000,-195000000.000000,-17000000.000000,0.000000,-203000000.000000,-218000000.000000,262000000.000000,573000000.000000,22000000.000000,-186000000.000000,-186000000.000000,-204395604.000000,0.000000,0.000000,-0.027000,1795000000.000000,-73000000.000000,549000000.000000,0.000000,12.111000,-132.638000,-129.944000,780000000.000000,0.000000,147.080000,3.647000,3.581000,402000000.000000,-2709000000.000000,6764000000.000000,7432967033.000000,615000000.000000,-0.036000,-0.089000,0.112000,0.030000,122000000.000000,1180000000.000000,1.000000,184325957.000000,180960579.000000,180960579.000000,41.075000,4586000000.000000,13000000.000000,55000000.000000,11000000.000000,25.343000
ART,2020-03-31,2020-04-29,2020-03-31,2020-Q1,-196000000.000000,28826516353.000000,2025-04-29,0.000000,5026000000.000000,5074250000.000000,2143000000.000000,2883000000.000000,1.399000,10.878000,-110000000.000000,951000000.000000,1033695652.000000,5280000000.000000,-43000000.000000,0.916000,1.497000,624000000.000000,0.000000,624000000.000000,678260870.000000,317000000.000000,92000000.000000,0.000000,0.000000,0.000000,268000000.000000,360000000.000000,0.051000,391304348.000000,291304348.000000,79000000.000000,-0.220000,-1.400000,-0.239000,2013000000.000000,1984250000.000000,2188043478.000000,28471081570.000000,98.000000,72.759000,245000000.000000,1.324000,0.920000,1821000000.000000,0.256000,714000000.000000,189000000.000000,1646000000.000000,1673250000.000000,0.000000,2045000000.000000,733000000.000000,1312000000.000000,3013000000.000000,2339000000.000000,674000000.000000,-26000000.000000,-180000000.000000,-25000000.000000,-16000000.000000,,-28000000.000000,-353000000.000000,-38000000.000000,355000000.000000,11000000.000000,-43000000.000000,-43000000.000000,-46739130.000000,0.000000,0.000000,-0.006000,1864000000.000000,-43000000.000000,547000000.000000,0.000000,13.175000,-616.753000,-651.444000,782000000.000000,0.000000,155.780000,3.735000,3.735000,363000000.000000,-2708000000.000000,7101000000.000000,7718478261.000000,622000000.000000,-0.008000,-0.022000,0.160000,0.038000,133000000.000000,1242000000.000000,1.000000,185046324.000000,185046324.000000,185632113.000000,41.711000,4312000000.000000,9000000.000000,122000000.000000,10000000.000000,23.302000
ART,2020-06-30,2020-07-29,2020-06-30,2020-Q2,-495000000.000000,48916029878.000000,2025-04-29,0.000000,5534000000.000000,5179500000.000000,2264000000.000000,3270000000.000000,1.414000,11.380000,-84000000.000000,1148000000.000000,1350588235.000000,5457000000.000000,-323000000.000000,0.821000,1.607000,612000000.000000,0.000000,612000000.000000,720000000.000000,349000000.000000,100000000.000000,0.000000,0.000000,0.000000,102000000.000000,202000000.000000,0.028000,237647059.000000,120000000.000000,-317000000.000000,-1.710000,-2.890000,-2.012000,2123000000.000000,2028750000.000000,2497647059.000000,48285441643.000000,402.000000,203.181000,220000000.000000,1.179000,0.850000,1866000000.000000,0.255000,703000000.000000,419000000.000000,1536000000.000000,1665000000.000000,0.000000,2361000000.000000,636000000.000000,1725000000.000000,3411000000.000000,2759000000.000000,652000000.000000,239000000.000000,-144000000.000000,213000000.000000,-18000000.000000,,203000000.000000,-268000000.000000,-13000000.000000,304000000.000000,0.000000,-323000000.000000,-323000000.000000,-380000000.000000,0.000000,0.000000,-0.044000,2073000000.000000,-207000000.000000,555000000.000000,0.000000,19.585000,-128.726000,-130.338000,763000000.000000,0.000000,262.210000,5.678000,5.678000,361000000.000000,-3064000000.000000,7323000000.000000,8615294118.000000,738000000.000000,-0.062000,-0.159000,0.061000,0.014000,146000000.000000,1335000000.000000,1.000000,186552877.000000,186552877.000000,186552877.000000,46.182000,4831000000.000000,17000000.000000,6000000.000000,5000000.000000,25.896000
ART,2020-09-30,2020-10-29,2020-09-30,2020-Q3,-225000000.000000,50396485508.000000,2025-04-29,0.000000,5764000000.000000,5361500000.000000,2439000000.000000,3325000000.000000,1.411000,13.058000,-75000000.000000,1182000000.000000,1390588235.000000,5653000000.000000,-665000000.000000,0.916000,1.337000,592000000.000000,0.000000,592000000.000000,696470588.000000,363000000.000000,106000000.000000,0.000000,0.000000,0.000000,-204000000.000000,-98000000.000000,-0.013000,-115294118.000000,-240000000.000000,-703000000.000000,-3.580000,-3.830000,-4.212000,2466000000.000000,2159750000.000000,2901176471.000000,49702367861.000000,-207.000000,-431.092000,280000000.000000,1.483000,0.850000,1914000000.000000,0.253000,677000000.000000,499000000.000000,1833000000.000000,1679750000.000000,0.000000,2530000000.000000,719000000.000000,1811000000.000000,3298000000.000000,2664000000.000000,634000000.000000,371000000.000000,-137000000.000000,389000000.000000,-20000000.000000,,361000000.000000,-345000000.000000,-98000000.000000,355000000.000000,-66000000.000000,-665000000.000000,-665000000.000000,-782352941.000000,0.000000,0.000000,-0.088000,2215000000.000000,-301000000.000000,615000000.000000,0.000000,17.371000,-64.417000,-63.363000,758000000.000000,0.000000,266.870000,5.661000,5.661000,392000000.000000,-3165000000.000000,7567000000.000000,8902352941.000000,778000000.000000,-0.124000,-0.308000,-0.121000,-0.027000,161000000.000000,1437000000.000000,1.000000,188842828.000000,188842828.000000,189054064.000000,47.142000,5087000000.000000,17000000.000000,-38000000.000000,6000000.000000,26.938000
ART,2020-12-31,2021-02-03,2020-12-31,2020-Q4,-534000000.000000,60345025711.000000,2025-04-29,0.000000,6326000000.000000,5662500000.000000,2366000000.000000,3960000000.000000,1.392000,14.953000,-78000000.000000,1151000000.000000,1403658537.000000,5865000000.000000,-581000000.000000,0.816000,1.255000,577000000.000000,0.000000,577000000.000000,703658537.000000,380000000.000000,111000000.000000,0.000000,0.000000,0.000000,-199000000.000000,-88000000.000000,-0.011000,-107317073.000000,-242682927.000000,-709000000.000000,-3.100000,-3.100000,-3.780000,2805000000.000000,2351750000.000000,3420731707.000000,59645025711.000000,-246.000000,-555.783000,181000000.000000,0.965000,0.820000,2015000000.000000,0.256000,833000000.000000,510000000.000000,2019000000.000000,1758500000.000000,0.000000,2873000000.000000,596000000.000000,2277000000.000000,3521000000.000000,2900000000.000000,621000000.000000,172000000.000000,-336000000.000000,319000000.000000,-24000000.000000,,285000000.000000,-372000000.000000,67000000.000000,259000000.000000,-86000000.000000,-581000000.000000,-581000000.000000,-708536585.000000,0.000000,0.000000,-0.074000,2308000000.000000,-293000000.000000,638000000.000000,0.000000,17.641000,-85.169000,-83.918000,757000000.000000,0.000000,317.250000,6.280000,6.193000,464000000.000000,-3290000000.000000,7880000000.000000,9609756098.000000,837000000.000000,-0.103000,-0.247000,-0.113000,-0.025000,176000000.000000,1471000000.000000,1.000000,190212847.000000,187583307.000000,187583307.000000,51.229000,5493000000.000000,19000000.000000,-128000000.000000,9000000.000000,29.283000
ART,2020-12-31,2021-02-05,2020-12-31,2020-Q4,-534000000.000000,59112446462.000000,2025-04-29,0.000000,6326000000.000000,5662500000.000000,2366000000.000000,3960000000.000000,1.392000,14.953000,-78000000.000000,1151000000.000000,1403658537.000000,5865000000.000000,-581000000.000000,0.816000,1.255000,577000000.000000,0.000000,577000000.000000,703658537.000000,380000000.000000,111000000.000000,0.000000,0.000000,0.000000,-199000000.000000,-88000000.000000,-0.011000,-107317073.000000,-242682927.000000,-709000000.000000,-3.100000,-3.100000,-3.780000,2805000000.000000,2351750000.000000,3420731707.000000,58412446462.000000,-241.000000,-544.298000,181000000.000000,0.965000,0.820000,2015000000.000000,0.256000,833000000.000000,510000000.000000,2019000000.000000,1758500000.000000,0.000000,2873000000.000000,596000000.000000,2277000000.000000,3521000000.000000,2900000000.000000,621000000.000000,172000000.000000,-336000000.000000,319000000.000000,-24000000.000000,0.000000,285000000.000000,-372000000.000000,67000000.000000,259000000.000000,-86000000.000000,-581000000.000000,-581000000.000000,-708536585.000000,0.000000,0.000000,-0.074000,2308000000.000000,-293000000.000000,638000000.000000,0.000000,17.281000,-83.429000,-82.204000,757000000.000000,0.000000,310.770000,6.151000,6.066000,464000000.000000,-3290000000.000000,7880000000.000000,9609756098.000000,837000000.000000,-0.103000,-0.247000,-0.113000,-0.025000,176000000.000000,1471000000.000000,1.000000,190212847.000000,187583307.000000,187583307.000000,51.229000,5493000000.000000,19000000.000000,-128000000.000000,9000000.000000,29.283000
ART,2021-03-31,2021-04-28,2021-03-31,2021-Q1,781000000.000000,48944816565.000000,2025-04-29,0.000000,8037000000.000000,6415250000.000000,3717000000.000000,4320000000.000000,1.275000,17.023000,-90000000.000000,2442000000.000000,2924550898.000000,6088000000.000000,-559000000.000000,1.266000,1.477000,1816000000.000000,0.000000,1816000000.000000,2174850299.000000,424000000.000000,115000000.000000,0.000000,0.000000,0.000000,-134000000.000000,-19000000.000000,-0.002000,-22754491.000000,-160479042.000000,-663000000.000000,-2.980000,-3.400000,-3.569000,3244000000.000000,2659500000.000000,3885029940.000000,48195115967.000000,-300.000000,-2118.049000,243000000.000000,1.275000,0.835000,2091000000.000000,0.256000,913000000.000000,529000000.000000,3562000000.000000,2237500000.000000,0.000000,3166000000.000000,644000000.000000,2522000000.000000,4793000000.000000,2936000000.000000,1857000000.000000,1489000000.000000,-255000000.000000,293000000.000000,1195000000.000000,,1458000000.000000,-302000000.000000,63000000.000000,333000000.000000,2000000.000000,-559000000.000000,-559000000.000000,-669461078.000000,0.000000,0.000000,-0.068000,2353000000.000000,-262000000.000000,660000000.000000,0.000000,12.598000,-73.111000,-71.967000,789000000.000000,0.000000,256.840000,4.997000,4.997000,440000000.000000,-3267000000.000000,8179000000.000000,9795209581.000000,871000000.000000,-0.087000,-0.210000,-0.060000,-0.016000,187000000.000000,1482000000.000000,1.000000,190565397.000000,190565397.000000,191815695.000000,51.401000,7124000000.000000,19000000.000000,-104000000.000000,12000000.000000,37.383000
ART,2021-06-30,2021-07-28,2021-06-30,2021-Q2,782000000.000000,42692742301.000000,2025-04-29,0.000000,7481000000.000000,6902000000.000000,3751000000.000000,3730000000.000000,1.249000,14.118000,-96000000.000000,2440000000.000000,2870588235.000000,6346000000.000000,-223000000.000000,1.263000,1.772000,1775000000.000000,0.000000,1775000000.000000,2088235294.000000,439000000.000000,118000000.000000,0.000000,0.000000,0.000000,60000000.000000,178000000.000000,0.021000,209411765.000000,70588235.000000,-200000000.000000,-1.170000,-1.680000,-1.376000,2699000000.000000,2803500000.000000,3175294118.000000,41910389360.000000,594.000000,200.134000,252000000.000000,1.318000,0.850000,2275000000.000000,0.264000,946000000.000000,260000000.000000,2901000000.000000,2578750000.000000,0.000000,2509000000.000000,612000000.000000,1897000000.000000,4782000000.000000,2969000000.000000,1813000000.000000,1303000000.000000,-297000000.000000,218000000.000000,1193000000.000000,,1374000000.000000,-419000000.000000,-9000000.000000,348000000.000000,-11000000.000000,-223000000.000000,-223000000.000000,-262352941.000000,0.000000,0.000000,-0.026000,2358000000.000000,-83000000.000000,705000000.000000,0.000000,13.445000,-162.730000,-162.241000,792000000.000000,0.000000,223.320000,4.209000,4.209000,492000000.000000,-3287000000.000000,8621000000.000000,10142352941.000000,859000000.000000,-0.032000,-0.080000,0.023000,0.007000,205000000.000000,1499000000.000000,1.000000,191172946.000000,191172946.000000,194084446.000000,53.053000,6535000000.000000,23000000.000000,23000000.000000,11000000.000000,34.184000
ART,2021-09-30,2021-10-27,2021-09-30,2021-Q3,962000000.000000,52319259281.000000,2025-04-29,0.000000,6989000000.000000,7208250000.000000,4037000000.000000,2952000000.000000,1.269000,11.056000,-104000000.000000,2512000000.000000,2920930233.000000,6693000000.000000,-120000000.000000,1.313000,2.301000,1757000000.000000,0.000000,1757000000.000000,2043023256.000000,440000000.000000,123000000.000000,0.000000,0.000000,0.000000,262000000.000000,385000000.000000,0.042000,447674419.000000,304651163.000000,78000000.000000,-0.630000,-1.510000,-0.733000,2117000000.000000,2716250000.000000,2461627907.000000,51441352304.000000,169.000000,114.908000,245000000.000000,1.279000,0.860000,2454000000.000000,0.268000,960000000.000000,184000000.000000,2199000000.000000,2670250000.000000,0.000000,1815000000.000000,725000000.000000,1090000000.000000,4872000000.000000,3075000000.000000,1797000000.000000,1251000000.000000,-295000000.000000,155000000.000000,1190000000.000000,,1308000000.000000,-406000000.000000,1000000.000000,349000000.000000,79000000.000000,-120000000.000000,-120000000.000000,-139534884.000000,0.000000,0.000000,-0.013000,2422000000.000000,32000000.000000,774000000.000000,0.000000,21.254000,-374.955000,-372.844000,812000000.000000,0.000000,273.130000,4.919000,4.917000,571000000.000000,-3285000000.000000,9147000000.000000,10636046512.000000,891000000.000000,-0.017000,-0.044000,0.098000,0.029000,216000000.000000,1531000000.000000,1.000000,191554422.000000,191485473.000000,194551862.000000,55.545000,6029000000.000000,18000000.000000,198000000.000000,10000000.000000,31.485000
ART,2021-12-31,2022-02-02,2021-12-31,2021-Q4,1146000000.000000,36877775567.000000,2025-04-29,0.000000,7170000000.000000,7419250000.000000,4372000000.000000,2798000000.000000,1.303000,11.077000,-85000000.000000,2744000000.000000,3118181818.000000,7077000000.000000,-34000000.000000,1.355000,2.384000,1781000000.000000,0.000000,1781000000.000000,2023863636.000000,458000000.000000,127000000.000000,0.000000,0.000000,0.000000,340000000.000000,467000000.000000,0.048000,530681818.000000,386363636.000000,249000000.000000,-0.180000,-1.030000,-0.205000,2119000000.000000,2544750000.000000,2407954545.000000,35783457385.000000,93.000000,67.429000,276000000.000000,1.443000,0.880000,2591000000.000000,0.268000,983000000.000000,91000000.000000,1998000000.000000,2665000000.000000,0.000000,1672000000.000000,756000000.000000,916000000.000000,5051000000.000000,3226000000.000000,1825000000.000000,1424000000.000000,-115000000.000000,109000000.000000,1188000000.000000,,1250000000.000000,-187000000.000000,22000000.000000,361000000.000000,169000000.000000,-34000000.000000,-34000000.000000,-38636364.000000,0.000000,0.000000,-0.004000,2497000000.000000,94000000.000000,793000000.000000,0.000000,15.315000,-954.484000,-938.276000,809000000.000000,0.000000,191.920000,3.357000,3.342000,621000000.000000,-3220000000.000000,9668000000.000000,10986363636.000000,912000000.000000,-0.005000,-0.013000,0.128000,0.035000,223000000.000000,1585000000.000000,1.000000,192151811.000000,191298397.000000,193943455.000000,57.431000,6187000000.000000,18000000.000000,283000000.000000,23000000.000000,32.342000
ART,2021-12-31,2022-02-03,2021-12-31,2021-Q4,1146000000.000000,30698173325.000000,2025-04-29,0.000000,7170000000.000000,7419250000.000000,4372000000.000000,2798000000.000000,1.303000,11.077000,-85000000.000000,2744000000.000000,3118181818.000000,7077000000.000000,-34000000.000000,1.355000,2.384000,1781000000.000000,0.000000,1781000000.000000,2023863636.000000,458000000.000000,127000000.000000,0.000000,0.000000,0.000000,340000000.000000,467000000.000000,0.048000,530681818.000000,386363636.000000,249000000.000000,-0.180000,-1.030000,-0.205000,2119000000.000000,2544750000.000000,2407954545.000000,29603855144.000000,77.000000,55.785000,276000000.000000,1.443000,0.880000,2591000000.000000,0.268000,983000000.000000,91000000.000000,1998000000.000000,2665000000.000000,0.000000,1672000000.000000,756000000.000000,916000000.000000,5051000000.000000,3226000000.000000,1825000000.000000,1424000000.000000,-115000000.000000,109000000.000000,1188000000.000000,0.000000,1250000000.000000,-187000000.000000,22000000.000000,361000000.000000,169000000.000000,-34000000.000000,-34000000.000000,-38636364.000000,0.000000,0.000000,-0.004000,2497000000.000000,94000000.000000,793000000.000000,0.000000,12.749000,-794.541000,-781.049000,809000000.000000,0.000000,159.760000,2.794000,2.782000,621000000.000000,-3220000000.000000,9668000000.000000,10986363636.000000,912000000.000000,-0.005000,-0.013000,0.128000,0.035000,223000000.000000,1585000000.000000,1.000000,192151811.000000,191298397.000000,193943455.000000,57.431000,6187000000.000000,18000000.000000,283000000.000000,23000000.000000,32.342000
ART,2022-03-31,2022-04-27,2022-03-31,2022-Q1,1245000000.000000,18606657047.000000,2025-04-29,0.000000,7039000000.000000,7169750000.000000,4368000000.000000,2671000000.000000,1.420000,11.155000,-71000000.000000,2721000000.000000,2957608696.000000,7468000000.000000,74000000.000000,1.399000,2.279000,1733000000.000000,0.000000,1733000000.000000,1883695652.000000,469000000.000000,134000000.000000,0.000000,0.000000,0.000000,391000000.000000,525000000.000000,0.052000,570652174.000000,425000000.000000,317000000.000000,0.390000,-0.600000,0.424000,2147000000.000000,2270500000.000000,2333695652.000000,17532744003.000000,41.000000,30.724000,262000000.000000,1.361000,0.920000,2714000000.000000,0.267000,1087000000.000000,74000000.000000,1841000000.000000,2234750000.000000,0.000000,1498000000.000000,816000000.000000,682000000.000000,4892000000.000000,3123000000.000000,1769000000.000000,126000000.000000,-141000000.000000,99000000.000000,-37000000.000000,,22000000.000000,-229000000.000000,-8000000.000000,333000000.000000,153000000.000000,74000000.000000,74000000.000000,80434783.000000,0.000000,0.000000,0.007000,2640000000.000000,74000000.000000,695000000.000000,0.000000,7.973000,231.326000,228.042000,812000000.000000,0.000000,96.670000,1.681000,1.681000,556000000.000000,-3089000000.000000,10182000000.000000,11067391304.000000,966000000.000000,0.010000,0.033000,0.175000,0.038000,243000000.000000,1674000000.000000,1.000000,192476022.000000,192476022.000000,197077256.000000,57.500000,5952000000.000000,13000000.000000,243000000.000000,13000000.000000,30.923000
ART,2022-06-30,2022-07-27,2022-06-30,2022-Q2,1188000000.000000,22499670012.000000,2025-04-29,0.000000,7388000000.000000,7146500000.000000,4522000000.000000,2866000000.000000,1.499000,11.925000,-56000000.000000,2786000000.000000,2814141414.000000,7960000000.000000,-31000000.000000,1.356000,2.211000,1719000000.000000,0.000000,1719000000.000000,1736363636.000000,489000000.000000,143000000.000000,0.000000,0.000000,0.000000,282000000.000000,425000000.000000,0.040000,429292929.000000,284848485.000000,219000000.000000,-0.160000,-1.260000,-0.162000,2301000000.000000,2171000000.000000,2324242424.000000,21421892234.000000,75.000000,49.900000,262000000.000000,1.358000,0.990000,2755000000.000000,0.257000,1237000000.000000,63000000.000000,1750000000.000000,1947000000.000000,0.000000,1502000000.000000,782000000.000000,720000000.000000,5087000000.000000,3334000000.000000,1753000000.000000,67000000.000000,-213000000.000000,73000000.000000,-39000000.000000,,-4000000.000000,-247000000.000000,30000000.000000,318000000.000000,279000000.000000,-31000000.000000,-31000000.000000,-31313131.000000,0.000000,0.000000,-0.003000,2887000000.000000,-132000000.000000,825000000.000000,0.000000,9.680000,-718.538000,-721.524000,818000000.000000,0.000000,116.610000,2.079000,2.079000,613000000.000000,-3214000000.000000,10715000000.000000,10823232323.000000,1047000000.000000,-0.004000,-0.014000,0.145000,0.026000,280000000.000000,1840000000.000000,1.000000,192948032.000000,192948032.000000,195859532.000000,56.094000,6151000000.000000,11000000.000000,250000000.000000,8000000.000000,31.879000
ART,2022-09-30,2022-10-26,2022-09-30,2022-Q3,1101000000.000000,16299588536.000000,2025-04-29,0.000000,7632000000.000000,7307250000.000000,4659000000.000000,2973000000.000000,1.540000,11.565000,-36000000.000000,2851000000.000000,2795098039.000000,8413000000.000000,-199000000.000000,1.309000,2.418000,1805000000.000000,0.000000,1805000000.000000,1769607843.000000,522000000.000000,154000000.000000,0.000000,0.000000,0.000000,-20000000.000000,134000000.000000,0.012000,131372549.000000,-19607843.000000,-87000000.000000,-1.030000,-1.840000,-1.010000,2233000000.000000,2200000000.000000,2189215686.000000,15274098340.000000,-779.000000,116.266000,199000000.000000,1.031000,1.020000,2837000000.000000,0.252000,1414000000.000000,67000000.000000,1614000000.000000,1800750000.000000,0.000000,1445000000.000000,815000000.000000,630000000.000000,5399000000.000000,3558000000.000000,1841000000.000000,-44000000.000000,-320000000.000000,40000000.000000,-41000000.000000,,-44000000.000000,-235000000.000000,128000000.000000,235000000.000000,383000000.000000,-199000000.000000,-199000000.000000,-195098039.000000,0.000000,0.000000,-0.018000,3272000000.000000,-435000000.000000,947000000.000000,0.000000,7.445000,-83.546000,-83.600000,835000000.000000,0.000000,84.420000,1.478000,1.478000,648000000.000000,-3379000000.000000,11250000000.000000,11029411765.000000,1225000000.000000,-0.027000,-0.090000,-0.011000,-0.002000,331000000.000000,2047000000.000000,1.000000,193077334.000000,193077334.000000,195988834.000000,57.124000,6218000000.000000,10000000.000000,112000000.000000,18000000.000000,32.205000
ART,2022-12-31,2023-02-02,2022-12-31,2022-Q4,836000000.000000,23691955981.000000,2025-04-29,0.000000,7636000000.000000,7423750000.000000,4352000000.000000,3284000000.000000,1.580000,12.445000,-25000000.000000,2483000000.000000,2698913043.000000,8801000000.000000,-430000000.000000,1.238000,2.180000,1683000000.000000,0.000000,1683000000.000000,1829347826.000000,520000000.000000,171000000.000000,0.000000,0.000000,0.000000,-238000000.000000,-67000000.000000,-0.006000,-72826087.000000,-258695652.000000,-370000000.000000,-2.230000,-2.930000,-2.424000,2401000000.000000,2270500000.000000,2609782609.000000,22822390764.000000,-88.000000,-313.382000,21000000.000000,0.109000,0.920000,2926000000.000000,0.250000,1295000000.000000,132000000.000000,2025000000.000000,1807500000.000000,0.000000,2005000000.000000,867000000.000000,1138000000.000000,5235000000.000000,3516000000.000000,1719000000.000000,-417000000.000000,-306000000.000000,41000000.000000,-43000000.000000,0.000000,-40000000.000000,-423000000.000000,-89000000.000000,46000000.000000,156000000.000000,-430000000.000000,-430000000.000000,-467391304.000000,0.000000,0.000000,-0.037000,3585000000.000000,-659000000.000000,845000000.000000,0.000000,9.078000,-50.690000,-50.567000,765000000.000000,0.000000,122.570000,1.859000,1.855000,690000000.000000,-3647000000.000000,11727000000.000000,12746739130.000000,1387000000.000000,-0.058000,-0.189000,-0.132000,-0.020000,381000000.000000,2198000000.000000,1.000000,193293269.000000,192934862.000000,195846362.000000,66.068000,6341000000.000000,13000000.000000,60000000.000000,16000000.000000,32.866000
ART,2023-03-31,2023-04-26,2023-03-31,2023-Q1,834000000.000000,25767034941.000000,2025-04-29,0.000000,7529000000.000000,7546250000.000000,4293000000.000000,3236000000.000000,1.605000,12.099000,-17000000.000000,2443000000.000000,2684615385.000000,9087000000.000000,-786000000.000000,1.241000,2.215000,1702000000.000000,0.000000,1702000000.000000,1870329670.000000,524000000.000000,178000000.000000,0.000000,0.000000,0.000000,-536000000.000000,-358000000.000000,-0.030000,-393406593.000000,-589010989.000000,-731000000.000000,-4.070000,-4.300000,-4.473000,2342000000.000000,2319250000.000000,2573626374.000000,24952749227.000000,-42.000000,-63.427000,51000000.000000,0.263000,0.910000,3021000000.000000,0.250000,1270000000.000000,195000000.000000,2059000000.000000,1862000000.000000,0.000000,2129000000.000000,995000000.000000,1134000000.000000,5187000000.000000,3459000000.000000,1728000000.000000,-334000000.000000,-228000000.000000,75000000.000000,-48000000.000000,,-13000000.000000,-389000000.000000,-160000000.000000,68000000.000000,56000000.000000,-786000000.000000,-786000000.000000,-863736264.000000,0.000000,0.000000,-0.065000,3830000000.000000,-809000000.000000,850000000.000000,0.000000,10.012000,-29.832000,-29.764000,744000000.000000,0.000000,133.120000,1.937000,1.937000,555000000.000000,-3875000000.000000,12108000000.000000,13305494505.000000,1572000000.000000,-0.104000,-0.339000,-0.288000,-0.044000,418000000.000000,2258000000.000000,1.000000,193562462.000000,193562462.000000,193562462.000000,68.740000,6259000000.000000,16000000.000000,55000000.000000,15000000.000000,32.336000
ART,2023-06-30,2023-07-25,2023-06-30,2023-Q2,783000000.000000,27328624882.000000,2025-04-29,0.000000,7312000000.000000,7527250000.000000,4329000000.000000,2983000000.000000,1.650000,10.565000,-14000000.000000,2550000000.000000,2865168539.000000,9338000000.000000,-963000000.000000,1.221000,2.560000,1689000000.000000,0.000000,1689000000.000000,1897752809.000000,536000000.000000,182000000.000000,0.000000,0.000000,0.000000,-674000000.000000,-492000000.000000,-0.040000,-552808989.000000,-757303371.000000,-882000000.000000,-4.970000,-5.000000,-5.584000,2054000000.000000,2257500000.000000,2307865169.000000,26361209151.000000,-35.000000,-47.686000,28000000.000000,0.144000,0.890000,3083000000.000000,0.248000,1253000000.000000,208000000.000000,1652000000.000000,1837500000.000000,0.000000,1881000000.000000,866000000.000000,1015000000.000000,5258000000.000000,3546000000.000000,1712000000.000000,-178000000.000000,-114000000.000000,110000000.000000,-65000000.000000,,-1000000.000000,-219000000.000000,-96000000.000000,42000000.000000,-58000000.000000,-963000000.000000,-963000000.000000,-1082022472.000000,0.000000,0.000000,-0.078000,3945000000.000000,-862000000.000000,893000000.000000,0.000000,11.842000,-25.257000,-25.138000,624000000.000000,0.000000,140.380000,1.958000,1.956000,632000000.000000,-4177000000.000000,12421000000.000000,13956179775.000000,1689000000.000000,-0.128000,-0.427000,-0.367000,-0.054000,410000000.000000,2256000000.000000,1.000000,194676057.000000,194420128.000000,194420128.000000,71.784000,6059000000.000000,23000000.000000,81000000.000000,17000000.000000,31.164000
ART,2023-09-30,2023-10-25,2023-09-30,2023-Q3,994000000.000000,31535760416.000000,2025-04-29,0.000000,7592000000.000000,7517250000.000000,4695000000.000000,2897000000.000000,1.695000,10.976000,-10000000.000000,2618000000.000000,2755789474.000000,9524000000.000000,-732000000.000000,1.269000,2.549000,1729000000.000000,0.000000,1729000000.000000,1820000000.000000,599000000.000000,174000000.000000,0.000000,0.000000,0.000000,-461000000.000000,-287000000.000000,-0.023000,-302105263.000000,-485263158.000000,-665000000.000000,-3.780000,-3.680000,-3.979000,2139000000.000000,2234000000.000000,2251578947.000000,30599970942.000000,-63.000000,-101.289000,203000000.000000,1.042000,0.950000,3218000000.000000,0.253000,1278000000.000000,204000000.000000,1724000000.000000,1865000000.000000,0.000000,2000000000.000000,1097000000.000000,903000000.000000,5453000000.000000,3701000000.000000,1752000000.000000,-81000000.000000,-7000000.000000,142000000.000000,-67000000.000000,,19000000.000000,-313000000.000000,-301000000.000000,213000000.000000,-155000000.000000,-732000000.000000,-732000000.000000,-770526316.000000,0.000000,0.000000,-0.057000,3820000000.000000,-602000000.000000,945000000.000000,0.000000,14.006000,-40.928000,-40.669000,618000000.000000,0.000000,161.820000,2.351000,2.351000,747000000.000000,-4112000000.000000,12742000000.000000,13412631579.000000,1672000000.000000,-0.097000,-0.328000,-0.247000,-0.036000,387000000.000000,2148000000.000000,1.000000,194881723.000000,194881723.000000,198012369.000000,68.824000,6314000000.000000,31000000.000000,67000000.000000,14000000.000000,32.399000
ART,2023-12-31,2024-02-08,2023-12-31,2023-Q4,1170000000.000000,47316384794.000000,2025-04-29,0.000000,8346000000.000000,7694750000.000000,5260000000.000000,3086000000.000000,1.722000,12.956000,-6000000.000000,3114000000.000000,3348387097.000000,9850000000.000000,-532000000.000000,1.286000,2.308000,1696000000.000000,0.000000,1696000000.000000,1823655914.000000,622000000.000000,158000000.000000,0.000000,0.000000,0.000000,-285000000.000000,-127000000.000000,-0.010000,-136559140.000000,-306451613.000000,-505000000.000000,-2.730000,-2.730000,-2.935000,2523000000.000000,2264500000.000000,2712903226.000000,45791653611.000000,-149.000000,-335.325000,674000000.000000,3.461000,0.930000,3397000000.000000,0.256000,1221000000.000000,220000000.000000,1617000000.000000,1763000000.000000,0.000000,2315000000.000000,1100000000.000000,1215000000.000000,5823000000.000000,4090000000.000000,1733000000.000000,697000000.000000,-7000000.000000,366000000.000000,-66000000.000000,0.000000,234000000.000000,-217000000.000000,-211000000.000000,680000000.000000,-66000000.000000,-532000000.000000,-532000000.000000,-572043011.000000,0.000000,0.000000,-0.040000,3843000000.000000,-446000000.000000,978000000.000000,0.000000,17.441000,-82.715000,-81.762000,547000000.000000,0.000000,240.010000,3.322000,3.281000,858000000.000000,-4182000000.000000,13247000000.000000,14244086022.000000,1725000000.000000,-0.069000,-0.235000,-0.162000,-0.022000,321000000.000000,2118000000.000000,1.000000,197143389.000000,194732304.000000,194732304.000000,73.147000,7125000000.000000,48000000.000000,27000000.000000,20000000.000000,36.589000
ART,2024-03-31,2024-04-24,2024-03-31,2024-Q1,1678000000.000000,55979974700.000000,2025-04-29,0.000000,9075000000.000000,8081250000.000000,5644000000.000000,3431000000.000000,1.713000,16.710000,-9000000.000000,3451000000.000000,3710752688.000000,10206000000.000000,-110000000.000000,1.423000,1.743000,1763000000.000000,0.000000,1763000000.000000,1895698925.000000,634000000.000000,145000000.000000,0.000000,0.000000,0.000000,71000000.000000,216000000.000000,0.016000,232258065.000000,76344086.000000,-125000000.000000,-0.580000,-0.600000,-0.624000,3309000000.000000,2506250000.000000,3558064516.000000,54164920937.000000,709.000000,233.210000,823000000.000000,4.156000,0.930000,3635000000.000000,0.263000,1235000000.000000,196000000.000000,2186000000.000000,1794750000.000000,0.000000,2754000000.000000,1220000000.000000,1534000000.000000,5766000000.000000,3966000000.000000,1800000000.000000,1010000000.000000,-7000000.000000,533000000.000000,-66000000.000000,,387000000.000000,-209000000.000000,-183000000.000000,832000000.000000,-2000000.000000,-110000000.000000,-110000000.000000,-118279570.000000,0.000000,0.000000,-0.008000,3757000000.000000,-122000000.000000,1048000000.000000,0.000000,15.733000,-473.285000,-450.938000,498000000.000000,0.000000,281.230000,3.761000,3.742000,828000000.000000,-3985000000.000000,13841000000.000000,14882795699.000000,1679000000.000000,-0.014000,-0.044000,0.040000,0.005000,285000000.000000,2078000000.000000,1.000000,199054065.000000,198025456.000000,203773043.000000,75.156000,7840000000.000000,62000000.000000,-15000000.000000,31000000.000000,39.591000
ART,2024-06-30,2024-07-24,2024-06-30,2024-Q2,2285000000.000000,67290260561.000000,2025-04-29,0.000000,10146000000.000000,8789750000.000000,6344000000.000000,3802000000.000000,1.646000,21.299000,-9000000.000000,4054000000.000000,4406521739.000000,10490000000.000000,466000000.000000,1.563000,1.382000,1795000000.000000,0.000000,1795000000.000000,1951086957.000000,657000000.000000,131000000.000000,0.000000,0.000000,0.000000,627000000.000000,758000000.000000,0.052000,823913043.000000,681521739.000000,386000000.000000,2.340000,2.280000,2.543000,4259000000.000000,3057500000.000000,4629347826.000000,64834825779.000000,95.000000,78.691000,1302000000.000000,6.511000,0.920000,3981000000.000000,0.275000,1235000000.000000,241000000.000000,2593000000.000000,2030000000.000000,0.000000,3275000000.000000,1344000000.000000,1931000000.000000,5887000000.000000,4059000000.000000,1828000000.000000,1476000000.000000,-10000000.000000,738000000.000000,-63000000.000000,,579000000.000000,-414000000.000000,-398000000.000000,1311000000.000000,28000000.000000,466000000.000000,466000000.000000,506521739.000000,0.000000,0.000000,0.032000,3590000000.000000,391000000.000000,1091000000.000000,0.000000,14.536000,132.848000,132.307000,465000000.000000,0.000000,336.520000,4.278000,4.278000,805000000.000000,-3711000000.000000,14471000000.000000,15729347826.000000,1605000000.000000,0.053000,0.152000,0.309000,0.043000,269000000.000000,1985000000.000000,1.000000,199959172.000000,199959172.000000,206119851.000000,78.663000,8911000000.000000,84000000.000000,-80000000.000000,36000000.000000,44.564000
ART,2024-09-30,2024-11-13,2024-09-30,2024-Q3,2897000000.000000,94210373216.000000,2025-04-29,0.000000,10553000000.000000,9530000000.000000,7003000000.000000,3550000000.000000,1.585000,22.984000,-12000000.000000,4688000000.000000,4987234043.000000,10766000000.000000,701000000.000000,1.706000,1.278000,1786000000.000000,0.000000,1786000000.000000,1900000000.000000,680000000.000000,125000000.000000,0.000000,0.000000,0.000000,1060000000.000000,1185000000.000000,0.078000,1260638298.000000,1127659574.000000,711000000.000000,3.500000,3.400000,3.723000,4633000000.000000,3681000000.000000,4928723404.000000,91123139174.000000,81.000000,72.283000,1803000000.000000,8.945000,0.940000,4336000000.000000,0.287000,1186000000.000000,349000000.000000,2359000000.000000,2188750000.000000,0.000000,2996000000.000000,1392000000.000000,1604000000.000000,5920000000.000000,4106000000.000000,1814000000.000000,2201000000.000000,-10000000.000000,858000000.000000,-68000000.000000,,679000000.000000,-293000000.000000,-268000000.000000,1815000000.000000,-128000000.000000,701000000.000000,701000000.000000,745744681.000000,0.000000,0.000000,0.046000,3523000000.000000,813000000.000000,1084000000.000000,0.000000,19.115000,126.331000,125.522000,430000000.000000,0.000000,467.370000,5.864000,5.864000,813000000.000000,-3411000000.000000,15102000000.000000,16065957447.000000,1578000000.000000,0.074000,0.190000,0.484000,0.070000,247000000.000000,1945000000.000000,1.000000,201575568.000000,201575568.000000,207399501.000000,79.702000,9367000000.000000,221000000.000000,10000000.000000,41000000.000000,46.469000
ART,2024-12-31,2025-02-05,2024-12-31,2024-Q4,3929000000.000000,127606600034.000000,2025-04-29,0.000000,12005000000.000000,10444750000.000000,8379000000.000000,3626000000.000000,1.501000,27.539000,-17000000.000000,4781000000.000000,4980208333.000000,10949000000.000000,1138000000.000000,1.883000,1.173000,2001000000.000000,0.000000,2001000000.000000,2084375000.000000,683000000.000000,121000000.000000,0.000000,0.000000,0.000000,1693000000.000000,1814000000.000000,0.116000,1889583333.000000,1763541667.000000,1341000000.000000,5.670000,5.500000,5.906000,5525000000.000000,4431500000.000000,5755208333.000000,124710766701.000000,71.000000,65.999000,2284000000.000000,11.385000,0.960000,4724000000.000000,0.301000,1249000000.000000,352000000.000000,3526000000.000000,2666000000.000000,0.000000,4302000000.000000,2667000000.000000,1635000000.000000,6480000000.000000,4450000000.000000,2030000000.000000,1544000000.000000,-10000000.000000,933000000.000000,-69000000.000000,0.000000,729000000.000000,-1486000000.000000,-1452000000.000000,2301000000.000000,123000000.000000,1138000000.000000,1138000000.000000,1185416667.000000,0.000000,0.000000,0.073000,3359000000.000000,1365000000.000000,1342000000.000000,0.000000,22.172000,107.647000,105.989000,414000000.000000,0.000000,626.000000,7.816000,7.693000,845000000.000000,-3044000000.000000,15673000000.000000,16326041667.000000,1486000000.000000,0.109000,0.257000,0.635000,0.108000,267000000.000000,1873000000.000000,1.000000,203844409.000000,200622518.000000,206990369.000000,81.377000,10756000000.000000,214000000.000000,203000000.000000,54000000.000000,53.613000
ART,2025-03-31,2025-04-29,2025-03-31,2025-Q1,2889000000.000000,119994989942.000000,2025-04-29,0.000000,12687000000.000000,11347750000.000000,8854000000.000000,3833000000.000000,1.430000,30.552000,-18000000.000000,5019000000.000000,5703409091.000000,11181000000.000000,1166000000.000000,1.484000,1.031000,2102000000.000000,1654000000.000000,448000000.000000,2388636364.000000,675000000.000000,117000000.000000,0.000000,0.000000,0.000000,2046000000.000000,2163000000.000000,0.133000,2457954545.000000,2325000000.000000,1495000000.000000,5.770000,5.610000,6.557000,6247000000.000000,5166000000.000000,7098863636.000000,116680217215.000000,50.000000,47.470000,2611000000.000000,12.770000,0.880000,5046000000.000000,0.311000,1199000000.000000,551000000.000000,2606000000.000000,2771000000.000000,0.000000,4852000000.000000,2894000000.000000,1958000000.000000,6440000000.000000,5965000000.000000,475000000.000000,1596000000.000000,-10000000.000000,895000000.000000,-76000000.000000,,653000000.000000,-1686000000.000000,-1653000000.000000,2629000000.000000,-28000000.000000,1166000000.000000,1166000000.000000,1325000000.000000,0.000000,0.000000,0.072000,3340000000.000000,1706000000.000000,1064000000.000000,0.000000,16.903000,90.562000,87.991000,401000000.000000,0.000000,576.940000,6.507000,6.397000,823000000.000000,-2819000000.000000,16227000000.000000,18439772727.000000,1476000000.000000,0.103000,0.226000,0.738000,0.126000,240000000.000000,1864000000.000000,1.000000,207985215.000000,204467927.000000,210243478.000000,90.184000,11488000000.000000,182000000.000000,329000000.000000,61000000.000000,56.185000
ARY,2017-12-31,2018-02-28,2017-12-31,2017-FY,38000000.000000,,2025-04-29,0.000000,3107000000.000000,,1898000000.000000,1209000000.000000,,1.569000,-46000000.000000,477000000.000000,581494575.000000,3241000000.000000,-1235000000.000000,1.020000,12.055000,944000000.000000,0.000000,944000000.000000,1150798488.000000,216000000.000000,54000000.000000,0.000000,,0.000000,-259000000.000000,-205000000.000000,-0.050000,-249908570.000000,-315738145.000000,-1233000000.000000,-8.140000,-8.140000,-9.923000,238000000.000000,,290137754.000000,,,,133000000.000000,0.877000,0.820000,849000000.000000,0.208000,162000000.000000,974000000.000000,1552000000.000000,,0.000000,1943000000.000000,1032000000.000000,911000000.000000,2869000000.000000,1860000000.000000,1009000000.000000,-222000000.000000,-49000000.000000,38000000.000000,-4000000.000000,0.000000,34000000.000000,-435000000.000000,-306000000.000000,179000000.000000,-56000000.000000,-1235000000.000000,-1235000000.000000,-1505546751.000000,0.000000,0.000000,-0.302000,1227000000.000000,-378000000.000000,341000000.000000,0.000000,,,,73000000.000000,0.000000,,,,360000000.000000,-2427000000.000000,4090000000.000000,4985980739.000000,396000000.000000,,,,-0.063000,65000000.000000,831000000.000000,1.000000,176976280.000000,151668769.000000,151668769.000000,32.874000,2945000000.000000,9000000.000000,2000000.000000,12000000.000000,19.417000
ARY,2017-12-31,2018-03-23,2017-12-31,2017-FY,38000000.000000,,2025-04-29,0.000000,3107000000.000000,,1898000000.000000,1209000000.000000,,1.569000,-46000000.000000,477000000.000000,583971989.000000,3241000000.000000,-1235000000.000000,1.020000,12.055000,944000000.000000,0.000000,944000000.000000,1155701379.000000,216000000.000000,54000000.000000,0.000000,,0.000000,-259000000.000000,-205000000.000000,-0.050000,-250973287.000000,-317083323.000000,-1233000000.000000,-8.140000,-8.140000,-9.965000,238000000.000000,,291373864.000000,,,,133000000.000000,0.877000,0.817000,849000000.000000,0.208000,162000000.000000,974000000.000000,1552000000.000000,,0.000000,1943000000.000000,1032000000.000000,911000000.000000,2869000000.000000,1860000000.000000,1009000000.000000,-222000000.000000,-49000000.000000,38000000.000000,-4000000.000000,0.000000,34000000.000000,-435000000.000000,-306000000.000000,179000000.000000,-56000000.000000,-1235000000.000000,-1235000000.000000,-1511961020.000000,0.000000,0.000000,-0.302000,1227000000.000000,-378000000.000000,341000000.000000,0.000000,,,,73000000.000000,0.000000,,,,360000000.000000,-2427000000.000000,4090000000.000000,5007223134.000000,396000000.000000,,,,-0.063000,65000000.000000,831000000.000000,1.000000,176976280.000000,151668769.000000,151668769.000000,33.014000,2945000000.000000,9000000.000000,2000000.000000,12000000.000000,19.417000
ARY,2018-12-31,2019-02-06,2018-12-31,2018-FY,99000000.000000,23971437126.000000,2025-04-29,0.000000,4336000000.000000,3757750000.000000,2246000000.000000,2090000000.000000,1.400000,11.820000,-125000000.000000,891000000.000000,1012500000.000000,3906000000.000000,-78000000.000000,1.046000,1.071000,0.000000,0.000000,0.000000,0.000000,258000000.000000,32000000.000000,0.000000,0.000000,0.000000,411000000.000000,443000000.000000,0.084000,503409091.000000,467045455.000000,-173000000.000000,-0.440000,-0.510000,-0.500000,2094000000.000000,1212000000.000000,2379545455.000000,22958937126.000000,49.000000,45.607000,219000000.000000,1.236000,0.880000,1353000000.000000,0.257000,174000000.000000,584000000.000000,1124000000.000000,753750000.000000,0.000000,2561000000.000000,915000000.000000,1646000000.000000,2242000000.000000,2147000000.000000,95000000.000000,414000000.000000,,91000000.000000,,,92000000.000000,-22000000.000000,157000000.000000,344000000.000000,0.000000,-78000000.000000,-78000000.000000,-88636364.000000,0.000000,0.000000,-0.015000,1396000000.000000,-43000000.000000,427000000.000000,0.000000,10.074000,-270.447000,-270.900000,197000000.000000,0.000000,135.450000,4.011000,4.015000,400000000.000000,-2505000000.000000,5259000000.000000,5976136364.000000,493000000.000000,-0.021000,-0.064000,0.545000,0.078000,88000000.000000,903000000.000000,1.000000,176976280.000000,177154405.000000,181210292.000000,33.734000,4162000000.000000,10000000.000000,-95000000.000000,7000000.000000,23.494000
ARY,2018-12-31,2019-02-12,2018-12-31,2018-FY,99000000.000000,25403045137.000000,2025-04-29,0.000000,4336000000.000000,3757750000.000000,2246000000.000000,2090000000.000000,1.400000,11.820000,-125000000.000000,891000000.000000,1012500000.000000,3906000000.000000,-78000000.000000,1.046000,1.071000,0.000000,0.000000,0.000000,0.000000,258000000.000000,32000000.000000,0.000000,0.000000,0.000000,411000000.000000,443000000.000000,0.084000,503409091.000000,467045455.000000,-173000000.000000,-0.440000,-0.510000,-0.500000,2094000000.000000,1212000000.000000,2379545455.000000,24390545137.000000,52.000000,48.451000,219000000.000000,1.236000,0.880000,1353000000.000000,0.257000,174000000.000000,584000000.000000,1124000000.000000,753750000.000000,0.000000,2561000000.000000,915000000.000000,1646000000.000000,2242000000.000000,2147000000.000000,95000000.000000,414000000.000000,0.000000,91000000.000000,0.000000,0.000000,92000000.000000,-22000000.000000,157000000.000000,344000000.000000,0.000000,-78000000.000000,-78000000.000000,-88636364.000000,0.000000,0.000000,-0.015000,1396000000.000000,-43000000.000000,427000000.000000,0.000000,10.676000,-286.598000,-280.920000,197000000.000000,0.000000,140.460000,4.251000,4.164000,400000000.000000,-2505000000.000000,5259000000.000000,5976136364.000000,493000000.000000,-0.021000,-0.064000,0.545000,0.078000,88000000.000000,903000000.000000,1.000000,180856081.000000,177154405.000000,181210292.000000,33.734000,4162000000.000000,10000000.000000,-95000000.000000,7000000.000000,23.494000
ARY,2019-12-31,2020-02-05,2019-12-31,2019-FY,-208000000.000000,26892551616.000000,2025-04-29,0.000000,5122000000.000000,5216000000.000000,2231000000.000000,2891000000.000000,1.297000,11.257000,-135000000.000000,1065000000.000000,1170329670.000000,5042000000.000000,-186000000.000000,0.915000,1.514000,622000000.000000,0.000000,622000000.000000,683516484.000000,319000000.000000,87000000.000000,0.000000,0.000000,0.000000,202000000.000000,289000000.000000,0.043000,317582418.000000,221978022.000000,-131000000.000000,-1.030000,-1.030000,-1.132000,2037000000.000000,2096500000.000000,2238461538.000000,26405738429.000000,119.000000,83.146000,438000000.000000,2.420000,0.910000,1722000000.000000,0.255000,536000000.000000,333000000.000000,1704000000.000000,1811000000.000000,0.000000,2189000000.000000,692000000.000000,1497000000.000000,3085000000.000000,2439000000.000000,646000000.000000,152000000.000000,-331000000.000000,-195000000.000000,-17000000.000000,,-203000000.000000,-218000000.000000,262000000.000000,573000000.000000,22000000.000000,-186000000.000000,-186000000.000000,-204395604.000000,0.000000,0.000000,-0.027000,1795000000.000000,-73000000.000000,549000000.000000,0.000000,12.014000,-131.571000,-129.874000,780000000.000000,0.000000,147.000000,3.618000,3.579000,402000000.000000,-2709000000.000000,6764000000.000000,7432967033.000000,615000000.000000,-0.036000,-0.089000,0.112000,0.030000,122000000.000000,1180000000.000000,1.000000,182942528.000000,180960579.000000,180960579.000000,41.075000,4586000000.000000,13000000.000000,55000000.000000,11000000.000000,25.343000
ARY,2019-12-31,2020-02-12,2019-12-31,2019-FY,-208000000.000000,27110661756.000000,2025-04-29,0.000000,5122000000.000000,5216000000.000000,2231000000.000000,2891000000.000000,1.297000,11.257000,-135000000.000000,1065000000.000000,1170329670.000000,5042000000.000000,-186000000.000000,0.915000,1.514000,622000000.000000,0.000000,622000000.000000,683516484.000000,319000000.000000,87000000.000000,0.000000,0.000000,0.000000,202000000.000000,289000000.000000,0.043000,317582418.000000,221978022.000000,-131000000.000000,-1.030000,-1.030000,-1.132000,2037000000.000000,2096500000.000000,2238461538.000000,26623848569.000000,120.000000,83.833000,438000000.000000,2.420000,0.910000,1722000000.000000,0.255000,536000000.000000,333000000.000000,1704000000.000000,1811000000.000000,0.000000,2189000000.000000,692000000.000000,1497000000.000000,3085000000.000000,2439000000.000000,646000000.000000,152000000.000000,-331000000.000000,-195000000.000000,-17000000.000000,0.000000,-203000000.000000,-218000000.000000,262000000.000000,573000000.000000,22000000.000000,-186000000.000000,-186000000.000000,-204395604.000000,0.000000,0.000000,-0.027000,1795000000.000000,-73000000.000000,549000000.000000,0.000000,12.111000,-132.638000,-129.944000,780000000.000000,0.000000,147.080000,3.647000,3.581000,402000000.000000,-2709000000.000000,6764000000.000000,7432967033.000000,615000000.000000,-0.036000,-0.089000,0.112000,0.030000,122000000.000000,1180000000.000000,1.000000,184325957.000000,180960579.000000,180960579.000000,41.075000,4586000000.000000,13000000.000000,55000000.000000,11000000.000000,25.343000
ARY,2020-12-31,2021-02-03,2020-12-31,2020-FY,-534000000.000000,60345025711.000000,2025-04-29,0.000000,6326000000.000000,5662500000.000000,2366000000.000000,3960000000.000000,1.392000,14.953000,-78000000.000000,1151000000.000000,1403658537.000000,5865000000.000000,-581000000.000000,0.816000,1.255000,577000000.000000,0.000000,577000000.000000,703658537.000000,380000000.000000,111000000.000000,0.000000,0.000000,0.000000,-199000000.000000,-88000000.000000,-0.011000,-107317073.000000,-242682927.000000,-709000000.000000,-3.100000,-3.100000,-3.780000,2805000000.000000,2351750000.000000,3420731707.000000,59645025711.000000,-246.000000,-555.783000,181000000.000000,0.965000,0.820000,2015000000.000000,0.256000,833000000.000000,510000000.000000,2019000000.000000,1758500000.000000,0.000000,2873000000.000000,596000000.000000,2277000000.000000,3521000000.000000,2900000000.000000,621000000.000000,172000000.000000,-336000000.000000,319000000.000000,-24000000.000000,,285000000.000000,-372000000.000000,67000000.000000,259000000.000000,-86000000.000000,-581000000.000000,-581000000.000000,-708536585.000000,0.000000,0.000000,-0.074000,2308000000.000000,-293000000.000000,638000000.000000,0.000000,17.641000,-85.169000,-83.918000,757000000.000000,0.000000,317.250000,6.280000,6.193000,464000000.000000,-3290000000.000000,7880000000.000000,9609756098.000000,837000000.000000,-0.103000,-0.247000,-0.113000,-0.025000,176000000.000000,1471000000.000000,1.000000,190212847.000000,187583307.000000,187583307.000000,51.229000,5493000000.000000,19000000.000000,-128000000.000000,9000000.000000,29.283000
ARY,2020-12-31,2021-02-05,2020-12-31,2020-FY,-534000000.000000,59112446462.000000,2025-04-29,0.000000,6326000000.000000,5662500000.000000,2366000000.000000,3960000000.000000,1.392000,14.953000,-78000000.000000,1151000000.000000,1403658537.000000,5865000000.000000,-581000000.000000,0.816000,1.255000,577000000.000000,0.000000,577000000.000000,703658537.000000,380000000.000000,111000000.000000,0.000000,0.000000,0.000000,-199000000.000000,-88000000.000000,-0.011000,-107317073.000000,-242682927.000000,-709000000.000000,-3.100000,-3.100000,-3.780000,2805000000.000000,2351750000.000000,3420731707.000000,58412446462.000000,-241.000000,-544.298000,181000000.000000,0.965000,0.820000,2015000000.000000,0.256000,833000000.000000,510000000.000000,2019000000.000000,1758500000.000000,0.000000,2873000000.000000,596000000.000000,2277000000.000000,3521000000.000000,2900000000.000000,621000000.000000,172000000.000000,-336000000.000000,319000000.000000,-24000000.000000,0.000000,285000000.000000,-372000000.000000,67000000.000000,259000000.000000,-86000000.000000,-581000000.000000,-581000000.000000,-708536585.000000,0.000000,0.000000,-0.074000,2308000000.000000,-293000000.000000,638000000.000000,0.000000,17.281000,-83.429000,-82.204000,757000000.000000,0.000000,310.770000,6.151000,6.066000,464000000.000000,-3290000000.000000,7880000000.000000,9609756098.000000,837000000.000000,-0.103000,-0.247000,-0.113000,-0.025000,176000000.000000,1471000000.000000,1.000000,190212847.000000,187583307.000000,187583307.000000,51.229000,5493000000.000000,19000000.000000,-128000000.000000,9000000.000000,29.283000
ARY,2021-12-31,2022-02-02,2021-12-31,2021-FY,1146000000.000000,36877775567.000000,2025-04-29,0.000000,7170000000.000000,7419250000.000000,4372000000.000000,2798000000.000000,1.303000,11.077000,-85000000.000000,2744000000.000000,3118181818.000000,7077000000.000000,-34000000.000000,1.355000,2.384000,1781000000.000000,0.000000,1781000000.000000,2023863636.000000,458000000.000000,127000000.000000,0.000000,0.000000,0.000000,340000000.000000,467000000.000000,0.048000,530681818.000000,386363636.000000,249000000.000000,-0.180000,-1.030000,-0.205000,2119000000.000000,2544750000.000000,2407954545.000000,35783457385.000000,93.000000,67.429000,276000000.000000,1.443000,0.880000,2591000000.000000,0.268000,983000000.000000,91000000.000000,1998000000.000000,2665000000.000000,0.000000,1672000000.000000,756000000.000000,916000000.000000,5051000000.000000,3226000000.000000,1825000000.000000,1424000000.000000,-115000000.000000,109000000.000000,1188000000.000000,,1250000000.000000,-187000000.000000,22000000.000000,361000000.000000,169000000.000000,-34000000.000000,-34000000.000000,-38636364.000000,0.000000,0.000000,-0.004000,2497000000.000000,94000000.000000,793000000.000000,0.000000,15.315000,-954.484000,-938.276000,809000000.000000,0.000000,191.920000,3.357000,3.342000,621000000.000000,-3220000000.000000,9668000000.000000,10986363636.000000,912000000.000000,-0.005000,-0.013000,0.128000,0.035000,223000000.000000,1585000000.000000,1.000000,192151811.000000,191298397.000000,193943455.000000,57.431000,6187000000.000000,18000000.000000,283000000.000000,23000000.000000,32.342000
ARY,2021-12-31,2022-02-03,2021-12-31,2021-FY,1146000000.000000,30698173325.000000,2025-04-29,0.000000,7170000000.000000,7419250000.000000,4372000000.000000,2798000000.000000,1.303000,11.077000,-85000000.000000,2744000000.000000,3118181818.000000,7077000000.000000,-34000000.000000,1.355000,2.384000,1781000000.000000,0.000000,1781000000.000000,2023863636.000000,458000000.000000,127000000.000000,0.000000,0.000000,0.000000,340000000.000000,467000000.000000,0.048000,530681818.000000,386363636.000000,249000000.000000,-0.180000,-1.030000,-0.205000,2119000000.000000,2544750000.000000,2407954545.000000,29603855144.000000,77.000000,55.785000,276000000.000000,1.443000,0.880000,2591000000.000000,0.268000,983000000.000000,91000000.000000,1998000000.000000,2665000000.000000,0.000000,1672000000.000000,756000000.000000,916000000.000000,5051000000.000000,3226000000.000000,1825000000.000000,1424000000.000000,-115000000.000000,109000000.000000,1188000000.000000,0.000000,1250000000.000000,-187000000.000000,22000000.000000,361000000.000000,169000000.000000,-34000000.000000,-34000000.000000,-38636364.000000,0.000000,0.000000,-0.004000,2497000000.000000,94000000.000000,793000000.000000,0.000000,12.749000,-794.541000,-781.049000,809000000.000000,0.000000,159.760000,2.794000,2.782000,621000000.000000,-3220000000.000000,9668000000.000000,10986363636.000000,912000000.000000,-0.005000,-0.013000,0.128000,0.035000,223000000.000000,1585000000.000000,1.000000,192151811.000000,191298397.000000,193943455.000000,57.431000,6187000000.000000,18000000.000000,283000000.000000,23000000.000000,32.342000
ARY,2022-12-31,2023-02-02,2022-12-31,2022-FY,836000000.000000,23691955981.000000,2025-04-29,0.000000,7636000000.000000,7423750000.000000,4352000000.000000,3284000000.000000,1.580000,12.445000,-25000000.000000,2483000000.000000,2698913043.000000,8801000000.000000,-430000000.000000,1.238000,2.180000,1683000000.000000,0.000000,1683000000.000000,1829347826.000000,520000000.000000,171000000.000000,0.000000,0.000000,0.000000,-238000000.000000,-67000000.000000,-0.006000,-72826087.000000,-258695652.000000,-370000000.000000,-2.230000,-2.930000,-2.424000,2401000000.000000,2270500000.000000,2609782609.000000,22822390764.000000,-88.000000,-313.382000,21000000.000000,0.109000,0.920000,2926000000.000000,0.250000,1295000000.000000,132000000.000000,2025000000.000000,1807500000.000000,0.000000,2005000000.000000,867000000.000000,1138000000.000000,5235000000.000000,3516000000.000000,1719000000.000000,-417000000.000000,-306000000.000000,41000000.000000,-43000000.000000,0.000000,-40000000.000000,-423000000.000000,-89000000.000000,46000000.000000,156000000.000000,-430000000.000000,-430000000.000000,-467391304.000000,0.000000,0.000000,-0.037000,3585000000.000000,-659000000.000000,845000000.000000,0.000000,9.078000,-50.690000,-50.567000,765000000.000000,0.000000,122.570000,1.859000,1.855000,690000000.000000,-3647000000.000000,11727000000.000000,12746739130.000000,1387000000.000000,-0.058000,-0.189000,-0.132000,-0.020000,381000000.000000,2198000000.000000,1.000000,193293269.000000,192934862.000000,195846362.000000,66.068000,6341000000.000000,13000000.000000,60000000.000000,16000000.000000,32.866000
ARY,2023-12-31,2024-02-08,2023-12-31,2023-FY,1170000000.000000,47316384794.000000,2025-04-29,0.000000,8346000000.000000,7694750000.000000,5260000000.000000,3086000000.000000,1.722000,12.956000,-6000000.000000,3114000000.000000,3348387097.000000,9850000000.000000,-532000000.000000,1.286000,2.308000,1696000000.000000,0.000000,1696000000.000000,1823655914.000000,622000000.000000,158000000.000000,0.000000,0.000000,0.000000,-285000000.000000,-127000000.000000,-0.010000,-136559140.000000,-306451613.000000,-505000000.000000,-2.730000,-2.730000,-2.935000,2523000000.000000,2264500000.000000,2712903226.000000,45791653611.000000,-149.000000,-335.325000,674000000.000000,3.461000,0.930000,3397000000.000000,0.256000,1221000000.000000,220000000.000000,1617000000.000000,1763000000.000000,0.000000,2315000000.000000,1100000000.000000,1215000000.000000,5823000000.000000,4090000000.000000,1733000000.000000,697000000.000000,-7000000.000000,366000000.000000,-66000000.000000,0.000000,234000000.000000,-217000000.000000,-211000000.000000,680000000.000000,-66000000.000000,-532000000.000000,-532000000.000000,-572043011.000000,0.000000,0.000000,-0.040000,3843000000.000000,-446000000.000000,978000000.000000,0.000000,17.441000,-82.715000,-81.762000,547000000.000000,0.000000,240.010000,3.322000,3.281000,858000000.000000,-4182000000.000000,13247000000.000000,14244086022.000000,1725000000.000000,-0.069000,-0.235000,-0.162000,-0.022000,321000000.000000,2118000000.000000,1.000000,197143389.000000,194732304.000000,194732304.000000,73.147000,7125000000.000000,48000000.000000,27000000.000000,20000000.000000,36.589000
ARY,2024-12-31,2025-02-05,2024-12-31,2024-FY,3929000000.000000,127606600034.000000,2025-04-29,0.000000,12005000000.000000,10444750000.000000,8379000000.000000,3626000000.000000,1.501000,27.539000,-17000000.000000,4781000000.000000,4980208333.000000,10949000000.000000,1138000000.000000,1.883000,1.173000,2001000000.000000,0.000000,2001000000.000000,2084375000.000000,683000000.000000,121000000.000000,0.000000,0.000000,0.000000,1693000000.000000,1814000000.000000,0.116000,1889583333.000000,1763541667.000000,1341000000.000000,5.670000,5.500000,5.906000,5525000000.000000,4431500000.000000,5755208333.000000,124710766701.000000,71.000000,65.999000,2284000000.000000,11.385000,0.960000,4724000000.000000,0.301000,1249000000.000000,352000000.000000,3526000000.000000,2666000000.000000,0.000000,4302000000.000000,2667000000.000000,1635000000.000000,6480000000.000000,4450000000.000000,2030000000.000000,1544000000.000000,-10000000.000000,933000000.000000,-69000000.000000,0.000000,729000000.000000,-1486000000.000000,-1452000000.000000,2301000000.000000,123000000.000000,1138000000.000000,1138000000.000000,1185416667.000000,0.000000,0.000000,0.073000,3359000000.000000,1365000000.000000,1342000000.000000,0.000000,22.172000,107.647000,105.989000,414000000.000000,0.000000,626.000000,7.816000,7.693000,845000000.000000,-3044000000.000000,15673000000.000000,16326041667.000000,1486000000.000000,0.109000,0.257000,0.635000,0.108000,267000000.000000,1873000000.000000,1.000000,203844409.000000,200622518.000000,206990369.000000,81.377000,10756000000.000000,214000000.000000,203000000.000000,54000000.000000,53.613000
MRQ,2015-12-31,2015-12-31,2015-12-31,2015-Q4,73000000.000000,,2025-04-29,0.000000,1051000000.000000,,871000000.000000,180000000.000000,,1.613000,,597000000.000000,648416159.000000,,,1.091000,3.590000,0.000000,0.000000,0.000000,0.000000,92000000.000000,,0.000000,,0.000000,,,,,,,,,,229000000.000000,,248722446.000000,,,,,,0.921000,,,73000000.000000,,-417000000.000000,,0.000000,1000000.000000,0.000000,1000000.000000,822000000.000000,798000000.000000,24000000.000000,,,,,,,,,,,,,,,,,,,119000000.000000,,,,,81000000.000000,,,,,244000000.000000,-653000000.000000,,,,,,,,,,1.000000,,141946600.000000,,,978000000.000000,7000000.000000,,5000000.000000,6.890000
MRQ,2016-12-31,2016-12-31,2016-12-31,2016-Q4,689000000.000000,,2025-04-29,0.000000,2100000000.000000,,1909000000.000000,191000000.000000,,-1.618000,,755000000.000000,794569564.000000,,,1.565000,-9.750000,1106000000.000000,0.000000,1106000000.000000,1163965481.000000,149000000.000000,,0.000000,,0.000000,,,,,,,,,,-240000000.000000,,-252578405.000000,,,,,,0.950000,,,80000000.000000,,1151000000.000000,,0.000000,830000000.000000,830000000.000000,0.000000,2340000000.000000,1220000000.000000,1120000000.000000,,,,,,,,,,,,,,,,,,,201000000.000000,,,,,85000000.000000,,,,,300000000.000000,-1192000000.000000,,,,,,,,,,1.000000,,148368720.000000,,,2020000000.000000,9000000.000000,,6000000.000000,13.615000
MRQ,2017-03-31,2017-03-31,2017-03-31,2017-Q1,,,2025-04-29,,,,,,,,-3000000.000000,,,797000000.000000,-173000000.000000,,,,,,,,14000000.000000,,,0.000000,-110000000.000000,-96000000.000000,-0.106000,-103270224.000000,-118330465.000000,-172000000.000000,-1.150000,-1.150000,-1.237000,,,,,,,90000000.000000,0.599000,0.930000,105000000.000000,0.116000,,62000000.000000,,,,,,,,,,-16000000.000000,-23000000.000000,17000000.000000,-1000000.000000,,16000000.000000,-125000000.000000,-71000000.000000,93000000.000000,-4000000.000000,-173000000.000000,-173000000.000000,-186101549.000000,0.000000,0.000000,-0.192000,244000000.000000,-139000000.000000,,0.000000,,,,,0.000000,,,,,,902000000.000000,970309811.000000,80000000.000000,,,,,14000000.000000,164000000.000000,1.000000,,150149327.000000,150149327.000000,6.462000,,,1000000.000000,,
MRQ,2017-06-30,2017-06-30,2017-06-30,2017-Q2,,,2025-04-29,,,,,,,,-5000000.000000,,,775000000.000000,-188000000.000000,,,,,,,,12000000.000000,,,0.000000,-39000000.000000,-27000000.000000,-0.027000,-30843043.000000,-44551062.000000,-187000000.000000,-1.240000,-1.240000,-1.416000,,,,,,,67000000.000000,0.444000,0.875000,232000000.000000,0.230000,,148000000.000000,,,,,,,,,,32000000.000000,,3000000.000000,,,2000000.000000,-42000000.000000,-10000000.000000,72000000.000000,-35000000.000000,-188000000.000000,-188000000.000000,-214758967.000000,0.000000,0.000000,-0.187000,311000000.000000,-79000000.000000,,0.000000,,,,,0.000000,,,,,,1007000000.000000,1150331277.000000,95000000.000000,,,,,19000000.000000,216000000.000000,1.000000,,151069953.000000,151069953.000000,7.615000,,,1000000.000000,,
MRQ,2017-09-30,2017-09-30,2017-09-30,2017-Q3,,,2025-04-29,,,,,,,,-9000000.000000,,,802000000.000000,-278000000.000000,,,,,,,,15000000.000000,,,0.000000,-59000000.000000,-44000000.000000,-0.043000,-51978736.000000,-69698760.000000,-278000000.000000,-1.840000,-1.840000,-2.174000,,,,,,,-90000000.000000,-0.595000,0.847000,230000000.000000,0.223000,,219000000.000000,,,,,,,,,,-61000000.000000,,2000000.000000,,,9000000.000000,11000000.000000,20000000.000000,-81000000.000000,-3000000.000000,-278000000.000000,-278000000.000000,-328411105.000000,0.000000,0.000000,-0.269000,303000000.000000,-73000000.000000,,0.000000,,,,,0.000000,,,,,,1032000000.000000,1219137626.000000,98000000.000000,,,,,18000000.000000,205000000.000000,1.000000,,151289732.000000,151289732.000000,8.058000,,,0.000000,,
MRQ,2017-12-31,2017-12-31,2017-12-31,2017-Q4,38000000.000000,,2025-04-29,0.000000,3107000000.000000,,1898000000.000000,1209000000.000000,,1.544000,-21000000.000000,477000000.000000,572422897.000000,867000000.000000,-596000000.000000,1.020000,12.055000,944000000.000000,0.000000,944000000.000000,1132845314.000000,216000000.000000,13000000.000000,0.000000,,0.000000,-51000000.000000,-38000000.000000,-0.033000,-45601824.000000,-61202448.000000,-596000000.000000,-3.900000,-3.900000,-4.680000,238000000.000000,,285611424.000000,,,,74000000.000000,0.480000,0.833000,282000000.000000,0.245000,162000000.000000,545000000.000000,1552000000.000000,,0.000000,1943000000.000000,1032000000.000000,911000000.000000,2869000000.000000,1860000000.000000,1009000000.000000,-177000000.000000,-11000000.000000,16000000.000000,0.000000,,7000000.000000,-279000000.000000,-245000000.000000,95000000.000000,-14000000.000000,-596000000.000000,-596000000.000000,-715228609.000000,0.000000,0.000000,-0.519000,369000000.000000,-87000000.000000,341000000.000000,0.000000,,,,73000000.000000,0.000000,,,,360000000.000000,-2427000000.000000,1149000000.000000,1378855154.000000,123000000.000000,,,,,14000000.000000,246000000.000000,1.000000,176976280.000000,154153531.000000,154153531.000000,8.945000,2945000000.000000,9000000.000000,0.000000,12000000.000000,19.104000
MRQ,2018-03-31,2018-03-31,2018-03-31,2018-Q1,-10000000.000000,,2025-04-29,0.000000,3202000000.000000,,1938000000.000000,1264000000.000000,,0.960000,-6000000.000000,733000000.000000,897382532.000000,856000000.000000,-169000000.000000,0.995000,18.888000,1022000000.000000,0.000000,1022000000.000000,1251193653.000000,223000000.000000,11000000.000000,0.000000,,0.000000,-26000000.000000,-15000000.000000,-0.013000,-18363899.000000,-31830758.000000,-180000000.000000,-1.010000,-1.010000,-1.237000,161000000.000000,,197105850.000000,,,,78000000.000000,0.465000,0.817000,283000000.000000,0.248000,161000000.000000,154000000.000000,1382000000.000000,,0.000000,1812000000.000000,843000000.000000,969000000.000000,3041000000.000000,1948000000.000000,1093000000.000000,266000000.000000,0.000000,39000000.000000,0.000000,,43000000.000000,139000000.000000,159000000.000000,84000000.000000,-10000000.000000,-169000000.000000,-169000000.000000,-206899929.000000,0.000000,0.000000,-0.148000,324000000.000000,-41000000.000000,360000000.000000,0.000000,,,,68000000.000000,0.000000,,,,322000000.000000,-2596000000.000000,1139000000.000000,1394432066.000000,115000000.000000,,,,,18000000.000000,209000000.000000,1.000000,176976280.000000,167778952.000000,167778952.000000,8.311000,3041000000.000000,11000000.000000,-11000000.000000,7000000.000000,18.125000
MRQ,2018-06-30,2018-06-30,2018-06-30,2018-Q2,-222000000.000000,29774489347.000000,2025-04-29,0.000000,3360000000.000000,,2058000000.000000,1302000000.000000,,5.579000,-5000000.000000,810000000.000000,964285714.000000,944000000.000000,-394000000.000000,0.903000,2.363000,0.000000,0.000000,0.000000,0.000000,234000000.000000,6000000.000000,0.000000,0.000000,0.000000,-49000000.000000,-43000000.000000,-0.034000,-51190476.000000,-58333333.000000,-392000000.000000,-2.200000,-2.200000,-2.619000,999000000.000000,,1189285714.000000,30128300468.000000,-137.000000,-180.770000,25000000.000000,0.140000,0.840000,329000000.000000,0.258000,175000000.000000,343000000.000000,95000000.000000,,0.000000,1854000000.000000,885000000.000000,969000000.000000,2361000000.000000,2280000000.000000,81000000.000000,68000000.000000,-9000000.000000,57000000.000000,0.000000,,55000000.000000,-17000000.000000,7000000.000000,30000000.000000,9000000.000000,-394000000.000000,-394000000.000000,-469047619.000000,0.000000,0.000000,-0.310000,419000000.000000,-90000000.000000,369000000.000000,0.000000,25.036000,-17.405000,-15.790000,83000000.000000,0.000000,168.240000,5.445000,5.510000,324000000.000000,-2990000000.000000,1273000000.000000,1515476190.000000,143000000.000000,,,,,23000000.000000,276000000.000000,1.000000,176976280.000000,179077124.000000,179077124.000000,8.463000,3185000000.000000,11000000.000000,2000000.000000,6000000.000000,17.786000
MRQ,2018-09-30,2018-09-30,2018-09-30,2018-Q3,-291000000.000000,32002620712.000000,2025-04-29,0.000000,4133000000.000000,,2160000000.000000,1973000000.000000,,8.831000,-49000000.000000,1095000000.000000,1258620690.000000,1010000000.000000,43000000.000000,0.881000,1.593000,0.000000,0.000000,0.000000,0.000000,240000000.000000,7000000.000000,0.000000,0.000000,0.000000,3000000.000000,10000000.000000,0.007000,11494253.000000,3448276.000000,-82000000.000000,0.240000,0.230000,0.276000,1594000000.000000,,1832183908.000000,31054142961.000000,-220.000000,-314.152000,31000000.000000,0.172000,0.870000,342000000.000000,0.253000,173000000.000000,85000000.000000,414000000.000000,,0.000000,2258000000.000000,669000000.000000,1589000000.000000,2539000000.000000,2451000000.000000,88000000.000000,285000000.000000,0.000000,50000000.000000,0.000000,,49000000.000000,156000000.000000,225000000.000000,80000000.000000,0.000000,43000000.000000,43000000.000000,49425287.000000,0.000000,0.000000,0.032000,348000000.000000,-6000000.000000,384000000.000000,0.000000,17.467000,-24.948000,-22.900000,135000000.000000,0.000000,180.830000,5.667000,5.780000,359000000.000000,-2947000000.000000,1352000000.000000,1554022989.000000,135000000.000000,,,,,24000000.000000,213000000.000000,1.000000,176976280.000000,180510524.000000,188120122.000000,8.609000,3960000000.000000,13000000.000000,-125000000.000000,5000000.000000,21.938000
MRQ,2018-12-31,2018-12-31,2018-12-31,2018-Q4,97000000.000000,20086807780.000000,2025-04-29,0.000000,4336000000.000000,,2246000000.000000,2090000000.000000,,11.562000,-65000000.000000,891000000.000000,1024137931.000000,1096000000.000000,442000000.000000,1.045000,1.071000,0.000000,0.000000,0.000000,0.000000,258000000.000000,8000000.000000,0.000000,0.000000,0.000000,483000000.000000,491000000.000000,0.328000,564367816.000000,555172414.000000,481000000.000000,2.520000,2.450000,2.897000,2094000000.000000,,2406896552.000000,18842489598.000000,40.000000,37.004000,85000000.000000,0.469000,0.870000,399000000.000000,0.267000,174000000.000000,2000000.000000,1122000000.000000,,0.000000,2561000000.000000,915000000.000000,1646000000.000000,2242000000.000000,2149000000.000000,93000000.000000,-205000000.000000,0.000000,-55000000.000000,0.000000,,-55000000.000000,-300000000.000000,-234000000.000000,150000000.000000,1000000.000000,442000000.000000,442000000.000000,508045977.000000,0.000000,0.000000,0.296000,305000000.000000,94000000.000000,427000000.000000,0.000000,8.346000,-224.045000,-224.420000,197000000.000000,0.000000,113.500000,3.323000,3.326000,400000000.000000,-2505000000.000000,1495000000.000000,1718390805.000000,100000000.000000,,,,,23000000.000000,205000000.000000,1.000000,176976280.000000,181111111.000000,197334659.000000,9.488000,4162000000.000000,10000000.000000,39000000.000000,9000000.000000,22.980000
MRQ,2019-03-31,2019-03-31,2019-03-31,2019-Q1,-436000000.000000,25102824043.000000,2025-04-29,0.000000,5593000000.000000,,2071000000.000000,3522000000.000000,,13.631000,-37000000.000000,966000000.000000,1097727273.000000,1138000000.000000,-142000000.000000,0.826000,1.272000,555000000.000000,0.000000,555000000.000000,630681818.000000,273000000.000000,21000000.000000,0.000000,0.000000,0.000000,-13000000.000000,8000000.000000,0.005000,9090909.000000,-14772727.000000,-169000000.000000,-0.790000,-0.790000,-0.898000,2462000000.000000,,2797727273.000000,24090324043.000000,50.000000,45.492000,172000000.000000,0.952000,0.880000,373000000.000000,0.247000,478000000.000000,156000000.000000,2197000000.000000,,0.000000,2959000000.000000,660000000.000000,2299000000.000000,3131000000.000000,2507000000.000000,624000000.000000,62000000.000000,-288000000.000000,-93000000.000000,-5000000.000000,,-98000000.000000,-49000000.000000,279000000.000000,209000000.000000,13000000.000000,-142000000.000000,-142000000.000000,-161363636.000000,0.000000,0.000000,-0.094000,420000000.000000,-47000000.000000,397000000.000000,0.000000,8.973000,-433.147000,-531.061000,665000000.000000,0.000000,138.800000,3.923000,3.918000,391000000.000000,-2665000000.000000,1511000000.000000,1717045455.000000,155000000.000000,,,,,26000000.000000,265000000.000000,1.000000,180856081.000000,180613539.000000,180613539.000000,9.507000,5115000000.000000,12000000.000000,-27000000.000000,65000000.000000,28.320000
MRQ,2019-06-30,2019-06-30,2019-06-30,2019-Q2,-641000000.000000,26444776164.000000,2025-04-29,0.000000,5113000000.000000,,1992000000.000000,3121000000.000000,,10.781000,-40000000.000000,909000000.000000,1032954545.000000,1233000000.000000,-76000000.000000,0.757000,1.629000,517000000.000000,0.000000,517000000.000000,587500000.000000,290000000.000000,20000000.000000,0.000000,0.000000,0.000000,5000000.000000,25000000.000000,0.015000,28409091.000000,5681818.000000,-59000000.000000,-0.420000,-0.420000,-0.477000,1945000000.000000,,2210227273.000000,25977730709.000000,48.000000,42.810000,50000000.000000,0.277000,0.880000,434000000.000000,0.260000,519000000.000000,64000000.000000,1569000000.000000,,0.000000,2469000000.000000,586000000.000000,1883000000.000000,3168000000.000000,2633000000.000000,535000000.000000,-58000000.000000,-36000000.000000,-137000000.000000,-4000000.000000,,-141000000.000000,-7000000.000000,72000000.000000,90000000.000000,1000000.000000,-76000000.000000,-76000000.000000,-86363636.000000,0.000000,0.000000,-0.046000,437000000.000000,-3000000.000000,440000000.000000,0.000000,11.965000,87.159000,83.015000,641000000.000000,0.000000,146.220000,3.862000,3.853000,429000000.000000,-2741000000.000000,1667000000.000000,1894318182.000000,151000000.000000,,,,,37000000.000000,286000000.000000,1.000000,180856081.000000,180409115.000000,180409115.000000,10.500000,4594000000.000000,12000000.000000,17000000.000000,6000000.000000,25.464000
MRQ,2019-09-30,2019-09-30,2019-09-30,2019-Q3,-478000000.000000,20617593234.000000,2025-04-29,0.000000,5036000000.000000,,1978000000.000000,3058000000.000000,,10.797000,-26000000.000000,877000000.000000,963736264.000000,1290000000.000000,241000000.000000,0.805000,1.593000,618000000.000000,0.000000,618000000.000000,679120879.000000,308000000.000000,22000000.000000,0.000000,0.000000,0.000000,280000000.000000,302000000.000000,0.174000,331868132.000000,307692308.000000,270000000.000000,1.340000,0.360000,1.473000,1942000000.000000,,2134065934.000000,20182037678.000000,24.000000,22.234000,45000000.000000,0.250000,0.910000,441000000.000000,0.255000,547000000.000000,10000000.000000,1774000000.000000,,0.000000,2318000000.000000,640000000.000000,1678000000.000000,3094000000.000000,2456000000.000000,638000000.000000,-59000000.000000,-7000000.000000,-80000000.000000,-4000000.000000,,-73000000.000000,-57000000.000000,-23000000.000000,71000000.000000,27000000.000000,241000000.000000,241000000.000000,264835165.000000,0.000000,0.000000,0.139000,387000000.000000,54000000.000000,519000000.000000,0.000000,9.661000,40.348000,39.147000,756000000.000000,0.000000,114.000000,2.930000,2.914000,386000000.000000,-2500000000.000000,1731000000.000000,1902197802.000000,136000000.000000,,,,,31000000.000000,251000000.000000,1.000000,180856081.000000,179863596.000000,188477554.000000,10.576000,4489000000.000000,11000000.000000,29000000.000000,9000000.000000,24.958000
MRQ,2019-12-31,2019-12-31,2019-12-31,2019-Q4,-208000000.000000,27047026914.000000,2025-04-29,0.000000,5122000000.000000,,2231000000.000000,2891000000.000000,,11.133000,-32000000.000000,1065000000.000000,1196629213.000000,1381000000.000000,-209000000.000000,0.915000,1.514000,622000000.000000,0.000000,622000000.000000,698876404.000000,319000000.000000,24000000.000000,0.000000,0.000000,0.000000,-70000000.000000,-46000000.000000,-0.025000,-51685393.000000,-78651685.000000,-173000000.000000,-1.160000,-1.120000,-1.303000,2037000000.000000,,2288764045.000000,26762411529.000000,118.000000,82.417000,171000000.000000,0.935000,0.890000,474000000.000000,0.256000,536000000.000000,103000000.000000,1704000000.000000,,0.000000,2189000000.000000,692000000.000000,1497000000.000000,3085000000.000000,2439000000.000000,646000000.000000,207000000.000000,0.000000,115000000.000000,-4000000.000000,,109000000.000000,-105000000.000000,-66000000.000000,203000000.000000,-19000000.000000,-209000000.000000,-209000000.000000,-234831461.000000,0.000000,0.000000,-0.113000,551000000.000000,-77000000.000000,549000000.000000,0.000000,11.817000,-129.419000,-129.223000,780000000.000000,0.000000,149.550000,3.559000,3.561000,402000000.000000,-2709000000.000000,1855000000.000000,2084269663.000000,173000000.000000,,,,,28000000.000000,378000000.000000,1.000000,180856081.000000,182964306.000000,166476522.000000,11.392000,4586000000.000000,13000000.000000,36000000.000000,11000000.000000,25.065000
MRQ,2020-03-31,2020-03-31,2020-03-31,2020-Q1,-196000000.000000,22384544218.000000,2025-04-29,0.000000,5026000000.000000,,2143000000.000000,2883000000.000000,,10.878000,-12000000.000000,951000000.000000,1056666667.000000,1376000000.000000,1000000.000000,0.916000,1.497000,624000000.000000,0.000000,624000000.000000,693333333.000000,317000000.000000,26000000.000000,0.000000,0.000000,0.000000,53000000.000000,79000000.000000,0.043000,87777778.000000,58888889.000000,41000000.000000,0.000000,-0.200000,0.000000,2013000000.000000,,2236666667.000000,21897731031.000000,74.000000,54.744000,-21000000.000000,-0.113000,0.900000,472000000.000000,0.255000,714000000.000000,12000000.000000,1646000000.000000,,0.000000,2045000000.000000,733000000.000000,1312000000.000000,3013000000.000000,2339000000.000000,674000000.000000,-116000000.000000,-137000000.000000,77000000.000000,-4000000.000000,,77000000.000000,-184000000.000000,-21000000.000000,-9000000.000000,2000000.000000,1000000.000000,1000000.000000,1111111.000000,0.000000,0.000000,0.001000,489000000.000000,-17000000.000000,547000000.000000,,10.008000,-468.514000,-455.400000,782000000.000000,0.000000,121.440000,2.837000,2.848000,363000000.000000,-2708000000.000000,1848000000.000000,2053333333.000000,162000000.000000,,,,,37000000.000000,327000000.000000,1.000000,184325957.000000,185046324.000000,185632113.000000,11.096000,4312000000.000000,9000000.000000,40000000.000000,10000000.000000,23.302000
MRQ,2020-06-30,2020-06-30,2020-06-30,2020-Q2,-495000000.000000,47777110394.000000,2025-04-29,0.000000,5534000000.000000,,2264000000.000000,3270000000.000000,,11.380000,-14000000.000000,1148000000.000000,1289887640.000000,1410000000.000000,-356000000.000000,0.821000,1.607000,612000000.000000,0.000000,612000000.000000,687640449.000000,349000000.000000,28000000.000000,0.000000,0.000000,0.000000,-161000000.000000,-133000000.000000,-0.070000,-149438202.000000,-180898876.000000,-455000000.000000,-1.910000,-1.910000,-2.146000,2123000000.000000,,2385393258.000000,47421675611.000000,414.000000,208.937000,25000000.000000,0.134000,0.890000,479000000.000000,0.254000,703000000.000000,294000000.000000,1536000000.000000,,0.000000,2361000000.000000,636000000.000000,1725000000.000000,3411000000.000000,2759000000.000000,652000000.000000,207000000.000000,0.000000,101000000.000000,-6000000.000000,,90000000.000000,78000000.000000,97000000.000000,39000000.000000,-10000000.000000,-356000000.000000,-356000000.000000,-400000000.000000,0.000000,0.000000,-0.188000,646000000.000000,-167000000.000000,555000000.000000,0.000000,20.029000,-131.646000,-132.826000,763000000.000000,0.000000,258.190000,5.807000,5.854000,361000000.000000,-3064000000.000000,1889000000.000000,2122471910.000000,267000000.000000,,,,,50000000.000000,379000000.000000,1.000000,185046324.000000,186552877.000000,186552877.000000,11.377000,4831000000.000000,17000000.000000,-99000000.000000,5000000.000000,25.896000
MRQ,2020-09-30,2020-09-30,2020-09-30,2020-Q3,-225000000.000000,45252131374.000000,2025-04-29,0.000000,5764000000.000000,,2439000000.000000,3325000000.000000,,13.058000,-17000000.000000,1182000000.000000,1407142857.000000,1486000000.000000,-101000000.000000,0.916000,1.337000,592000000.000000,0.000000,592000000.000000,704761905.000000,363000000.000000,28000000.000000,0.000000,0.000000,0.000000,-26000000.000000,2000000.000000,0.001000,2380952.000000,-30952381.000000,-116000000.000000,-0.530000,-0.580000,-0.631000,2466000000.000000,,2935714286.000000,44621543139.000000,-184.000000,-382.470000,105000000.000000,0.556000,0.840000,489000000.000000,0.248000,677000000.000000,90000000.000000,1833000000.000000,,0.000000,2530000000.000000,719000000.000000,1811000000.000000,3298000000.000000,2664000000.000000,634000000.000000,73000000.000000,0.000000,96000000.000000,-6000000.000000,,85000000.000000,-134000000.000000,-108000000.000000,122000000.000000,-39000000.000000,-101000000.000000,-101000000.000000,-120238095.000000,0.000000,0.000000,-0.051000,529000000.000000,-40000000.000000,615000000.000000,0.000000,15.414000,-57.161000,-56.600000,758000000.000000,0.000000,242.570000,5.023000,5.085000,392000000.000000,-3165000000.000000,1975000000.000000,2351190476.000000,176000000.000000,,,,,46000000.000000,353000000.000000,1.000000,186552877.000000,188842828.000000,189054064.000000,12.451000,5087000000.000000,17000000.000000,-15000000.000000,6000000.000000,26.938000
MRQ,2020-12-31,2020-12-31,2020-12-31,2020-Q4,-534000000.000000,59421284258.000000,2025-04-29,0.000000,6326000000.000000,,2366000000.000000,3960000000.000000,,14.773000,-35000000.000000,1151000000.000000,1403658537.000000,1593000000.000000,-125000000.000000,0.816000,1.255000,577000000.000000,0.000000,577000000.000000,703658537.000000,380000000.000000,29000000.000000,0.000000,0.000000,0.000000,-65000000.000000,-36000000.000000,-0.017000,-43902439.000000,-79268293.000000,-179000000.000000,-0.660000,-0.660000,-0.805000,2805000000.000000,,3420731707.000000,58727166611.000000,-242.000000,-547.230000,72000000.000000,0.379000,0.820000,575000000.000000,0.265000,833000000.000000,114000000.000000,2019000000.000000,,0.000000,2873000000.000000,596000000.000000,2277000000.000000,3521000000.000000,2900000000.000000,621000000.000000,8000000.000000,-199000000.000000,45000000.000000,-8000000.000000,,33000000.000000,-132000000.000000,99000000.000000,107000000.000000,-39000000.000000,-125000000.000000,-125000000.000000,-152439024.000000,0.000000,0.000000,-0.058000,644000000.000000,-69000000.000000,638000000.000000,0.000000,17.371000,-83.865000,-83.233000,757000000.000000,0.000000,314.660000,6.183000,6.142000,464000000.000000,-3290000000.000000,2168000000.000000,2643902439.000000,232000000.000000,,,,,43000000.000000,412000000.000000,1.000000,188842828.000000,189868986.000000,189868986.000000,13.925000,5493000000.000000,19000000.000000,-54000000.000000,9000000.000000,28.930000
MRQ,2021-03-31,2021-03-31,2021-03-31,2021-Q1,781000000.000000,50967532354.000000,2025-04-29,0.000000,8037000000.000000,,3717000000.000000,4320000000.000000,,17.023000,-24000000.000000,2442000000.000000,2872941176.000000,1599000000.000000,23000000.000000,1.266000,1.477000,1816000000.000000,0.000000,1816000000.000000,2136470588.000000,424000000.000000,30000000.000000,0.000000,0.000000,0.000000,118000000.000000,148000000.000000,0.069000,174117647.000000,138823529.000000,87000000.000000,0.120000,-0.250000,0.141000,3244000000.000000,,3816470588.000000,50267532354.000000,-319.000000,-2248.811000,41000000.000000,0.215000,0.850000,548000000.000000,0.255000,913000000.000000,31000000.000000,3562000000.000000,,0.000000,3166000000.000000,644000000.000000,2522000000.000000,4793000000.000000,2936000000.000000,1857000000.000000,1201000000.000000,-59000000.000000,51000000.000000,1215000000.000000,,1250000000.000000,-114000000.000000,-25000000.000000,65000000.000000,90000000.000000,23000000.000000,23000000.000000,27058824.000000,0.000000,0.000000,0.011000,534000000.000000,14000000.000000,660000000.000000,0.000000,13.355000,-77.500000,-76.429000,789000000.000000,0.000000,267.950000,5.297000,5.307000,440000000.000000,-3267000000.000000,2147000000.000000,2525882353.000000,196000000.000000,,,,,48000000.000000,338000000.000000,1.000000,190212847.000000,190565397.000000,191815695.000000,13.255000,7124000000.000000,19000000.000000,64000000.000000,12000000.000000,37.383000
MRQ,2021-06-30,2021-06-30,2021-06-30,2021-Q2,782000000.000000,52517917759.000000,2025-04-29,0.000000,7481000000.000000,,3751000000.000000,3730000000.000000,,14.118000,-20000000.000000,2440000000.000000,2904761905.000000,1668000000.000000,-20000000.000000,1.263000,1.772000,1775000000.000000,0.000000,1775000000.000000,2113095238.000000,439000000.000000,31000000.000000,0.000000,0.000000,0.000000,33000000.000000,64000000.000000,0.027000,76190476.000000,39285714.000000,8000000.000000,-0.100000,-0.190000,-0.119000,2699000000.000000,,3213095238.000000,51768217160.000000,725.000000,244.299000,34000000.000000,0.178000,0.840000,663000000.000000,0.284000,946000000.000000,25000000.000000,2901000000.000000,,0.000000,2509000000.000000,612000000.000000,1897000000.000000,4782000000.000000,2969000000.000000,1813000000.000000,21000000.000000,-42000000.000000,26000000.000000,-8000000.000000,,6000000.000000,-39000000.000000,25000000.000000,54000000.000000,-23000000.000000,-20000000.000000,-20000000.000000,-23809524.000000,0.000000,0.000000,-0.009000,651000000.000000,12000000.000000,705000000.000000,0.000000,16.345000,-197.825000,-197.859000,792000000.000000,0.000000,275.590000,5.117000,5.133000,492000000.000000,-3287000000.000000,2331000000.000000,2775000000.000000,255000000.000000,,,,,68000000.000000,396000000.000000,1.000000,190565397.000000,191172946.000000,194084446.000000,14.516000,6535000000.000000,23000000.000000,28000000.000000,11000000.000000,34.184000
MRQ,2021-09-30,2021-09-30,2021-09-30,2021-Q3,962000000.000000,43078911652.000000,2025-04-29,0.000000,6989000000.000000,,4037000000.000000,2952000000.000000,,11.056000,-25000000.000000,2512000000.000000,2955294118.000000,1833000000.000000,2000000.000000,1.313000,2.301000,1757000000.000000,0.000000,1757000000.000000,2067058824.000000,440000000.000000,33000000.000000,0.000000,0.000000,0.000000,176000000.000000,209000000.000000,0.084000,245882353.000000,207058824.000000,162000000.000000,0.010000,-0.410000,0.012000,2117000000.000000,,2490588235.000000,42296558710.000000,137.000000,93.382000,98000000.000000,0.512000,0.850000,668000000.000000,0.267000,960000000.000000,14000000.000000,2199000000.000000,,0.000000,1815000000.000000,725000000.000000,1090000000.000000,4872000000.000000,3075000000.000000,1797000000.000000,21000000.000000,0.000000,33000000.000000,-9000000.000000,,19000000.000000,-121000000.000000,-98000000.000000,123000000.000000,51000000.000000,2000000.000000,2000000.000000,2352941.000000,0.000000,0.000000,0.001000,593000000.000000,75000000.000000,774000000.000000,0.000000,17.297000,-305.142000,-304.030000,812000000.000000,0.000000,225.340000,4.003000,4.010000,571000000.000000,-3285000000.000000,2501000000.000000,2942352941.000000,208000000.000000,,,,,57000000.000000,385000000.000000,1.000000,191172946.000000,191485473.000000,194551862.000000,15.366000,6029000000.000000,18000000.000000,160000000.000000,10000000.000000,31.485000
MRQ,2021-12-31,2021-12-31,2021-12-31,2021-Q4,1146000000.000000,44829481381.000000,2025-04-29,0.000000,7170000000.000000,,4372000000.000000,2798000000.000000,,11.039000,-16000000.000000,2744000000.000000,3118181818.000000,1977000000.000000,-39000000.000000,1.355000,2.384000,1781000000.000000,0.000000,1781000000.000000,2023863636.000000,458000000.000000,33000000.000000,0.000000,0.000000,0.000000,13000000.000000,46000000.000000,0.017000,52272727.000000,14772727.000000,-8000000.000000,-0.200000,-0.180000,-0.227000,2119000000.000000,,2407954545.000000,43951574404.000000,114.000000,82.821000,103000000.000000,0.537000,0.880000,712000000.000000,0.265000,983000000.000000,21000000.000000,1998000000.000000,,0.000000,1672000000.000000,756000000.000000,916000000.000000,5051000000.000000,3226000000.000000,1825000000.000000,181000000.000000,-14000000.000000,-1000000.000000,-10000000.000000,,-25000000.000000,87000000.000000,120000000.000000,119000000.000000,51000000.000000,-39000000.000000,-39000000.000000,-44318182.000000,0.000000,0.000000,-0.015000,719000000.000000,-7000000.000000,793000000.000000,0.000000,18.617000,-1160.292000,-1144.147000,809000000.000000,0.000000,234.030000,4.080000,4.075000,621000000.000000,-3220000000.000000,2689000000.000000,3055681818.000000,253000000.000000,,,,,50000000.000000,466000000.000000,1.000000,191554422.000000,191959663.000000,195094729.000000,15.918000,6187000000.000000,18000000.000000,31000000.000000,23000000.000000,32.231000
MRQ,2022-03-31,2022-03-31,2022-03-31,2022-Q1,1245000000.000000,29018766497.000000,2025-04-29,0.000000,7039000000.000000,,4368000000.000000,2671000000.000000,,11.155000,-10000000.000000,2721000000.000000,2990109890.000000,1990000000.000000,131000000.000000,1.399000,2.279000,1733000000.000000,0.000000,1733000000.000000,1904395604.000000,469000000.000000,37000000.000000,0.000000,0.000000,0.000000,169000000.000000,206000000.000000,0.077000,226373626.000000,185714286.000000,155000000.000000,0.680000,0.210000,0.747000,2147000000.000000,,2359340659.000000,27924448315.000000,65.000000,48.402000,27000000.000000,0.140000,0.910000,671000000.000000,0.252000,1087000000.000000,14000000.000000,1841000000.000000,,0.000000,1498000000.000000,816000000.000000,682000000.000000,4892000000.000000,3123000000.000000,1769000000.000000,-97000000.000000,-85000000.000000,41000000.000000,-10000000.000000,,22000000.000000,-156000000.000000,-55000000.000000,37000000.000000,74000000.000000,131000000.000000,131000000.000000,143956044.000000,0.000000,0.000000,0.049000,677000000.000000,-6000000.000000,695000000.000000,0.000000,12.300000,356.852000,352.380000,812000000.000000,0.000000,151.020000,2.594000,2.598000,556000000.000000,-3089000000.000000,2661000000.000000,2924175824.000000,250000000.000000,,,,,68000000.000000,427000000.000000,1.000000,192151811.000000,192476022.000000,197077256.000000,15.192000,5952000000.000000,13000000.000000,24000000.000000,13000000.000000,30.923000
MRQ,2022-06-30,2022-06-30,2022-06-30,2022-Q2,1188000000.000000,18060025144.000000,2025-04-29,0.000000,7388000000.000000,,4522000000.000000,2866000000.000000,,11.925000,-5000000.000000,2786000000.000000,2932631579.000000,2160000000.000000,-125000000.000000,1.356000,2.211000,1719000000.000000,0.000000,1719000000.000000,1809473684.000000,489000000.000000,40000000.000000,0.000000,0.000000,0.000000,-76000000.000000,-36000000.000000,-0.013000,-37894737.000000,-80000000.000000,-90000000.000000,-0.650000,-0.850000,-0.684000,2301000000.000000,,2422105263.000000,16986112101.000000,57.000000,37.969000,34000000.000000,0.176000,0.950000,704000000.000000,0.246000,1237000000.000000,14000000.000000,1750000000.000000,,0.000000,1502000000.000000,782000000.000000,720000000.000000,5087000000.000000,3334000000.000000,1753000000.000000,-38000000.000000,-114000000.000000,0.000000,-10000000.000000,,-20000000.000000,-57000000.000000,63000000.000000,39000000.000000,103000000.000000,-125000000.000000,-125000000.000000,-131578947.000000,0.000000,0.000000,-0.044000,898000000.000000,-194000000.000000,825000000.000000,0.000000,7.456000,-553.452000,-557.116000,818000000.000000,0.000000,93.830000,1.601000,1.605000,613000000.000000,-3214000000.000000,2864000000.000000,3014736842.000000,336000000.000000,,,,,105000000.000000,562000000.000000,1.000000,192476022.000000,192948032.000000,195859532.000000,15.625000,6151000000.000000,11000000.000000,35000000.000000,8000000.000000,31.879000
MRQ,2022-09-30,2022-09-30,2022-09-30,2022-Q3,1101000000.000000,16651415162.000000,2025-04-29,0.000000,7632000000.000000,,4659000000.000000,2973000000.000000,,11.565000,-5000000.000000,2851000000.000000,2851000000.000000,2286000000.000000,-166000000.000000,1.309000,2.418000,1805000000.000000,0.000000,1805000000.000000,1805000000.000000,522000000.000000,44000000.000000,0.000000,0.000000,0.000000,-126000000.000000,-82000000.000000,-0.027000,-82000000.000000,-126000000.000000,-144000000.000000,-0.860000,-0.990000,-0.860000,2233000000.000000,,2233000000.000000,15573637384.000000,-779.000000,116.221000,35000000.000000,0.181000,1.000000,750000000.000000,0.247000,1414000000.000000,18000000.000000,1614000000.000000,,0.000000,1445000000.000000,815000000.000000,630000000.000000,5399000000.000000,3558000000.000000,1841000000.000000,-90000000.000000,-107000000.000000,0.000000,-11000000.000000,,-21000000.000000,-109000000.000000,0.000000,40000000.000000,155000000.000000,-166000000.000000,-166000000.000000,-166000000.000000,0.000000,0.000000,-0.055000,978000000.000000,-228000000.000000,947000000.000000,0.000000,7.457000,-83.675000,-83.786000,835000000.000000,0.000000,86.300000,1.480000,1.481000,648000000.000000,-3379000000.000000,3036000000.000000,3036000000.000000,386000000.000000,,,,,108000000.000000,592000000.000000,1.000000,192948032.000000,193077334.000000,195988834.000000,15.724000,6218000000.000000,10000000.000000,22000000.000000,18000000.000000,32.205000
MRQ,2022-12-31,2022-12-31,2022-12-31,2022-Q4,836000000.000000,15243455519.000000,2025-04-29,0.000000,7636000000.000000,,4352000000.000000,3284000000.000000,,12.426000,-5000000.000000,2483000000.000000,2641489362.000000,2365000000.000000,-270000000.000000,1.238000,2.180000,1683000000.000000,0.000000,1683000000.000000,1790425532.000000,520000000.000000,50000000.000000,0.000000,0.000000,0.000000,-205000000.000000,-155000000.000000,-0.049000,-164893617.000000,-218085106.000000,-291000000.000000,-1.400000,-1.300000,-1.489000,2401000000.000000,,2554255319.000000,14217965323.000000,-56.000000,-199.476000,-75000000.000000,-0.388000,0.940000,801000000.000000,0.253000,1295000000.000000,86000000.000000,2025000000.000000,,0.000000,2005000000.000000,867000000.000000,1138000000.000000,5235000000.000000,3516000000.000000,1719000000.000000,-192000000.000000,0.000000,0.000000,-12000000.000000,,-21000000.000000,-101000000.000000,-97000000.000000,-70000000.000000,-176000000.000000,-270000000.000000,-270000000.000000,-287234043.000000,0.000000,0.000000,-0.085000,1032000000.000000,-231000000.000000,845000000.000000,0.000000,5.968000,-33.323000,-33.279000,765000000.000000,0.000000,78.950000,1.222000,1.221000,690000000.000000,-3647000000.000000,3166000000.000000,3368085106.000000,415000000.000000,,,,,100000000.000000,617000000.000000,1.000000,193077334.000000,193231451.000000,196142951.000000,17.430000,6341000000.000000,13000000.000000,-21000000.000000,16000000.000000,32.816000
MRQ,2023-03-31,2023-03-31,2023-03-31,2023-Q1,834000000.000000,25827846604.000000,2025-04-29,0.000000,7529000000.000000,,4293000000.000000,3236000000.000000,,12.099000,-2000000.000000,2443000000.000000,2655434783.000000,2276000000.000000,-225000000.000000,1.241000,2.215000,1702000000.000000,0.000000,1702000000.000000,1850000000.000000,524000000.000000,44000000.000000,0.000000,0.000000,0.000000,-129000000.000000,-85000000.000000,-0.028000,-92391304.000000,-140217391.000000,-206000000.000000,-1.160000,-1.160000,-1.261000,2342000000.000000,,2545652174.000000,24958281386.000000,-43.000000,-64.139000,57000000.000000,0.294000,0.920000,766000000.000000,0.252000,1270000000.000000,77000000.000000,2059000000.000000,,0.000000,2129000000.000000,995000000.000000,1134000000.000000,5187000000.000000,3459000000.000000,1728000000.000000,-14000000.000000,-7000000.000000,75000000.000000,-15000000.000000,,49000000.000000,-122000000.000000,-126000000.000000,59000000.000000,-26000000.000000,-225000000.000000,-225000000.000000,-244565217.000000,0.000000,0.000000,-0.074000,922000000.000000,-156000000.000000,850000000.000000,0.000000,10.146000,-30.231000,-30.204000,744000000.000000,0.000000,133.620000,1.962000,1.965000,555000000.000000,-3875000000.000000,3042000000.000000,3306521739.000000,435000000.000000,,,,,105000000.000000,487000000.000000,1.000000,193293269.000000,193562462.000000,193562462.000000,17.082000,6259000000.000000,16000000.000000,19000000.000000,15000000.000000,32.336000
MRQ,2023-06-30,2023-06-30,2023-06-30,2023-Q2,783000000.000000,31076453274.000000,2025-04-29,0.000000,7312000000.000000,,4329000000.000000,2983000000.000000,,10.565000,-2000000.000000,2550000000.000000,2802197802.000000,2411000000.000000,-302000000.000000,1.221000,2.560000,1689000000.000000,0.000000,1689000000.000000,1856043956.000000,536000000.000000,44000000.000000,0.000000,0.000000,0.000000,-214000000.000000,-170000000.000000,-0.054000,-186813187.000000,-235164835.000000,-241000000.000000,-1.550000,-1.550000,-1.703000,2054000000.000000,,2257142857.000000,30262167560.000000,-41.000000,-55.973000,11000000.000000,0.057000,0.910000,766000000.000000,0.241000,1253000000.000000,27000000.000000,1652000000.000000,,0.000000,1881000000.000000,866000000.000000,1015000000.000000,5258000000.000000,3546000000.000000,1712000000.000000,118000000.000000,0.000000,35000000.000000,-27000000.000000,,-8000000.000000,113000000.000000,127000000.000000,13000000.000000,-11000000.000000,-302000000.000000,-302000000.000000,-331868132.000000,0.000000,0.000000,-0.095000,1013000000.000000,-247000000.000000,893000000.000000,0.000000,13.768000,-29.366000,-29.396000,624000000.000000,0.000000,160.550000,2.277000,2.287000,632000000.000000,-4177000000.000000,3177000000.000000,3491208791.000000,453000000.000000,,,,,97000000.000000,560000000.000000,1.000000,193562462.000000,194420128.000000,194420128.000000,17.957000,6059000000.000000,23000000.000000,61000000.000000,17000000.000000,31.164000
MRQ,2023-09-30,2023-09-30,2023-09-30,2023-Q3,994000000.000000,30104705454.000000,2025-04-29,0.000000,7592000000.000000,,4695000000.000000,2897000000.000000,,10.976000,-1000000.000000,2618000000.000000,2785106383.000000,2472000000.000000,65000000.000000,1.269000,2.549000,1729000000.000000,0.000000,1729000000.000000,1839361702.000000,599000000.000000,36000000.000000,0.000000,0.000000,0.000000,87000000.000000,123000000.000000,0.037000,130851064.000000,92553191.000000,73000000.000000,0.330000,0.330000,0.351000,2139000000.000000,,2275531915.000000,29137289724.000000,-59.000000,-95.432000,210000000.000000,1.078000,0.940000,885000000.000000,0.264000,1278000000.000000,14000000.000000,1724000000.000000,,0.000000,2000000000.000000,1097000000.000000,903000000.000000,5453000000.000000,3701000000.000000,1752000000.000000,7000000.000000,0.000000,32000000.000000,-13000000.000000,,-1000000.000000,-203000000.000000,-205000000.000000,211000000.000000,58000000.000000,65000000.000000,65000000.000000,69148936.000000,0.000000,0.000000,0.019000,853000000.000000,32000000.000000,945000000.000000,0.000000,13.230000,-38.659000,-38.455000,618000000.000000,0.000000,154.640000,2.221000,2.223000,747000000.000000,-4112000000.000000,3357000000.000000,3571276596.000000,369000000.000000,,,,,85000000.000000,484000000.000000,1.000000,194676057.000000,194881723.000000,198012369.000000,18.325000,6314000000.000000,31000000.000000,8000000.000000,14000000.000000,32.399000
MRQ,2023-12-31,2023-12-31,2023-12-31,2023-Q4,1170000000.000000,36620224569.000000,2025-04-29,0.000000,8346000000.000000,,5260000000.000000,3086000000.000000,,12.869000,-1000000.000000,3114000000.000000,3460000000.000000,2691000000.000000,-70000000.000000,1.286000,2.308000,1696000000.000000,0.000000,1696000000.000000,1884444444.000000,622000000.000000,34000000.000000,0.000000,0.000000,0.000000,-29000000.000000,5000000.000000,0.001000,5555556.000000,-32222222.000000,-131000000.000000,-0.350000,-0.350000,-0.389000,2523000000.000000,,2803333333.000000,35684435095.000000,-113.000000,-252.882000,396000000.000000,2.020000,0.900000,980000000.000000,0.267000,1221000000.000000,102000000.000000,1617000000.000000,,0.000000,2315000000.000000,1100000000.000000,1215000000.000000,5823000000.000000,4090000000.000000,1733000000.000000,586000000.000000,0.000000,224000000.000000,-11000000.000000,,194000000.000000,-5000000.000000,-7000000.000000,397000000.000000,-87000000.000000,-70000000.000000,-70000000.000000,-77777778.000000,0.000000,0.000000,-0.019000,1055000000.000000,-75000000.000000,978000000.000000,0.000000,13.063000,-61.952000,-61.948000,547000000.000000,0.000000,187.910000,2.488000,2.486000,858000000.000000,-4182000000.000000,3671000000.000000,4078888889.000000,468000000.000000,,,,,34000000.000000,587000000.000000,1.000000,194881723.000000,196050405.000000,196050405.000000,20.805000,7125000000.000000,48000000.000000,-61000000.000000,20000000.000000,36.343000
MRQ,2024-03-31,2024-03-31,2024-03-31,2024-Q1,1678000000.000000,52026140357.000000,2025-04-29,0.000000,9075000000.000000,,5644000000.000000,3431000000.000000,,16.710000,-5000000.000000,3451000000.000000,3751086957.000000,2632000000.000000,197000000.000000,1.423000,1.743000,1763000000.000000,0.000000,1763000000.000000,1916304348.000000,634000000.000000,31000000.000000,0.000000,0.000000,0.000000,227000000.000000,258000000.000000,0.071000,280434783.000000,246739130.000000,174000000.000000,0.990000,0.970000,1.076000,3309000000.000000,,3596739130.000000,50501409174.000000,654.000000,215.099000,206000000.000000,1.040000,0.920000,1004000000.000000,0.276000,1235000000.000000,53000000.000000,2186000000.000000,,0.000000,2754000000.000000,1220000000.000000,1534000000.000000,5766000000.000000,3966000000.000000,1800000000.000000,299000000.000000,-7000000.000000,242000000.000000,-15000000.000000,,202000000.000000,-114000000.000000,-98000000.000000,211000000.000000,38000000.000000,197000000.000000,197000000.000000,214130435.000000,0.000000,0.000000,0.054000,836000000.000000,168000000.000000,1048000000.000000,0.000000,14.465000,-435.128000,-418.600000,498000000.000000,0.000000,263.900000,3.458000,3.474000,828000000.000000,-3985000000.000000,3636000000.000000,3952173913.000000,389000000.000000,,,,,69000000.000000,447000000.000000,1.000000,197143389.000000,198025456.000000,203773043.000000,19.958000,7840000000.000000,62000000.000000,-23000000.000000,31000000.000000,39.591000
MRQ,2024-06-30,2024-06-30,2024-06-30,2024-Q2,2285000000.000000,62461175056.000000,2025-04-29,0.000000,10146000000.000000,,6344000000.000000,3802000000.000000,,21.299000,-2000000.000000,4054000000.000000,4359139785.000000,2695000000.000000,274000000.000000,1.563000,1.382000,1795000000.000000,0.000000,1795000000.000000,1930107527.000000,657000000.000000,30000000.000000,0.000000,0.000000,0.000000,342000000.000000,372000000.000000,0.098000,400000000.000000,367741935.000000,270000000.000000,1.370000,1.330000,1.473000,4259000000.000000,,4579569892.000000,60646121293.000000,90.000000,74.408000,490000000.000000,2.451000,0.930000,1112000000.000000,0.292000,1235000000.000000,72000000.000000,2593000000.000000,,0.000000,3275000000.000000,1344000000.000000,1931000000.000000,5887000000.000000,4059000000.000000,1828000000.000000,584000000.000000,-3000000.000000,240000000.000000,-24000000.000000,,184000000.000000,-92000000.000000,-88000000.000000,492000000.000000,19000000.000000,274000000.000000,274000000.000000,294623656.000000,0.000000,0.000000,0.072000,846000000.000000,266000000.000000,1091000000.000000,0.000000,13.639000,124.654000,124.711000,465000000.000000,0.000000,313.790000,4.014000,4.032000,805000000.000000,-3711000000.000000,3807000000.000000,4093548387.000000,379000000.000000,,,,,81000000.000000,467000000.000000,1.000000,199054065.000000,199959172.000000,206119851.000000,20.472000,8911000000.000000,84000000.000000,-4000000.000000,36000000.000000,44.564000
MRQ,2024-09-30,2024-09-30,2024-09-30,2024-Q3,2897000000.000000,73690953657.000000,2025-04-29,0.000000,10553000000.000000,,7003000000.000000,3550000000.000000,,22.984000,-4000000.000000,4688000000.000000,5208888889.000000,2748000000.000000,300000000.000000,1.706000,1.278000,1786000000.000000,0.000000,1786000000.000000,1984444444.000000,680000000.000000,30000000.000000,0.000000,0.000000,0.000000,520000000.000000,550000000.000000,0.138000,611111111.000000,577777778.000000,398000000.000000,1.490000,1.450000,1.656000,4633000000.000000,,5147777778.000000,71235518875.000000,60.000000,54.103000,711000000.000000,3.527000,0.900000,1240000000.000000,0.311000,1186000000.000000,122000000.000000,2359000000.000000,,0.000000,2996000000.000000,1392000000.000000,1604000000.000000,5920000000.000000,4106000000.000000,1814000000.000000,732000000.000000,0.000000,152000000.000000,-18000000.000000,,99000000.000000,-82000000.000000,-75000000.000000,715000000.000000,-98000000.000000,300000000.000000,300000000.000000,333333333.000000,0.000000,0.000000,0.075000,786000000.000000,454000000.000000,1084000000.000000,0.000000,14.315000,94.610000,94.765000,430000000.000000,0.000000,368.530000,4.392000,4.427000,813000000.000000,-3411000000.000000,3988000000.000000,4431111111.000000,342000000.000000,,,,,63000000.000000,444000000.000000,1.000000,199959172.000000,201575568.000000,207399501.000000,21.982000,9367000000.000000,221000000.000000,98000000.000000,41000000.000000,46.469000
MRQ,2024-12-31,2024-12-31,2024-12-31,2024-Q4,3929000000.000000,90180877612.000000,2025-04-29,0.000000,12005000000.000000,,8379000000.000000,3626000000.000000,,27.227000,-6000000.000000,4781000000.000000,4980208333.000000,2874000000.000000,367000000.000000,1.883000,1.173000,2001000000.000000,0.000000,2001000000.000000,2084375000.000000,683000000.000000,30000000.000000,0.000000,0.000000,0.000000,604000000.000000,634000000.000000,0.149000,660416667.000000,629166667.000000,499000000.000000,1.810000,1.760000,1.885000,5525000000.000000,,5755208333.000000,87093643569.000000,49.000000,46.091000,877000000.000000,4.322000,0.960000,1368000000.000000,0.322000,1249000000.000000,105000000.000000,3526000000.000000,,0.000000,4302000000.000000,2667000000.000000,1635000000.000000,6480000000.000000,4450000000.000000,2030000000.000000,-71000000.000000,0.000000,299000000.000000,-12000000.000000,,244000000.000000,-1198000000.000000,-1191000000.000000,883000000.000000,164000000.000000,367000000.000000,367000000.000000,382291667.000000,0.000000,0.000000,0.087000,891000000.000000,477000000.000000,1342000000.000000,0.000000,15.669000,76.075000,75.747000,414000000.000000,0.000000,447.380000,5.524000,5.498000,845000000.000000,-3044000000.000000,4242000000.000000,4418750000.000000,376000000.000000,,,,,54000000.000000,515000000.000000,1.000000,201575568.000000,202924157.000000,209857547.000000,21.775000,10756000000.000000,214000000.000000,132000000.000000,54000000.000000,53.005000
MRQ,2025-03-31,2025-03-31,2025-03-31,2025-Q1,2889000000.000000,112120540282.000000,2025-04-29,0.000000,12687000000.000000,,8854000000.000000,3833000000.000000,,30.552000,-6000000.000000,5019000000.000000,5455434783.000000,2864000000.000000,225000000.000000,1.484000,1.031000,2102000000.000000,1654000000.000000,448000000.000000,2284782609.000000,675000000.000000,27000000.000000,0.000000,0.000000,0.000000,580000000.000000,607000000.000000,0.145000,659782609.000000,630434783.000000,328000000.000000,1.100000,1.070000,1.196000,6247000000.000000,,6790217391.000000,109224706949.000000,49.000000,46.457000,533000000.000000,2.607000,0.920000,1326000000.000000,0.316000,1199000000.000000,252000000.000000,2606000000.000000,,0.000000,4852000000.000000,2894000000.000000,1958000000.000000,6440000000.000000,5965000000.000000,475000000.000000,351000000.000000,-7000000.000000,204000000.000000,-22000000.000000,,126000000.000000,-314000000.000000,-299000000.000000,539000000.000000,-113000000.000000,225000000.000000,225000000.000000,244565217.000000,0.000000,0.000000,0.054000,817000000.000000,509000000.000000,1064000000.000000,0.000000,16.512000,88.466000,87.700000,401000000.000000,0.000000,550.030000,6.357000,6.376000,823000000.000000,-2819000000.000000,4190000000.000000,4554347826.000000,379000000.000000,,,,,42000000.000000,438000000.000000,1.000000,203844409.000000,204467927.000000,210243478.000000,22.274000,11488000000.000000,182000000.000000,103000000.000000,61000000.000000,56.185000
MRT,2015-12-31,2015-12-31,2015-12-31,2015-Q4,73000000.000000,,2025-04-29,0.000000,1051000000.000000,,871000000.000000,180000000.000000,,1.613000,-49000000.000000,597000000.000000,648416159.000000,1714000000.000000,-230000000.000000,1.091000,3.590000,0.000000,0.000000,0.000000,0.000000,92000000.000000,30000000.000000,0.000000,,0.000000,-199000000.000000,-169000000.000000,-0.087000,-183554993.000000,-216138720.000000,-225000000.000000,-1.620000,-1.620000,-1.760000,229000000.000000,,248722446.000000,,,,-87000000.000000,-0.613000,0.921000,226000000.000000,0.116000,73000000.000000,26000000.000000,-417000000.000000,,0.000000,1000000.000000,0.000000,1000000.000000,822000000.000000,798000000.000000,24000000.000000,371000000.000000,-8000000.000000,480000000.000000,-4000000.000000,0.000000,476000000.000000,-67000000.000000,0.000000,-38000000.000000,20000000.000000,-230000000.000000,-230000000.000000,-249808571.000000,0.000000,0.000000,-0.119000,461000000.000000,-235000000.000000,119000000.000000,0.000000,,,,81000000.000000,0.000000,,,,244000000.000000,-653000000.000000,1940000000.000000,2107080987.000000,136000000.000000,,,,-0.103000,28000000.000000,325000000.000000,1.000000,,141946600.000000,141946600.000000,14.844000,978000000.000000,7000000.000000,5000000.000000,5000000.000000,6.890000
MRT,2016-12-31,2016-12-31,2016-12-31,2016-Q4,689000000.000000,,2025-04-29,0.000000,2100000000.000000,1575500000.000000,1909000000.000000,191000000.000000,1.874000,-1.618000,-27000000.000000,755000000.000000,794569564.000000,2551000000.000000,-539000000.000000,1.565000,-9.750000,1106000000.000000,0.000000,1106000000.000000,1163965481.000000,149000000.000000,38000000.000000,0.000000,,0.000000,-199000000.000000,-161000000.000000,-0.055000,-169438013.000000,-209429594.000000,-535000000.000000,-3.630000,-3.630000,-3.820000,-240000000.000000,-5500000.000000,-252578405.000000,,,,74000000.000000,0.499000,0.950000,401000000.000000,0.136000,80000000.000000,336000000.000000,1151000000.000000,367000000.000000,0.000000,830000000.000000,830000000.000000,0.000000,2340000000.000000,1220000000.000000,1120000000.000000,190000000.000000,0.000000,33000000.000000,861000000.000000,0.000000,916000000.000000,-827000000.000000,-788000000.000000,101000000.000000,-32000000.000000,-539000000.000000,-539000000.000000,-567249000.000000,0.000000,0.000000,-0.183000,750000000.000000,-349000000.000000,201000000.000000,0.000000,,,,85000000.000000,0.000000,,,,300000000.000000,-1192000000.000000,2952000000.000000,3106714376.000000,207000000.000000,-0.342000,98.000000,-0.542000,-0.067000,53000000.000000,543000000.000000,1.000000,,148368720.000000,148368720.000000,20.939000,2020000000.000000,9000000.000000,4000000.000000,6000000.000000,13.615000
MRT,2017-03-31,2017-03-31,2017-03-31,2017-Q1,,,2025-04-29,,,,,,,,,,,,,,,,,,,,,,,0.000000,,,,,,,,,,,,,,,,,,0.930000,,,,,,,,,,,,,,,,,,,,,,,,,,,,,,,,,,,,,,,,,,,,,,,,,,,,,1.000000,,150149327.000000,,,,,,,
MRT,2017-06-30,2017-06-30,2017-06-30,2017-Q2,,,2025-04-29,,,,,,,,,,,,,,,,,,,,,,,0.000000,,,,,,,,,,,,,,,,,,0.875000,,,,,,,,,,,,,,,,,,,,,,,,,,,,,,,,,,,,,,,,,,,,,,,,,,,,,1.000000,,151069953.000000,,,,,,,
MRT,2017-09-30,2017-09-30,2017-09-30,2017-Q3,,,2025-04-29,,,,,,,,,,,,,,,,,,,,,,,0.000000,,,,,,,,,,,,,,,,,,0.847000,,,,,,,,,,,,,,,,,,,,,,,,,,,,,,,,,,,,,,,,,,,,,,,,,,,,,1.000000,,151289732.000000,,,,,,,
MRT,2017-12-31,2017-12-31,2017-12-31,2017-Q4,38000000.000000,,2025-04-29,0.000000,3107000000.000000,2603500000.000000,1898000000.000000,1209000000.000000,1.571000,1.569000,-36000000.000000,477000000.000000,572422897.000000,3241000000.000000,-1235000000.000000,1.020000,12.055000,944000000.000000,0.000000,944000000.000000,1132845314.000000,216000000.000000,54000000.000000,0.000000,,0.000000,-259000000.000000,-205000000.000000,-0.050000,-246009840.000000,-310812432.000000,-1233000000.000000,-8.140000,-8.140000,-9.768000,238000000.000000,-1000000.000000,285611424.000000,,,,143000000.000000,0.943000,0.833000,849000000.000000,0.208000,162000000.000000,974000000.000000,1552000000.000000,1351500000.000000,0.000000,1943000000.000000,1032000000.000000,911000000.000000,2869000000.000000,1860000000.000000,1009000000.000000,-222000000.000000,-49000000.000000,38000000.000000,0.000000,0.000000,34000000.000000,-435000000.000000,-306000000.000000,179000000.000000,-56000000.000000,-1235000000.000000,-1235000000.000000,-1482059282.000000,0.000000,0.000000,-0.302000,1227000000.000000,-378000000.000000,341000000.000000,0.000000,,,,73000000.000000,0.000000,,,,360000000.000000,-2427000000.000000,4090000000.000000,4908196328.000000,396000000.000000,-0.474000,1235.000000,-0.192000,-0.063000,65000000.000000,831000000.000000,1.000000,176976280.000000,151668769.000000,151668769.000000,32.361000,2945000000.000000,9000000.000000,2000000.000000,12000000.000000,19.417000
MRT,2018-03-31,2018-03-31,2018-03-31,2018-Q1,-10000000.000000,,2025-04-29,0.000000,3202000000.000000,,1938000000.000000,1264000000.000000,,0.960000,-41000000.000000,733000000.000000,897382532.000000,3300000000.000000,-1231000000.000000,0.995000,18.888000,1022000000.000000,0.000000,1022000000.000000,1251193653.000000,223000000.000000,51000000.000000,0.000000,,0.000000,-175000000.000000,-124000000.000000,-0.029000,-151808232.000000,-214245489.000000,-1241000000.000000,-7.990000,-7.990000,-9.782000,161000000.000000,,197105850.000000,,,,129000000.000000,0.769000,0.817000,1027000000.000000,0.237000,161000000.000000,1066000000.000000,1382000000.000000,,0.000000,1812000000.000000,843000000.000000,969000000.000000,3041000000.000000,1948000000.000000,1093000000.000000,60000000.000000,,60000000.000000,,,61000000.000000,-171000000.000000,-76000000.000000,170000000.000000,-62000000.000000,-1231000000.000000,-1231000000.000000,-1507063980.000000,0.000000,0.000000,-0.284000,1307000000.000000,-280000000.000000,360000000.000000,0.000000,,,,68000000.000000,0.000000,,,,322000000.000000,-2596000000.000000,4327000000.000000,5297372738.000000,431000000.000000,,,,-0.040000,69000000.000000,876000000.000000,1.000000,176976280.000000,167778952.000000,167778952.000000,31.574000,3041000000.000000,11000000.000000,-10000000.000000,7000000.000000,18.125000
MRT,2018-06-30,2018-06-30,2018-06-30,2018-Q2,-222000000.000000,29774489347.000000,2025-04-29,0.000000,3360000000.000000,,2058000000.000000,1302000000.000000,,5.579000,-41000000.000000,810000000.000000,964285714.000000,3469000000.000000,-1437000000.000000,0.903000,2.363000,0.000000,0.000000,0.000000,0.000000,234000000.000000,45000000.000000,0.000000,0.000000,0.000000,-185000000.000000,-140000000.000000,-0.030000,-166666667.000000,-220238095.000000,-1446000000.000000,-8.950000,-8.950000,-10.655000,999000000.000000,,1189285714.000000,30128300468.000000,-137.000000,-180.770000,87000000.000000,0.486000,0.840000,1124000000.000000,0.245000,175000000.000000,1261000000.000000,95000000.000000,,0.000000,1854000000.000000,885000000.000000,969000000.000000,2361000000.000000,2280000000.000000,81000000.000000,96000000.000000,,114000000.000000,,,114000000.000000,-146000000.000000,-59000000.000000,128000000.000000,-18000000.000000,-1437000000.000000,-1437000000.000000,-1710714286.000000,0.000000,0.000000,-0.313000,1415000000.000000,-291000000.000000,369000000.000000,0.000000,25.036000,-17.405000,-15.790000,83000000.000000,0.000000,168.240000,5.445000,5.510000,324000000.000000,-2990000000.000000,4593000000.000000,5467857143.000000,479000000.000000,,,,-0.040000,73000000.000000,936000000.000000,1.000000,176976280.000000,179077124.000000,179077124.000000,30.534000,3185000000.000000,11000000.000000,-9000000.000000,6000000.000000,17.786000
MRT,2018-09-30,2018-09-30,2018-09-30,2018-Q3,-291000000.000000,32002620712.000000,2025-04-29,0.000000,4133000000.000000,3450500000.000000,2160000000.000000,1973000000.000000,1.424000,8.831000,-81000000.000000,1095000000.000000,1258620690.000000,3677000000.000000,-1116000000.000000,0.881000,1.593000,0.000000,0.000000,0.000000,0.000000,240000000.000000,37000000.000000,0.000000,0.000000,0.000000,-123000000.000000,-86000000.000000,-0.018000,-98850575.000000,-141379310.000000,-1250000000.000000,-6.870000,-6.880000,-7.897000,1594000000.000000,748000000.000000,1832183908.000000,31054142961.000000,-220.000000,-314.152000,208000000.000000,1.152000,0.870000,1236000000.000000,0.252000,173000000.000000,1127000000.000000,414000000.000000,860750000.000000,0.000000,2258000000.000000,669000000.000000,1589000000.000000,2539000000.000000,2451000000.000000,88000000.000000,442000000.000000,-20000000.000000,162000000.000000,0.000000,,154000000.000000,-1000000.000000,146000000.000000,289000000.000000,-15000000.000000,-1116000000.000000,-1116000000.000000,-1282758621.000000,0.000000,0.000000,-0.227000,1460000000.000000,-224000000.000000,384000000.000000,0.000000,17.467000,-24.948000,-22.900000,135000000.000000,0.000000,180.830000,5.667000,5.780000,359000000.000000,-2947000000.000000,4913000000.000000,5647126437.000000,516000000.000000,-0.323000,-1.492000,-0.143000,-0.025000,79000000.000000,944000000.000000,1.000000,176976280.000000,180510524.000000,188120122.000000,31.284000,3960000000.000000,13000000.000000,-134000000.000000,5000000.000000,21.938000
MRT,2018-12-31,2018-12-31,2018-12-31,2018-Q4,97000000.000000,20086807780.000000,2025-04-29,0.000000,4336000000.000000,3757750000.000000,2246000000.000000,2090000000.000000,1.400000,11.820000,-125000000.000000,891000000.000000,1024137931.000000,3906000000.000000,-78000000.000000,1.045000,1.071000,0.000000,0.000000,0.000000,0.000000,258000000.000000,32000000.000000,0.000000,0.000000,0.000000,411000000.000000,443000000.000000,0.084000,509195402.000000,472413793.000000,-173000000.000000,-0.440000,-0.510000,-0.506000,2094000000.000000,1212000000.000000,2406896552.000000,18842489598.000000,40.000000,37.004000,219000000.000000,1.236000,0.870000,1353000000.000000,0.257000,174000000.000000,584000000.000000,1122000000.000000,753250000.000000,0.000000,2561000000.000000,915000000.000000,1646000000.000000,2242000000.000000,2149000000.000000,93000000.000000,414000000.000000,-9000000.000000,91000000.000000,0.000000,0.000000,92000000.000000,-22000000.000000,157000000.000000,344000000.000000,0.000000,-78000000.000000,-78000000.000000,-89655172.000000,0.000000,0.000000,-0.015000,1396000000.000000,-43000000.000000,427000000.000000,0.000000,8.346000,-224.045000,-224.420000,197000000.000000,0.000000,113.500000,3.323000,3.326000,400000000.000000,-2505000000.000000,5259000000.000000,6044827586.000000,493000000.000000,-0.021000,-0.064000,0.546000,0.078000,88000000.000000,903000000.000000,1.000000,176976280.000000,177154405.000000,181210292.000000,34.122000,4162000000.000000,10000000.000000,-95000000.000000,9000000.000000,23.494000
MRT,2019-03-31,2019-03-31,2019-03-31,2019-Q1,-436000000.000000,25102824043.000000,2025-04-29,0.000000,5593000000.000000,4355500000.000000,2071000000.000000,3522000000.000000,1.293000,13.631000,-156000000.000000,966000000.000000,1097727273.000000,4188000000.000000,-51000000.000000,0.826000,1.272000,555000000.000000,0.000000,555000000.000000,630681818.000000,273000000.000000,42000000.000000,0.000000,0.000000,0.000000,424000000.000000,466000000.000000,0.083000,529545455.000000,481818182.000000,-162000000.000000,-0.230000,-0.310000,-0.261000,2462000000.000000,1787250000.000000,2797727273.000000,24090324043.000000,50.000000,45.492000,313000000.000000,1.733000,0.880000,1443000000.000000,0.256000,478000000.000000,586000000.000000,2197000000.000000,957000000.000000,0.000000,2959000000.000000,660000000.000000,2299000000.000000,3131000000.000000,2507000000.000000,624000000.000000,210000000.000000,-297000000.000000,-41000000.000000,-5000000.000000,,-49000000.000000,-210000000.000000,277000000.000000,469000000.000000,23000000.000000,-51000000.000000,-51000000.000000,-57954545.000000,0.000000,0.000000,-0.009000,1492000000.000000,-49000000.000000,397000000.000000,0.000000,8.973000,-433.147000,-531.061000,665000000.000000,0.000000,138.800000,3.923000,3.918000,391000000.000000,-2665000000.000000,5631000000.000000,6398863636.000000,533000000.000000,-0.012000,-0.029000,0.443000,0.075000,96000000.000000,959000000.000000,1.000000,180856081.000000,180613539.000000,180613539.000000,35.428000,5115000000.000000,12000000.000000,-111000000.000000,65000000.000000,28.320000
MRT,2019-06-30,2019-06-30,2019-06-30,2019-Q2,-641000000.000000,26444776164.000000,2025-04-29,0.000000,5113000000.000000,4793750000.000000,1992000000.000000,3121000000.000000,1.257000,10.781000,-191000000.000000,909000000.000000,1032954545.000000,4477000000.000000,267000000.000000,0.757000,1.629000,517000000.000000,0.000000,517000000.000000,587500000.000000,290000000.000000,56000000.000000,0.000000,0.000000,0.000000,478000000.000000,534000000.000000,0.089000,606818182.000000,543181818.000000,171000000.000000,1.550000,1.470000,1.761000,1945000000.000000,2023750000.000000,2210227273.000000,25977730709.000000,48.000000,42.810000,338000000.000000,1.874000,0.880000,1548000000.000000,0.257000,519000000.000000,307000000.000000,1569000000.000000,1325500000.000000,0.000000,2469000000.000000,586000000.000000,1883000000.000000,3168000000.000000,2633000000.000000,535000000.000000,84000000.000000,-324000000.000000,-235000000.000000,-9000000.000000,,-245000000.000000,-200000000.000000,342000000.000000,529000000.000000,15000000.000000,267000000.000000,267000000.000000,303409091.000000,0.000000,0.000000,0.044000,1510000000.000000,38000000.000000,440000000.000000,0.000000,11.965000,87.159000,83.015000,641000000.000000,0.000000,146.220000,3.862000,3.853000,429000000.000000,-2741000000.000000,6025000000.000000,6846590909.000000,541000000.000000,0.056000,0.132000,0.361000,0.079000,110000000.000000,969000000.000000,1.000000,180856081.000000,180409115.000000,180409115.000000,37.950000,4594000000.000000,12000000.000000,-96000000.000000,6000000.000000,25.464000
MRT,2019-09-30,2019-09-30,2019-09-30,2019-Q3,-478000000.000000,20617593234.000000,2025-04-29,0.000000,5036000000.000000,5019500000.000000,1978000000.000000,3058000000.000000,1.276000,10.797000,-168000000.000000,877000000.000000,963736264.000000,4757000000.000000,465000000.000000,0.805000,1.593000,618000000.000000,0.000000,618000000.000000,679120879.000000,308000000.000000,71000000.000000,0.000000,0.000000,0.000000,755000000.000000,826000000.000000,0.129000,907692308.000000,829670330.000000,523000000.000000,2.650000,1.600000,2.912000,1942000000.000000,2110750000.000000,2134065934.000000,20182037678.000000,24.000000,22.234000,352000000.000000,1.957000,0.910000,1647000000.000000,0.257000,547000000.000000,232000000.000000,1774000000.000000,1665500000.000000,0.000000,2318000000.000000,640000000.000000,1678000000.000000,3094000000.000000,2456000000.000000,638000000.000000,-260000000.000000,-331000000.000000,-365000000.000000,-13000000.000000,,-367000000.000000,-413000000.000000,94000000.000000,520000000.000000,42000000.000000,465000000.000000,465000000.000000,510989011.000000,0.000000,0.000000,0.073000,1549000000.000000,98000000.000000,519000000.000000,0.000000,9.661000,40.348000,39.147000,756000000.000000,0.000000,114.000000,2.930000,2.914000,386000000.000000,-2500000000.000000,6404000000.000000,7037362637.000000,542000000.000000,0.093000,0.220000,0.453000,0.118000,117000000.000000,1007000000.000000,1.000000,180856081.000000,179863596.000000,188477554.000000,39.126000,4489000000.000000,11000000.000000,58000000.000000,9000000.000000,24.958000
MRT,2019-12-31,2019-12-31,2019-12-31,2019-Q4,-208000000.000000,27047026914.000000,2025-04-29,0.000000,5122000000.000000,5216000000.000000,2231000000.000000,2891000000.000000,1.297000,11.257000,-135000000.000000,1065000000.000000,1196629213.000000,5042000000.000000,-186000000.000000,0.915000,1.514000,622000000.000000,0.000000,622000000.000000,698876404.000000,319000000.000000,87000000.000000,0.000000,0.000000,0.000000,202000000.000000,289000000.000000,0.043000,324719101.000000,226966292.000000,-131000000.000000,-1.030000,-1.030000,-1.157000,2037000000.000000,2096500000.000000,2288764045.000000,26762411529.000000,118.000000,82.417000,438000000.000000,2.420000,0.890000,1722000000.000000,0.255000,536000000.000000,333000000.000000,1704000000.000000,1811000000.000000,0.000000,2189000000.000000,692000000.000000,1497000000.000000,3085000000.000000,2439000000.000000,646000000.000000,152000000.000000,-331000000.000000,-195000000.000000,-17000000.000000,0.000000,-203000000.000000,-218000000.000000,262000000.000000,573000000.000000,22000000.000000,-186000000.000000,-186000000.000000,-208988764.000000,0.000000,0.000000,-0.027000,1795000000.000000,-73000000.000000,549000000.000000,0.000000,11.817000,-129.419000,-129.223000,780000000.000000,0.000000,149.550000,3.559000,3.561000,402000000.000000,-2709000000.000000,6764000000.000000,7600000000.000000,615000000.000000,-0.036000,-0.089000,0.112000,0.030000,122000000.000000,1180000000.000000,1.000000,180856081.000000,180960579.000000,180960579.000000,41.998000,4586000000.000000,13000000.000000,55000000.000000,11000000.000000,25.343000
MRT,2020-03-31,2020-03-31,2020-03-31,2020-Q1,-196000000.000000,22384544218.000000,2025-04-29,0.000000,5026000000.000000,5074250000.000000,2143000000.000000,2883000000.000000,1.399000,10.878000,-110000000.000000,951000000.000000,1056666667.000000,5280000000.000000,-43000000.000000,0.916000,1.497000,624000000.000000,0.000000,624000000.000000,693333333.000000,317000000.000000,92000000.000000,0.000000,0.000000,0.000000,268000000.000000,360000000.000000,0.051000,400000000.000000,297777778.000000,79000000.000000,-0.240000,-1.380000,-0.267000,2013000000.000000,1984250000.000000,2236666667.000000,21897731031.000000,74.000000,54.744000,245000000.000000,1.324000,0.900000,1821000000.000000,0.256000,714000000.000000,189000000.000000,1646000000.000000,1673250000.000000,0.000000,2045000000.000000,733000000.000000,1312000000.000000,3013000000.000000,2339000000.000000,674000000.000000,-26000000.000000,-180000000.000000,-25000000.000000,-16000000.000000,,-28000000.000000,-353000000.000000,-38000000.000000,355000000.000000,11000000.000000,-43000000.000000,-43000000.000000,-47777778.000000,0.000000,0.000000,-0.006000,1864000000.000000,-43000000.000000,547000000.000000,0.000000,10.008000,-468.514000,-455.400000,782000000.000000,0.000000,121.440000,2.837000,2.848000,363000000.000000,-2708000000.000000,7101000000.000000,7890000000.000000,622000000.000000,-0.008000,-0.022000,0.160000,0.038000,133000000.000000,1242000000.000000,1.000000,184325957.000000,185046324.000000,185632113.000000,42.638000,4312000000.000000,9000000.000000,122000000.000000,10000000.000000,23.302000
MRT,2020-06-30,2020-06-30,2020-06-30,2020-Q2,-495000000.000000,47777110394.000000,2025-04-29,0.000000,5534000000.000000,5179500000.000000,2264000000.000000,3270000000.000000,1.414000,11.380000,-84000000.000000,1148000000.000000,1289887640.000000,5457000000.000000,-323000000.000000,0.821000,1.607000,612000000.000000,0.000000,612000000.000000,687640449.000000,349000000.000000,100000000.000000,0.000000,0.000000,0.000000,102000000.000000,202000000.000000,0.028000,226966292.000000,114606742.000000,-317000000.000000,-1.730000,-2.870000,-1.944000,2123000000.000000,2028750000.000000,2385393258.000000,47421675611.000000,414.000000,208.937000,220000000.000000,1.179000,0.890000,1866000000.000000,0.255000,703000000.000000,419000000.000000,1536000000.000000,1665000000.000000,0.000000,2361000000.000000,636000000.000000,1725000000.000000,3411000000.000000,2759000000.000000,652000000.000000,239000000.000000,-144000000.000000,213000000.000000,-18000000.000000,,203000000.000000,-268000000.000000,-13000000.000000,304000000.000000,0.000000,-323000000.000000,-323000000.000000,-362921348.000000,0.000000,0.000000,-0.044000,2073000000.000000,-207000000.000000,555000000.000000,0.000000,20.029000,-131.646000,-132.826000,763000000.000000,0.000000,258.190000,5.807000,5.854000,361000000.000000,-3064000000.000000,7323000000.000000,8228089888.000000,738000000.000000,-0.062000,-0.159000,0.061000,0.014000,146000000.000000,1335000000.000000,1.000000,185046324.000000,186552877.000000,186552877.000000,44.106000,4831000000.000000,17000000.000000,6000000.000000,5000000.000000,25.896000
MRT,2020-09-30,2020-09-30,2020-09-30,2020-Q3,-225000000.000000,45252131374.000000,2025-04-29,0.000000,5764000000.000000,5361500000.000000,2439000000.000000,3325000000.000000,1.411000,13.058000,-75000000.000000,1182000000.000000,1407142857.000000,5653000000.000000,-665000000.000000,0.916000,1.337000,592000000.000000,0.000000,592000000.000000,704761905.000000,363000000.000000,106000000.000000,0.000000,0.000000,0.000000,-204000000.000000,-98000000.000000,-0.013000,-116666667.000000,-242857143.000000,-703000000.000000,-3.600000,-3.810000,-4.286000,2466000000.000000,2159750000.000000,2935714286.000000,44621543139.000000,-184.000000,-382.470000,280000000.000000,1.483000,0.840000,1914000000.000000,0.253000,677000000.000000,499000000.000000,1833000000.000000,1679750000.000000,0.000000,2530000000.000000,719000000.000000,1811000000.000000,3298000000.000000,2664000000.000000,634000000.000000,371000000.000000,-137000000.000000,389000000.000000,-20000000.000000,,361000000.000000,-345000000.000000,-98000000.000000,355000000.000000,-66000000.000000,-665000000.000000,-665000000.000000,-791666667.000000,0.000000,0.000000,-0.088000,2215000000.000000,-301000000.000000,615000000.000000,0.000000,15.414000,-57.161000,-56.600000,758000000.000000,0.000000,242.570000,5.023000,5.085000,392000000.000000,-3165000000.000000,7567000000.000000,9008333333.000000,778000000.000000,-0.124000,-0.308000,-0.121000,-0.027000,161000000.000000,1437000000.000000,1.000000,186552877.000000,188842828.000000,189054064.000000,47.703000,5087000000.000000,17000000.000000,-38000000.000000,6000000.000000,26.938000
MRT,2020-12-31,2020-12-31,2020-12-31,2020-Q4,-534000000.000000,59421284258.000000,2025-04-29,0.000000,6326000000.000000,5662500000.000000,2366000000.000000,3960000000.000000,1.392000,14.953000,-78000000.000000,1151000000.000000,1403658537.000000,5865000000.000000,-581000000.000000,0.816000,1.255000,577000000.000000,0.000000,577000000.000000,703658537.000000,380000000.000000,111000000.000000,0.000000,0.000000,0.000000,-199000000.000000,-88000000.000000,-0.011000,-107317073.000000,-242682927.000000,-709000000.000000,-3.100000,-3.100000,-3.780000,2805000000.000000,2351750000.000000,3420731707.000000,58727166611.000000,-242.000000,-547.230000,181000000.000000,0.965000,0.820000,2015000000.000000,0.256000,833000000.000000,510000000.000000,2019000000.000000,1758500000.000000,0.000000,2873000000.000000,596000000.000000,2277000000.000000,3521000000.000000,2900000000.000000,621000000.000000,172000000.000000,-336000000.000000,319000000.000000,-24000000.000000,0.000000,285000000.000000,-372000000.000000,67000000.000000,259000000.000000,-86000000.000000,-581000000.000000,-581000000.000000,-708536585.000000,0.000000,0.000000,-0.074000,2308000000.000000,-293000000.000000,638000000.000000,0.000000,17.371000,-83.865000,-83.233000,757000000.000000,0.000000,314.660000,6.183000,6.142000,464000000.000000,-3290000000.000000,7880000000.000000,9609756098.000000,837000000.000000,-0.103000,-0.247000,-0.113000,-0.025000,176000000.000000,1471000000.000000,1.000000,188842828.000000,187583307.000000,187583307.000000,51.229000,5493000000.000000,19000000.000000,-128000000.000000,9000000.000000,29.283000
MRT,2021-03-31,2021-03-31,2021-03-31,2021-Q1,781000000.000000,50967532354.000000,2025-04-29,0.000000,8037000000.000000,6415250000.000000,3717000000.000000,4320000000.000000,1.275000,17.023000,-90000000.000000,2442000000.000000,2872941176.000000,6088000000.000000,-559000000.000000,1.266000,1.477000,1816000000.000000,0.000000,1816000000.000000,2136470588.000000,424000000.000000,115000000.000000,0.000000,0.000000,0.000000,-134000000.000000,-19000000.000000,-0.002000,-22352941.000000,-157647059.000000,-663000000.000000,-2.980000,-3.400000,-3.506000,3244000000.000000,2659500000.000000,3816470588.000000,50267532354.000000,-319.000000,-2248.811000,243000000.000000,1.275000,0.850000,2091000000.000000,0.256000,913000000.000000,529000000.000000,3562000000.000000,2237500000.000000,0.000000,3166000000.000000,644000000.000000,2522000000.000000,4793000000.000000,2936000000.000000,1857000000.000000,1489000000.000000,-258000000.000000,293000000.000000,1195000000.000000,,1458000000.000000,-302000000.000000,63000000.000000,333000000.000000,2000000.000000,-559000000.000000,-559000000.000000,-657647059.000000,0.000000,0.000000,-0.068000,2353000000.000000,-262000000.000000,660000000.000000,0.000000,13.355000,-77.500000,-76.429000,789000000.000000,0.000000,267.950000,5.297000,5.307000,440000000.000000,-3267000000.000000,8179000000.000000,9622352941.000000,871000000.000000,-0.087000,-0.210000,-0.060000,-0.016000,187000000.000000,1482000000.000000,1.000000,190212847.000000,190565397.000000,191815695.000000,50.494000,7124000000.000000,19000000.000000,-104000000.000000,12000000.000000,37.383000
MRT,2021-06-30,2021-06-30,2021-06-30,2021-Q2,782000000.000000,52517917759.000000,2025-04-29,0.000000,7481000000.000000,6902000000.000000,3751000000.000000,3730000000.000000,1.249000,14.118000,-96000000.000000,2440000000.000000,2904761905.000000,6346000000.000000,-223000000.000000,1.263000,1.772000,1775000000.000000,0.000000,1775000000.000000,2113095238.000000,439000000.000000,118000000.000000,0.000000,0.000000,0.000000,60000000.000000,178000000.000000,0.021000,211904762.000000,71428571.000000,-200000000.000000,-1.170000,-1.680000,-1.393000,2699000000.000000,2803500000.000000,3213095238.000000,51768217160.000000,725.000000,244.299000,252000000.000000,1.318000,0.840000,2275000000.000000,0.264000,946000000.000000,260000000.000000,2901000000.000000,2578750000.000000,0.000000,2509000000.000000,612000000.000000,1897000000.000000,4782000000.000000,2969000000.000000,1813000000.000000,1303000000.000000,-300000000.000000,218000000.000000,1193000000.000000,,1374000000.000000,-419000000.000000,-9000000.000000,348000000.000000,-11000000.000000,-223000000.000000,-223000000.000000,-265476190.000000,0.000000,0.000000,-0.026000,2358000000.000000,-83000000.000000,705000000.000000,0.000000,16.345000,-197.825000,-197.859000,792000000.000000,0.000000,275.590000,5.117000,5.133000,492000000.000000,-3287000000.000000,8621000000.000000,10263095238.000000,859000000.000000,-0.032000,-0.080000,0.023000,0.007000,205000000.000000,1499000000.000000,1.000000,190565397.000000,191172946.000000,194084446.000000,53.685000,6535000000.000000,23000000.000000,23000000.000000,11000000.000000,34.184000
MRT,2021-09-30,2021-09-30,2021-09-30,2021-Q3,962000000.000000,43078911652.000000,2025-04-29,0.000000,6989000000.000000,7208250000.000000,4037000000.000000,2952000000.000000,1.269000,11.056000,-104000000.000000,2512000000.000000,2955294118.000000,6693000000.000000,-120000000.000000,1.313000,2.301000,1757000000.000000,0.000000,1757000000.000000,2067058824.000000,440000000.000000,123000000.000000,0.000000,0.000000,0.000000,262000000.000000,385000000.000000,0.042000,452941176.000000,308235294.000000,78000000.000000,-0.630000,-1.510000,-0.741000,2117000000.000000,2716250000.000000,2490588235.000000,42296558710.000000,137.000000,93.382000,245000000.000000,1.279000,0.850000,2454000000.000000,0.268000,960000000.000000,184000000.000000,2199000000.000000,2670250000.000000,0.000000,1815000000.000000,725000000.000000,1090000000.000000,4872000000.000000,3075000000.000000,1797000000.000000,1251000000.000000,-300000000.000000,155000000.000000,1190000000.000000,,1308000000.000000,-406000000.000000,1000000.000000,349000000.000000,79000000.000000,-120000000.000000,-120000000.000000,-141176471.000000,0.000000,0.000000,-0.013000,2422000000.000000,32000000.000000,774000000.000000,0.000000,17.297000,-305.142000,-304.030000,812000000.000000,0.000000,225.340000,4.003000,4.010000,571000000.000000,-3285000000.000000,9147000000.000000,10761176471.000000,891000000.000000,-0.017000,-0.044000,0.098000,0.029000,216000000.000000,1531000000.000000,1.000000,191172946.000000,191485473.000000,194551862.000000,56.198000,6029000000.000000,18000000.000000,198000000.000000,10000000.000000,31.485000
MRT,2021-12-31,2021-12-31,2021-12-31,2021-Q4,1146000000.000000,44829481381.000000,2025-04-29,0.000000,7170000000.000000,7419250000.000000,4372000000.000000,2798000000.000000,1.303000,11.077000,-85000000.000000,2744000000.000000,3118181818.000000,7077000000.000000,-34000000.000000,1.355000,2.384000,1781000000.000000,0.000000,1781000000.000000,2023863636.000000,458000000.000000,127000000.000000,0.000000,0.000000,0.000000,340000000.000000,467000000.000000,0.048000,530681818.000000,386363636.000000,249000000.000000,-0.180000,-1.030000,-0.205000,2119000000.000000,2544750000.000000,2407954545.000000,43951574404.000000,114.000000,82.821000,276000000.000000,1.443000,0.880000,2591000000.000000,0.268000,983000000.000000,91000000.000000,1998000000.000000,2665000000.000000,0.000000,1672000000.000000,756000000.000000,916000000.000000,5051000000.000000,3226000000.000000,1825000000.000000,1424000000.000000,-115000000.000000,109000000.000000,1188000000.000000,0.000000,1250000000.000000,-187000000.000000,22000000.000000,361000000.000000,169000000.000000,-34000000.000000,-34000000.000000,-38636364.000000,0.000000,0.000000,-0.004000,2497000000.000000,94000000.000000,793000000.000000,0.000000,18.617000,-1160.292000,-1144.147000,809000000.000000,0.000000,234.030000,4.080000,4.075000,621000000.000000,-3220000000.000000,9668000000.000000,10986363636.000000,912000000.000000,-0.005000,-0.013000,0.128000,0.035000,223000000.000000,1585000000.000000,1.000000,191554422.000000,191298397.000000,193943455.000000,57.431000,6187000000.000000,18000000.000000,283000000.000000,23000000.000000,32.342000
MRT,2022-03-31,2022-03-31,2022-03-31,2022-Q1,1245000000.000000,29018766497.000000,2025-04-29,0.000000,7039000000.000000,7169750000.000000,4368000000.000000,2671000000.000000,1.420000,11.155000,-71000000.000000,2721000000.000000,2990109890.000000,7468000000.000000,74000000.000000,1.399000,2.279000,1733000000.000000,0.000000,1733000000.000000,1904395604.000000,469000000.000000,134000000.000000,0.000000,0.000000,0.000000,391000000.000000,525000000.000000,0.052000,576923077.000000,429670330.000000,317000000.000000,0.390000,-0.570000,0.429000,2147000000.000000,2270500000.000000,2359340659.000000,27924448315.000000,65.000000,48.402000,262000000.000000,1.361000,0.910000,2714000000.000000,0.267000,1087000000.000000,74000000.000000,1841000000.000000,2234750000.000000,0.000000,1498000000.000000,816000000.000000,682000000.000000,4892000000.000000,3123000000.000000,1769000000.000000,126000000.000000,-141000000.000000,99000000.000000,-37000000.000000,,22000000.000000,-229000000.000000,-8000000.000000,333000000.000000,153000000.000000,74000000.000000,74000000.000000,81318681.000000,0.000000,0.000000,0.007000,2640000000.000000,74000000.000000,695000000.000000,0.000000,12.300000,356.852000,352.380000,812000000.000000,0.000000,151.020000,2.594000,2.598000,556000000.000000,-3089000000.000000,10182000000.000000,11189010989.000000,966000000.000000,0.010000,0.033000,0.175000,0.038000,243000000.000000,1674000000.000000,1.000000,192151811.000000,192476022.000000,197077256.000000,58.132000,5952000000.000000,13000000.000000,243000000.000000,13000000.000000,30.923000
MRT,2022-06-30,2022-06-30,2022-06-30,2022-Q2,1188000000.000000,18060025144.000000,2025-04-29,0.000000,7388000000.000000,7146500000.000000,4522000000.000000,2866000000.000000,1.499000,11.925000,-56000000.000000,2786000000.000000,2932631579.000000,7960000000.000000,-31000000.000000,1.356000,2.211000,1719000000.000000,0.000000,1719000000.000000,1809473684.000000,489000000.000000,143000000.000000,0.000000,0.000000,0.000000,282000000.000000,425000000.000000,0.040000,447368421.000000,296842105.000000,219000000.000000,-0.160000,-1.230000,-0.168000,2301000000.000000,2171000000.000000,2422105263.000000,16986112101.000000,57.000000,37.969000,262000000.000000,1.358000,0.950000,2755000000.000000,0.257000,1237000000.000000,63000000.000000,1750000000.000000,1947000000.000000,0.000000,1502000000.000000,782000000.000000,720000000.000000,5087000000.000000,3334000000.000000,1753000000.000000,67000000.000000,-213000000.000000,73000000.000000,-39000000.000000,,-4000000.000000,-247000000.000000,30000000.000000,318000000.000000,279000000.000000,-31000000.000000,-31000000.000000,-32631579.000000,0.000000,0.000000,-0.003000,2887000000.000000,-132000000.000000,825000000.000000,0.000000,7.456000,-553.452000,-557.116000,818000000.000000,0.000000,93.830000,1.601000,1.605000,613000000.000000,-3214000000.000000,10715000000.000000,11278947368.000000,1047000000.000000,-0.004000,-0.014000,0.145000,0.026000,280000000.000000,1840000000.000000,1.000000,192476022.000000,192948032.000000,195859532.000000,58.456000,6151000000.000000,11000000.000000,250000000.000000,8000000.000000,31.879000
MRT,2022-09-30,2022-09-30,2022-09-30,2022-Q3,1101000000.000000,16651415162.000000,2025-04-29,0.000000,7632000000.000000,7307250000.000000,4659000000.000000,2973000000.000000,1.540000,11.565000,-36000000.000000,2851000000.000000,2851000000.000000,8413000000.000000,-199000000.000000,1.309000,2.418000,1805000000.000000,0.000000,1805000000.000000,1805000000.000000,522000000.000000,154000000.000000,0.000000,0.000000,0.000000,-20000000.000000,134000000.000000,0.012000,134000000.000000,-20000000.000000,-87000000.000000,-1.030000,-1.810000,-1.030000,2233000000.000000,2200000000.000000,2233000000.000000,15573637384.000000,-779.000000,116.221000,199000000.000000,1.031000,1.000000,2837000000.000000,0.252000,1414000000.000000,67000000.000000,1614000000.000000,1800750000.000000,0.000000,1445000000.000000,815000000.000000,630000000.000000,5399000000.000000,3558000000.000000,1841000000.000000,-44000000.000000,-320000000.000000,40000000.000000,-41000000.000000,,-44000000.000000,-235000000.000000,128000000.000000,235000000.000000,383000000.000000,-199000000.000000,-199000000.000000,-199000000.000000,0.000000,0.000000,-0.018000,3272000000.000000,-435000000.000000,947000000.000000,0.000000,7.457000,-83.675000,-83.786000,835000000.000000,0.000000,86.300000,1.480000,1.481000,648000000.000000,-3379000000.000000,11250000000.000000,11250000000.000000,1225000000.000000,-0.027000,-0.090000,-0.011000,-0.002000,331000000.000000,2047000000.000000,1.000000,192948032.000000,193077334.000000,195988834.000000,58.267000,6218000000.000000,10000000.000000,112000000.000000,18000000.000000,32.205000
MRT,2022-12-31,2022-12-31,2022-12-31,2022-Q4,836000000.000000,15243455519.000000,2025-04-29,0.000000,7636000000.000000,7423750000.000000,4352000000.000000,3284000000.000000,1.580000,12.445000,-25000000.000000,2483000000.000000,2641489362.000000,8801000000.000000,-430000000.000000,1.238000,2.180000,1683000000.000000,0.000000,1683000000.000000,1790425532.000000,520000000.000000,171000000.000000,0.000000,0.000000,0.000000,-238000000.000000,-67000000.000000,-0.006000,-71276596.000000,-253191489.000000,-370000000.000000,-2.230000,-2.930000,-2.372000,2401000000.000000,2270500000.000000,2554255319.000000,14217965323.000000,-56.000000,-199.476000,21000000.000000,0.109000,0.940000,2926000000.000000,0.250000,1295000000.000000,132000000.000000,2025000000.000000,1807500000.000000,0.000000,2005000000.000000,867000000.000000,1138000000.000000,5235000000.000000,3516000000.000000,1719000000.000000,-417000000.000000,-306000000.000000,41000000.000000,-43000000.000000,0.000000,-40000000.000000,-423000000.000000,-89000000.000000,46000000.000000,156000000.000000,-430000000.000000,-430000000.000000,-457446809.000000,0.000000,0.000000,-0.037000,3585000000.000000,-659000000.000000,845000000.000000,0.000000,5.968000,-33.323000,-33.279000,765000000.000000,0.000000,78.950000,1.222000,1.221000,690000000.000000,-3647000000.000000,11727000000.000000,12475531915.000000,1387000000.000000,-0.058000,-0.189000,-0.132000,-0.020000,381000000.000000,2198000000.000000,1.000000,193077334.000000,192934862.000000,195846362.000000,64.662000,6341000000.000000,13000000.000000,60000000.000000,16000000.000000,32.866000
MRT,2023-03-31,2023-03-31,2023-03-31,2023-Q1,834000000.000000,25827846604.000000,2025-04-29,0.000000,7529000000.000000,7546250000.000000,4293000000.000000,3236000000.000000,1.605000,12.099000,-17000000.000000,2443000000.000000,2655434783.000000,9087000000.000000,-786000000.000000,1.241000,2.215000,1702000000.000000,0.000000,1702000000.000000,1850000000.000000,524000000.000000,178000000.000000,0.000000,0.000000,0.000000,-536000000.000000,-358000000.000000,-0.030000,-389130435.000000,-582608696.000000,-731000000.000000,-4.070000,-4.300000,-4.424000,2342000000.000000,2319250000.000000,2545652174.000000,24958281386.000000,-43.000000,-64.139000,51000000.000000,0.263000,0.920000,3021000000.000000,0.250000,1270000000.000000,195000000.000000,2059000000.000000,1862000000.000000,0.000000,2129000000.000000,995000000.000000,1134000000.000000,5187000000.000000,3459000000.000000,1728000000.000000,-334000000.000000,-228000000.000000,75000000.000000,-48000000.000000,,-13000000.000000,-389000000.000000,-160000000.000000,68000000.000000,56000000.000000,-786000000.000000,-786000000.000000,-854347826.000000,0.000000,0.000000,-0.065000,3830000000.000000,-809000000.000000,850000000.000000,0.000000,10.146000,-30.231000,-30.204000,744000000.000000,0.000000,133.620000,1.962000,1.965000,555000000.000000,-3875000000.000000,12108000000.000000,13160869565.000000,1572000000.000000,-0.104000,-0.339000,-0.288000,-0.044000,418000000.000000,2258000000.000000,1.000000,193293269.000000,193562462.000000,193562462.000000,67.993000,6259000000.000000,16000000.000000,55000000.000000,15000000.000000,32.336000
MRT,2023-06-30,2023-06-30,2023-06-30,2023-Q2,783000000.000000,31076453274.000000,2025-04-29,0.000000,7312000000.000000,7527250000.000000,4329000000.000000,2983000000.000000,1.650000,10.565000,-14000000.000000,2550000000.000000,2802197802.000000,9338000000.000000,-963000000.000000,1.221000,2.560000,1689000000.000000,0.000000,1689000000.000000,1856043956.000000,536000000.000000,182000000.000000,0.000000,0.000000,0.000000,-674000000.000000,-492000000.000000,-0.040000,-540659341.000000,-740659341.000000,-882000000.000000,-4.970000,-5.000000,-5.462000,2054000000.000000,2257500000.000000,2257142857.000000,30262167560.000000,-41.000000,-55.973000,28000000.000000,0.144000,0.910000,3083000000.000000,0.248000,1253000000.000000,208000000.000000,1652000000.000000,1837500000.000000,0.000000,1881000000.000000,866000000.000000,1015000000.000000,5258000000.000000,3546000000.000000,1712000000.000000,-178000000.000000,-114000000.000000,110000000.000000,-65000000.000000,,-1000000.000000,-219000000.000000,-96000000.000000,42000000.000000,-58000000.000000,-963000000.000000,-963000000.000000,-1058241758.000000,0.000000,0.000000,-0.078000,3945000000.000000,-862000000.000000,893000000.000000,0.000000,13.768000,-29.366000,-29.396000,624000000.000000,0.000000,160.550000,2.277000,2.287000,632000000.000000,-4177000000.000000,12421000000.000000,13649450549.000000,1689000000.000000,-0.128000,-0.427000,-0.367000,-0.054000,410000000.000000,2256000000.000000,1.000000,193562462.000000,194420128.000000,194420128.000000,70.206000,6059000000.000000,23000000.000000,81000000.000000,17000000.000000,31.164000
MRT,2023-09-30,2023-09-30,2023-09-30,2023-Q3,994000000.000000,30104705454.000000,2025-04-29,0.000000,7592000000.000000,7517250000.000000,4695000000.000000,2897000000.000000,1.695000,10.976000,-10000000.000000,2618000000.000000,2785106383.000000,9524000000.000000,-732000000.000000,1.269000,2.549000,1729000000.000000,0.000000,1729000000.000000,1839361702.000000,599000000.000000,174000000.000000,0.000000,0.000000,0.000000,-461000000.000000,-287000000.000000,-0.023000,-305319149.000000,-490425532.000000,-665000000.000000,-3.780000,-3.680000,-4.021000,2139000000.000000,2234000000.000000,2275531915.000000,29137289724.000000,-59.000000,-95.432000,203000000.000000,1.042000,0.940000,3218000000.000000,0.253000,1278000000.000000,204000000.000000,1724000000.000000,1865000000.000000,0.000000,2000000000.000000,1097000000.000000,903000000.000000,5453000000.000000,3701000000.000000,1752000000.000000,-81000000.000000,-7000000.000000,142000000.000000,-67000000.000000,,19000000.000000,-313000000.000000,-301000000.000000,213000000.000000,-155000000.000000,-732000000.000000,-732000000.000000,-778723404.000000,0.000000,0.000000,-0.057000,3820000000.000000,-602000000.000000,945000000.000000,0.000000,13.230000,-38.659000,-38.455000,618000000.000000,0.000000,154.640000,2.221000,2.223000,747000000.000000,-4112000000.000000,12742000000.000000,13555319149.000000,1672000000.000000,-0.097000,-0.328000,-0.247000,-0.036000,387000000.000000,2148000000.000000,1.000000,194676057.000000,194881723.000000,198012369.000000,69.557000,6314000000.000000,31000000.000000,67000000.000000,14000000.000000,32.399000
MRT,2023-12-31,2023-12-31,2023-12-31,2023-Q4,1170000000.000000,36620224569.000000,2025-04-29,0.000000,8346000000.000000,7694750000.000000,5260000000.000000,3086000000.000000,1.722000,12.956000,-6000000.000000,3114000000.000000,3460000000.000000,9850000000.000000,-532000000.000000,1.286000,2.308000,1696000000.000000,0.000000,1696000000.000000,1884444444.000000,622000000.000000,158000000.000000,0.000000,0.000000,0.000000,-285000000.000000,-127000000.000000,-0.010000,-141111111.000000,-316666667.000000,-505000000.000000,-2.730000,-2.730000,-3.033000,2523000000.000000,2264500000.000000,2803333333.000000,35684435095.000000,-113.000000,-252.882000,674000000.000000,3.461000,0.900000,3397000000.000000,0.256000,1221000000.000000,220000000.000000,1617000000.000000,1763000000.000000,0.000000,2315000000.000000,1100000000.000000,1215000000.000000,5823000000.000000,4090000000.000000,1733000000.000000,697000000.000000,-7000000.000000,366000000.000000,-66000000.000000,0.000000,234000000.000000,-217000000.000000,-211000000.000000,680000000.000000,-66000000.000000,-532000000.000000,-532000000.000000,-591111111.000000,0.000000,0.000000,-0.040000,3843000000.000000,-446000000.000000,978000000.000000,0.000000,13.063000,-61.952000,-61.948000,547000000.000000,0.000000,187.910000,2.488000,2.486000,858000000.000000,-4182000000.000000,13247000000.000000,14718888889.000000,1725000000.000000,-0.069000,-0.235000,-0.162000,-0.022000,321000000.000000,2118000000.000000,1.000000,194881723.000000,194732304.000000,194732304.000000,75.585000,7125000000.000000,48000000.000000,27000000.000000,20000000.000000,36.589000
MRT,2024-03-31,2024-03-31,2024-03-31,2024-Q1,1678000000.000000,52026140357.000000,2025-04-29,0.000000,9075000000.000000,8081250000.000000,5644000000.000000,3431000000.000000,1.713000,16.710000,-9000000.000000,3451000000.000000,3751086957.000000,10206000000.000000,-110000000.000000,1.423000,1.743000,1763000000.000000,0.000000,1763000000.000000,1916304348.000000,634000000.000000,145000000.000000,0.000000,0.000000,0.000000,71000000.000000,216000000.000000,0.016000,234782609.000000,77173913.000000,-125000000.000000,-0.580000,-0.600000,-0.630000,3309000000.000000,2506250000.000000,3596739130.000000,50501409174.000000,654.000000,215.099000,823000000.000000,4.156000,0.920000,3635000000.000000,0.263000,1235000000.000000,196000000.000000,2186000000.000000,1794750000.000000,0.000000,2754000000.000000,1220000000.000000,1534000000.000000,5766000000.000000,3966000000.000000,1800000000.000000,1010000000.000000,-7000000.000000,533000000.000000,-66000000.000000,,387000000.000000,-209000000.000000,-183000000.000000,832000000.000000,-2000000.000000,-110000000.000000,-110000000.000000,-119565217.000000,0.000000,0.000000,-0.008000,3757000000.000000,-122000000.000000,1048000000.000000,0.000000,14.465000,-435.128000,-418.600000,498000000.000000,0.000000,263.900000,3.458000,3.474000,828000000.000000,-3985000000.000000,13841000000.000000,15044565217.000000,1679000000.000000,-0.014000,-0.044000,0.040000,0.005000,285000000.000000,2078000000.000000,1.000000,197143389.000000,198025456.000000,203773043.000000,75.973000,7840000000.000000,62000000.000000,-15000000.000000,31000000.000000,39.591000
MRT,2024-06-30,2024-06-30,2024-06-30,2024-Q2,2285000000.000000,62461175056.000000,2025-04-29,0.000000,10146000000.000000,8789750000.000000,6344000000.000000,3802000000.000000,1.646000,21.299000,-9000000.000000,4054000000.000000,4359139785.000000,10490000000.000000,466000000.000000,1.563000,1.382000,1795000000.000000,0.000000,1795000000.000000,1930107527.000000,657000000.000000,131000000.000000,0.000000,0.000000,0.000000,627000000.000000,758000000.000000,0.052000,815053763.000000,674193548.000000,386000000.000000,2.340000,2.280000,2.516000,4259000000.000000,3057500000.000000,4579569892.000000,60646121293.000000,90.000000,74.408000,1302000000.000000,6.511000,0.930000,3981000000.000000,0.275000,1235000000.000000,241000000.000000,2593000000.000000,2030000000.000000,0.000000,3275000000.000000,1344000000.000000,1931000000.000000,5887000000.000000,4059000000.000000,1828000000.000000,1476000000.000000,-10000000.000000,738000000.000000,-63000000.000000,,579000000.000000,-414000000.000000,-398000000.000000,1311000000.000000,28000000.000000,466000000.000000,466000000.000000,501075269.000000,0.000000,0.000000,0.032000,3590000000.000000,391000000.000000,1091000000.000000,0.000000,13.639000,124.654000,124.711000,465000000.000000,0.000000,313.790000,4.014000,4.032000,805000000.000000,-3711000000.000000,14471000000.000000,15560215054.000000,1605000000.000000,0.053000,0.152000,0.309000,0.043000,269000000.000000,1985000000.000000,1.000000,199054065.000000,199959172.000000,206119851.000000,77.817000,8911000000.000000,84000000.000000,-80000000.000000,36000000.000000,44.564000
MRT,2024-09-30,2024-09-30,2024-09-30,2024-Q3,2897000000.000000,73690953657.000000,2025-04-29,0.000000,10553000000.000000,9530000000.000000,7003000000.000000,3550000000.000000,1.585000,22.984000,-12000000.000000,4688000000.000000,5208888889.000000,10766000000.000000,701000000.000000,1.706000,1.278000,1786000000.000000,0.000000,1786000000.000000,1984444444.000000,680000000.000000,125000000.000000,0.000000,0.000000,0.000000,1060000000.000000,1185000000.000000,0.078000,1316666667.000000,1177777778.000000,711000000.000000,3.500000,3.400000,3.889000,4633000000.000000,3681000000.000000,5147777778.000000,71235518875.000000,60.000000,54.103000,1803000000.000000,8.945000,0.900000,4336000000.000000,0.287000,1186000000.000000,349000000.000000,2359000000.000000,2188750000.000000,0.000000,2996000000.000000,1392000000.000000,1604000000.000000,5920000000.000000,4106000000.000000,1814000000.000000,2201000000.000000,-10000000.000000,858000000.000000,-68000000.000000,,679000000.000000,-293000000.000000,-268000000.000000,1815000000.000000,-128000000.000000,701000000.000000,701000000.000000,778888889.000000,0.000000,0.000000,0.046000,3523000000.000000,813000000.000000,1084000000.000000,0.000000,14.315000,94.610000,94.765000,430000000.000000,0.000000,368.530000,4.392000,4.427000,813000000.000000,-3411000000.000000,15102000000.000000,16780000000.000000,1578000000.000000,0.074000,0.190000,0.484000,0.070000,247000000.000000,1945000000.000000,1.000000,199959172.000000,201575568.000000,207399501.000000,83.244000,9367000000.000000,221000000.000000,10000000.000000,41000000.000000,46.469000
MRT,2024-12-31,2024-12-31,2024-12-31,2024-Q4,3929000000.000000,90180877612.000000,2025-04-29,0.000000,12005000000.000000,10444750000.000000,8379000000.000000,3626000000.000000,1.501000,27.539000,-17000000.000000,4781000000.000000,4980208333.000000,10949000000.000000,1138000000.000000,1.883000,1.173000,2001000000.000000,0.000000,2001000000.000000,2084375000.000000,683000000.000000,121000000.000000,0.000000,0.000000,0.000000,1693000000.000000,1814000000.000000,0.116000,1889583333.000000,1763541667.000000,1341000000.000000,5.670000,5.500000,5.906000,5525000000.000000,4431500000.000000,5755208333.000000,87093643569.000000,49.000000,46.091000,2284000000.000000,11.385000,0.960000,4724000000.000000,0.301000,1249000000.000000,352000000.000000,3526000000.000000,2666000000.000000,0.000000,4302000000.000000,2667000000.000000,1635000000.000000,6480000000.000000,4450000000.000000,2030000000.000000,1544000000.000000,-10000000.000000,933000000.000000,-69000000.000000,0.000000,729000000.000000,-1486000000.000000,-1452000000.000000,2301000000.000000,123000000.000000,1138000000.000000,1138000000.000000,1185416667.000000,0.000000,0.000000,0.073000,3359000000.000000,1365000000.000000,1342000000.000000,0.000000,15.669000,76.075000,75.747000,414000000.000000,0.000000,447.380000,5.524000,5.498000,845000000.000000,-3044000000.000000,15673000000.000000,16326041667.000000,1486000000.000000,0.109000,0.257000,0.635000,0.108000,267000000.000000,1873000000.000000,1.000000,201575568.000000,200622518.000000,206990369.000000,81.377000,10756000000.000000,214000000.000000,203000000.000000,54000000.000000,53.613000
MRT,2025-03-31,2025-03-31,2025-03-31,2025-Q1,2889000000.000000,112120540282.000000,2025-04-29,0.000000,12687000000.000000,11347750000.000000,8854000000.000000,3833000000.000000,1.430000,30.552000,-18000000.000000,5019000000.000000,5455434783.000000,11181000000.000000,1166000000.000000,1.484000,1.031000,2102000000.000000,1654000000.000000,448000000.000000,2284782609.000000,675000000.000000,117000000.000000,0.000000,0.000000,0.000000,2046000000.000000,2163000000.000000,0.133000,2351086957.000000,2223913043.000000,1495000000.000000,5.770000,5.610000,6.272000,6247000000.000000,5166000000.000000,6790217391.000000,109224706949.000000,49.000000,46.457000,2611000000.000000,12.770000,0.920000,5046000000.000000,0.311000,1199000000.000000,551000000.000000,2606000000.000000,2771000000.000000,0.000000,4852000000.000000,2894000000.000000,1958000000.000000,6440000000.000000,5965000000.000000,475000000.000000,1596000000.000000,-10000000.000000,895000000.000000,-76000000.000000,,653000000.000000,-1686000000.000000,-1653000000.000000,2629000000.000000,-28000000.000000,1166000000.000000,1166000000.000000,1267391304.000000,0.000000,0.000000,0.072000,3340000000.000000,1706000000.000000,1064000000.000000,0.000000,16.512000,88.466000,87.700000,401000000.000000,0.000000,550.030000,6.357000,6.376000,823000000.000000,-2819000000.000000,16227000000.000000,17638043478.000000,1476000000.000000,0.103000,0.226000,0.738000,0.126000,240000000.000000,1864000000.000000,1.000000,203844409.000000,204467927.000000,210243478.000000,86.263000,11488000000.000000,182000000.000000,329000000.000000,61000000.000000,56.185000
MRY,2015-12-31,2015-12-31,2015-12-31,2015-FY,73000000.000000,,2025-04-29,0.000000,1051000000.000000,,871000000.000000,180000000.000000,,1.613000,-49000000.000000,597000000.000000,648416159.000000,1714000000.000000,-230000000.000000,1.091000,3.590000,0.000000,0.000000,0.000000,0.000000,92000000.000000,30000000.000000,0.000000,,0.000000,-199000000.000000,-169000000.000000,-0.087000,-183554993.000000,-216138720.000000,-225000000.000000,-1.620000,-1.620000,-1.760000,229000000.000000,,248722446.000000,,,,-87000000.000000,-0.613000,0.921000,226000000.000000,0.116000,73000000.000000,26000000.000000,-417000000.000000,,0.000000,1000000.000000,0.000000,1000000.000000,822000000.000000,798000000.000000,24000000.000000,371000000.000000,-8000000.000000,480000000.000000,-4000000.000000,0.000000,476000000.000000,-67000000.000000,0.000000,-38000000.000000,20000000.000000,-230000000.000000,-230000000.000000,-249808571.000000,0.000000,0.000000,-0.119000,461000000.000000,-235000000.000000,119000000.000000,0.000000,,,,81000000.000000,0.000000,,,,244000000.000000,-653000000.000000,1940000000.000000,2107080987.000000,136000000.000000,,,,-0.103000,28000000.000000,325000000.000000,1.000000,,141946600.000000,141946600.000000,14.844000,978000000.000000,7000000.000000,5000000.000000,5000000.000000,6.890000
MRY,2016-12-31,2016-12-31,2016-12-31,2016-FY,689000000.000000,,2025-04-29,0.000000,2100000000.000000,1575500000.000000,1909000000.000000,191000000.000000,1.874000,-1.618000,-27000000.000000,755000000.000000,794569564.000000,2551000000.000000,-539000000.000000,1.565000,-9.750000,1106000000.000000,0.000000,1106000000.000000,1163965481.000000,149000000.000000,38000000.000000,0.000000,,0.000000,-199000000.000000,-161000000.000000,-0.055000,-169438013.000000,-209429594.000000,-535000000.000000,-3.630000,-3.630000,-3.820000,-240000000.000000,-5500000.000000,-252578405.000000,,,,74000000.000000,0.499000,0.950000,401000000.000000,0.136000,80000000.000000,336000000.000000,1151000000.000000,367000000.000000,0.000000,830000000.000000,830000000.000000,0.000000,2340000000.000000,1220000000.000000,1120000000.000000,190000000.000000,0.000000,33000000.000000,861000000.000000,0.000000,916000000.000000,-827000000.000000,-788000000.000000,101000000.000000,-32000000.000000,-539000000.000000,-539000000.000000,-567249000.000000,0.000000,0.000000,-0.183000,750000000.000000,-349000000.000000,201000000.000000,0.000000,,,,85000000.000000,0.000000,,,,300000000.000000,-1192000000.000000,2952000000.000000,3106714376.000000,207000000.000000,-0.342000,98.000000,-0.542000,-0.067000,53000000.000000,543000000.000000,1.000000,,148368720.000000,148368720.000000,20.939000,2020000000.000000,9000000.000000,4000000.000000,6000000.000000,13.615000
MRY,2017-12-31,2017-12-31,2017-12-31,2017-FY,38000000.000000,,2025-04-29,0.000000,3107000000.000000,2603500000.000000,1898000000.000000,1209000000.000000,1.571000,1.569000,-36000000.000000,477000000.000000,572422897.000000,3241000000.000000,-1235000000.000000,1.020000,12.055000,944000000.000000,0.000000,944000000.000000,1132845314.000000,216000000.000000,54000000.000000,0.000000,,0.000000,-259000000.000000,-205000000.000000,-0.050000,-246009840.000000,-310812432.000000,-1233000000.000000,-8.140000,-8.140000,-9.768000,238000000.000000,-1000000.000000,285611424.000000,,,,143000000.000000,0.943000,0.833000,849000000.000000,0.208000,162000000.000000,974000000.000000,1552000000.000000,1351500000.000000,0.000000,1943000000.000000,1032000000.000000,911000000.000000,2869000000.000000,1860000000.000000,1009000000.000000,-222000000.000000,-49000000.000000,38000000.000000,0.000000,0.000000,34000000.000000,-435000000.000000,-306000000.000000,179000000.000000,-56000000.000000,-1235000000.000000,-1235000000.000000,-1482059282.000000,0.000000,0.000000,-0.302000,1227000000.000000,-378000000.000000,341000000.000000,0.000000,,,,73000000.000000,0.000000,,,,360000000.000000,-2427000000.000000,4090000000.000000,4908196328.000000,396000000.000000,-0.474000,1235.000000,-0.192000,-0.063000,65000000.000000,831000000.000000,1.000000,176976280.000000,151668769.000000,151668769.000000,32.361000,2945000000.000000,9000000.000000,2000000.000000,12000000.000000,19.417000
MRY,2018-12-31,2018-12-31,2018-12-31,2018-FY,97000000.000000,20086807780.000000,2025-04-29,0.000000,4336000000.000000,3757750000.000000,2246000000.000000,2090000000.000000,1.400000,11.820000,-125000000.000000,891000000.000000,1024137931.000000,3906000000.000000,-78000000.000000,1.045000,1.071000,0.000000,0.000000,0.000000,0.000000,258000000.000000,32000000.000000,0.000000,0.000000,0.000000,411000000.000000,443000000.000000,0.084000,509195402.000000,472413793.000000,-173000000.000000,-0.440000,-0.510000,-0.506000,2094000000.000000,1212000000.000000,2406896552.000000,18842489598.000000,40.000000,37.004000,219000000.000000,1.236000,0.870000,1353000000.000000,0.257000,174000000.000000,584000000.000000,1122000000.000000,753250000.000000,0.000000,2561000000.000000,915000000.000000,1646000000.000000,2242000000.000000,2149000000.000000,93000000.000000,414000000.000000,-9000000.000000,91000000.000000,0.000000,0.000000,92000000.000000,-22000000.000000,157000000.000000,344000000.000000,0.000000,-78000000.000000,-78000000.000000,-89655172.000000,0.000000,0.000000,-0.015000,1396000000.000000,-43000000.000000,427000000.000000,0.000000,8.346000,-224.045000,-224.420000,197000000.000000,0.000000,113.500000,3.323000,3.326000,400000000.000000,-2505000000.000000,5259000000.000000,6044827586.000000,493000000.000000,-0.021000,-0.064000,0.546000,0.078000,88000000.000000,903000000.000000,1.000000,176976280.000000,177154405.000000,181210292.000000,34.122000,4162000000.000000,10000000.000000,-95000000.000000,9000000.000000,23.494000
MRY,2019-12-31,2019-12-31,2019-12-31,2019-FY,-208000000.000000,27047026914.000000,2025-04-29,0.000000,5122000000.000000,5216000000.000000,2231000000.000000,2891000000.000000,1.297000,11.257000,-135000000.000000,1065000000.000000,1196629213.000000,5042000000.000000,-186000000.000000,0.915000,1.514000,622000000.000000,0.000000,622000000.000000,698876404.000000,319000000.000000,87000000.000000,0.000000,0.000000,0.000000,202000000.000000,289000000.000000,0.043000,324719101.000000,226966292.000000,-131000000.000000,-1.030000,-1.030000,-1.157000,2037000000.000000,2096500000.000000,2288764045.000000,26762411529.000000,118.000000,82.417000,438000000.000000,2.420000,0.890000,1722000000.000000,0.255000,536000000.000000,333000000.000000,1704000000.000000,1811000000.000000,0.000000,2189000000.000000,692000000.000000,1497000000.000000,3085000000.000000,2439000000.000000,646000000.000000,152000000.000000,-331000000.000000,-195000000.000000,-17000000.000000,0.000000,-203000000.000000,-218000000.000000,262000000.000000,573000000.000000,22000000.000000,-186000000.000000,-186000000.000000,-208988764.000000,0.000000,0.000000,-0.027000,1795000000.000000,-73000000.000000,549000000.000000,0.000000,11.817000,-129.419000,-129.223000,780000000.000000,0.000000,149.550000,3.559000,3.561000,402000000.000000,-2709000000.000000,6764000000.000000,7600000000.000000,615000000.000000,-0.036000,-0.089000,0.112000,0.030000,122000000.000000,1180000000.000000,1.000000,180856081.000000,180960579.000000,180960579.000000,41.998000,4586000000.000000,13000000.000000,55000000.000000,11000000.000000,25.343000
MRY,2020-12-31,2020-12-31,2020-12-31,2020-FY,-534000000.000000,59421284258.000000,2025-04-29,0.000000,6326000000.000000,5662500000.000000,2366000000.000000,3960000000.000000,1.392000,14.953000,-78000000.000000,1151000000.000000,1403658537.000000,5865000000.000000,-581000000.000000,0.816000,1.255000,577000000.000000,0.000000,577000000.000000,703658537.000000,380000000.000000,111000000.000000,0.000000,0.000000,0.000000,-199000000.000000,-88000000.000000,-0.011000,-107317073.000000,-242682927.000000,-709000000.000000,-3.100000,-3.100000,-3.780000,2805000000.000000,2351750000.000000,3420731707.000000,58727166611.000000,-242.000000,-547.230000,181000000.000000,0.965000,0.820000,2015000000.000000,0.256000,833000000.000000,510000000.000000,2019000000.000000,1758500000.000000,0.000000,2873000000.000000,596000000.000000,2277000000.000000,3521000000.000000,2900000000.000000,621000000.000000,172000000.000000,-336000000.000000,319000000.000000,-24000000.000000,0.000000,285000000.000000,-372000000.000000,67000000.000000,259000000.000000,-86000000.000000,-581000000.000000,-581000000.000000,-708536585.000000,0.000000,0.000000,-0.074000,2308000000.000000,-293000000.000000,638000000.000000,0.000000,17.371000,-83.865000,-83.233000,757000000.000000,0.000000,314.660000,6.183000,6.142000,464000000.000000,-3290000000.000000,7880000000.000000,9609756098.000000,837000000.000000,-0.103000,-0.247000,-0.113000,-0.025000,176000000.000000,1471000000.000000,1.000000,188842828.000000,187583307.000000,187583307.000000,51.229000,5493000000.000000,19000000.000000,-128000000.000000,9000000.000000,29.283000
MRY,2021-12-31,2021-12-31,2021-12-31,2021-FY,1146000000.000000,44829481381.000000,2025-04-29,0.000000,7170000000.000000,7419250000.000000,4372000000.000000,2798000000.000000,1.303000,11.077000,-85000000.000000,2744000000.000000,3118181818.000000,7077000000.000000,-34000000.000000,1.355000,2.384000,1781000000.000000,0.000000,1781000000.000000,2023863636.000000,458000000.000000,127000000.000000,0.000000,0.000000,0.000000,340000000.000000,467000000.000000,0.048000,530681818.000000,386363636.000000,249000000.000000,-0.180000,-1.030000,-0.205000,2119000000.000000,2544750000.000000,2407954545.000000,43951574404.000000,114.000000,82.821000,276000000.000000,1.443000,0.880000,2591000000.000000,0.268000,983000000.000000,91000000.000000,1998000000.000000,2665000000.000000,0.000000,1672000000.000000,756000000.000000,916000000.000000,5051000000.000000,3226000000.000000,1825000000.000000,1424000000.000000,-115000000.000000,109000000.000000,1188000000.000000,0.000000,1250000000.000000,-187000000.000000,22000000.000000,361000000.000000,169000000.000000,-34000000.000000,-34000000.000000,-38636364.000000,0.000000,0.000000,-0.004000,2497000000.000000,94000000.000000,793000000.000000,0.000000,18.617000,-1160.292000,-1144.147000,809000000.000000,0.000000,234.030000,4.080000,4.075000,621000000.000000,-3220000000.000000,9668000000.000000,10986363636.000000,912000000.000000,-0.005000,-0.013000,0.128000,0.035000,223000000.000000,1585000000.000000,1.000000,191554422.000000,191298397.000000,193943455.000000,57.431000,6187000000.000000,18000000.000000,283000000.000000,23000000.000000,32.342000
MRY,2022-12-31,2022-12-31,2022-12-31,2022-FY,836000000.000000,15243455519.000000,2025-04-29,0.000000,7636000000.000000,7423750000.000000,4352000000.000000,3284000000.000000,1.580000,12.445000,-25000000.000000,2483000000.000000,2641489362.000000,8801000000.000000,-430000000.000000,1.238000,2.180000,1683000000.000000,0.000000,1683000000.000000,1790425532.000000,520000000.000000,171000000.000000,0.000000,0.000000,0.000000,-238000000.000000,-67000000.000000,-0.006000,-71276596.000000,-253191489.000000,-370000000.000000,-2.230000,-2.930000,-2.372000,2401000000.000000,2270500000.000000,2554255319.000000,14217965323.000000,-56.000000,-199.476000,21000000.000000,0.109000,0.940000,2926000000.000000,0.250000,1295000000.000000,132000000.000000,2025000000.000000,1807500000.000000,0.000000,2005000000.000000,867000000.000000,1138000000.000000,5235000000.000000,3516000000.000000,1719000000.000000,-417000000.000000,-306000000.000000,41000000.000000,-43000000.000000,0.000000,-40000000.000000,-423000000.000000,-89000000.000000,46000000.000000,156000000.000000,-430000000.000000,-430000000.000000,-457446809.000000,0.000000,0.000000,-0.037000,3585000000.000000,-659000000.000000,845000000.000000,0.000000,5.968000,-33.323000,-33.279000,765000000.000000,0.000000,78.950000,1.222000,1.221000,690000000.000000,-3647000000.000000,11727000000.000000,12475531915.000000,1387000000.000000,-0.058000,-0.189000,-0.132000,-0.020000,381000000.000000,2198000000.000000,1.000000,193077334.000000,192934862.000000,195846362.000000,64.662000,6341000000.000000,13000000.000000,60000000.000000,16000000.000000,32.866000
MRY,2023-12-31,2023-12-31,2023-12-31,2023-FY,1170000000.000000,36620224569.000000,2025-04-29,0.000000,8346000000.000000,7694750000.000000,5260000000.000000,3086000000.000000,1.722000,12.956000,-6000000.000000,3114000000.000000,3460000000.000000,9850000000.000000,-532000000.000000,1.286000,2.308000,1696000000.000000,0.000000,1696000000.000000,1884444444.000000,622000000.000000,158000000.000000,0.000000,0.000000,0.000000,-285000000.000000,-127000000.000000,-0.010000,-141111111.000000,-316666667.000000,-505000000.000000,-2.730000,-2.730000,-3.033000,2523000000.000000,2264500000.000000,2803333333.000000,35684435095.000000,-113.000000,-252.882000,674000000.000000,3.461000,0.900000,3397000000.000000,0.256000,1221000000.000000,220000000.000000,1617000000.000000,1763000000.000000,0.000000,2315000000.000000,1100000000.000000,1215000000.000000,5823000000.000000,4090000000.000000,1733000000.000000,697000000.000000,-7000000.000000,366000000.000000,-66000000.000000,0.000000,234000000.000000,-217000000.000000,-211000000.000000,680000000.000000,-66000000.000000,-532000000.000000,-532000000.000000,-591111111.000000,0.000000,0.000000,-0.040000,3843000000.000000,-446000000.000000,978000000.000000,0.000000,13.063000,-61.952000,-61.948000,547000000.000000,0.000000,187.910000,2.488000,2.486000,858000000.000000,-4182000000.000000,13247000000.000000,14718888889.000000,1725000000.000000,-0.069000,-0.235000,-0.162000,-0.022000,321000000.000000,2118000000.000000,1.000000,194881723.000000,194732304.000000,194732304.000000,75.585000,7125000000.000000,48000000.000000,27000000.000000,20000000.000000,36.589000
MRY,2024-12-31,2024-12-31,2024-12-31,2024-FY,3929000000.000000,90180877612.000000,2025-04-29,0.000000,12005000000.000000,10444750000.000000,8379000000.000000,3626000000.000000,1.501000,27.539000,-17000000.000000,4781000000.000000,4980208333.000000,10949000000.000000,1138000000.000000,1.883000,1.173000,2001000000.000000,0.000000,2001000000.000000,2084375000.000000,683000000.000000,121000000.000000,0.000000,0.000000,0.000000,1693000000.000000,1814000000.000000,0.116000,1889583333.000000,1763541667.000000,1341000000.000000,5.670000,5.500000,5.906000,5525000000.000000,4431500000.000000,5755208333.000000,87093643569.000000,49.000000,46.091000,2284000000.000000,11.385000,0.960000,4724000000.000000,0.301000,1249000000.000000,352000000.000000,3526000000.000000,2666000000.000000,0.000000,4302000000.000000,2667000000.000000,1635000000.000000,6480000000.000000,4450000000.000000,2030000000.000000,1544000000.000000,-10000000.000000,933000000.000000,-69000000.000000,0.000000,729000000.000000,-1486000000.000000,-1452000000.000000,2301000000.000000,123000000.000000,1138000000.000000,1138000000.000000,1185416667.000000,0.000000,0.000000,0.073000,3359000000.000000,1365000000.000000,1342000000.000000,0.000000,15.669000,76.075000,75.747000,414000000.000000,0.000000,447.380000,5.524000,5.498000,845000000.000000,-3044000000.000000,15673000000.000000,16326041667.000000,1486000000.000000,0.109000,0.257000,0.635000,0.108000,267000000.000000,1873000000.000000,1.000000,201575568.000000,200622518.000000,206990369.000000,81.377000,10756000000.000000,214000000.000000,203000000.000000,54000000.000000,53.613000
