dimension,calendardate,datekey,reportperiod,fiscalperiod,workingcapital,marketcap,lastupdated,accoci,assets,assetsavg,assetsc,assetsnc,assetturnover,bvps,capex,cashneq,cashnequsd,cor,consolinc,currentratio,de,debt,debtc,debtnc,debtusd,deferredrev,depamor,deposits,divyield,dps,ebit,ebitda,ebitdamargin,ebitdausd,ebitusd,ebt,eps,epsdil,epsusd,equity,equityavg,equityusd,ev,evebit,evebitda,fcf,fcfps,fxusd,gp,grossmargin,intangibles,intexp,invcap,invcapavg,inventory,investments,investmentsc,investmentsnc,liabilities,liabilitiesc,liabilitiesnc,ncf,ncfbus,ncfcommon,ncfdebt,ncfdiv,ncff,ncfi,ncfinv,ncfo,ncfx,netinc,netinccmn,netinccmnusd,netincdis,netincnci,netmargin,opex,opinc,payables,payoutratio,pb,pe,pe1,ppnenet,prefdivis,price,ps,ps1,receivables,retearn,revenue,revenueusd,rnd,roa,roe,roic,ros,sbcomp,sgna,sharefactor,sharesbas,shareswa,shareswadil,sps,tangibles,taxassets,taxexp,taxliabilities,tbvps
ARQ,2014-12-31,2015-04-22,2014-12-31,2014-Q4,-21743398.000000,,2025-04-28,0.000000,3043134.000000,,773684.000000,2269450.000000,,-5.285000,,756632.000000,756632.000000,,,0.034000,-1.138000,1568388.000000,304274.000000,1264114.000000,1568388.000000,0.000000,,0.000000,,0.000000,,,,,,,,,,-22128531.000000,,-22128531.000000,,,,,,1.000000,,,0.000000,,-18662192.000000,,0.000000,0.000000,0.000000,0.000000,25171665.000000,22517082.000000,2654583.000000,,,,,,,,,,,,,,,,,,,1830724.000000,,,,,0.000000,,,,,0.000000,-22141457.000000,,,,,,,,,,1.000000,8654329.000000,4187415.000000,,,3043134.000000,0.000000,,0.000000,0.727000
ARQ,2015-03-31,2015-06-12,2015-03-31,2015-Q1,-27348298.000000,75038003.000000,2025-04-28,0.000000,2769322.000000,,360398.000000,2408924.000000,,-6.834000,0.000000,327007.000000,327007.000000,0.000000,-5711415.000000,0.013000,-1.099000,1740343.000000,310350.000000,1429993.000000,1740343.000000,0.000000,0.000000,0.000000,0.000000,0.000000,-5676162.000000,-5676162.000000,,-5676162.000000,-5676162.000000,-5711415.000000,-1.400000,-1.400000,-1.400000,-27839043.000000,,-27839043.000000,76451339.000000,,,-410941.000000,-0.101000,1.000000,0.000000,,0.000000,35253.000000,-23526038.000000,,0.000000,0.000000,0.000000,0.000000,30608365.000000,27708696.000000,2899669.000000,-428850.000000,0.000000,0.000000,0.000000,0.000000,-17909.000000,0.000000,0.000000,-410941.000000,0.000000,-5711415.000000,-5711415.000000,-5711415.000000,0.000000,0.000000,,461040.000000,-461040.000000,1879414.000000,0.000000,-2.695000,,,0.000000,0.000000,7.670000,,,0.000000,-27852872.000000,0.000000,0.000000,138969.000000,,,,,903.000000,322071.000000,1.000000,9783312.000000,4073609.000000,4073609.000000,0.000000,2769322.000000,0.000000,0.000000,0.000000,0.680000
ARQ,2015-06-30,2015-08-14,2015-06-30,2015-Q2,17393539.000000,71124678.000000,2025-04-28,-12461.000000,22269649.000000,,22269649.000000,0.000000,,2.372000,0.000000,9497200.000000,9497200.000000,0.000000,-7865066.000000,4.567000,0.280000,1670509.000000,1670509.000000,0.000000,1670509.000000,0.000000,0.000000,0.000000,0.000000,0.000000,-7835252.000000,-7835252.000000,,-7835252.000000,-7835252.000000,-7865066.000000,-1.070000,-1.070000,-1.070000,17393539.000000,,17393539.000000,63297987.000000,,,-1620709.000000,-0.221000,1.000000,0.000000,,0.000000,29814.000000,9566848.000000,,0.000000,12162251.000000,12162251.000000,0.000000,4876110.000000,4876110.000000,0.000000,9170193.000000,0.000000,25394614.000000,0.000000,0.000000,22964969.000000,0.000000,0.000000,-1620709.000000,0.000000,-7865066.000000,-7865066.000000,-7865066.000000,0.000000,0.000000,,2626914.000000,-2626914.000000,1008277.000000,0.000000,4.089000,,,0.000000,0.000000,7.270000,,,0.000000,-35717938.000000,0.000000,0.000000,1100906.000000,,,,,1471509.000000,1526008.000000,1.000000,9783312.000000,7331861.000000,7331861.000000,0.000000,22269649.000000,0.000000,0.000000,0.000000,3.037000
ARQ,2015-09-30,2015-11-05,2015-09-30,2015-Q3,13209700.000000,48536735.000000,2025-04-28,-4848.000000,19012251.000000,,18932251.000000,80000.000000,,1.483000,0.000000,2140115.000000,2140115.000000,0.000000,-4736544.000000,3.308000,0.433000,1911024.000000,1911024.000000,0.000000,1911024.000000,0.000000,0.000000,0.000000,0.000000,0.000000,-4726232.000000,-4726232.000000,,-4726232.000000,-4726232.000000,-4736544.000000,-0.530000,-0.530000,-0.530000,13270551.000000,,13270551.000000,48307644.000000,,,-3400454.000000,-0.380000,1.000000,0.000000,,0.000000,10312.000000,13060609.000000,,0.000000,15349507.000000,15349507.000000,0.000000,5741700.000000,5722551.000000,19149.000000,-7357085.000000,0.000000,0.000000,0.000000,0.000000,-704656.000000,-3251975.000000,-3251975.000000,-3400454.000000,0.000000,-4736544.000000,-4736544.000000,-4736544.000000,0.000000,0.000000,,4288221.000000,-4288221.000000,401672.000000,0.000000,3.657000,,,0.000000,0.000000,5.015000,,,0.000000,-40454482.000000,0.000000,0.000000,2507553.000000,,,,,601592.000000,1780668.000000,1.000000,9678312.000000,8947480.000000,8947480.000000,0.000000,19012251.000000,0.000000,0.000000,0.000000,2.125000
ARQ,2015-12-31,2016-03-08,2015-12-31,2015-Q4,13224836.000000,20820043.000000,2025-04-28,-7370.000000,15439103.000000,,15201648.000000,237455.000000,,1.373000,0.000000,848550.000000,848550.000000,0.000000,-5090963.000000,7.690000,0.770000,2151540.000000,0.000000,2151540.000000,2151540.000000,0.000000,0.000000,0.000000,0.000000,0.000000,-5077660.000000,-5077660.000000,,-5077660.000000,-5077660.000000,-5090963.000000,-0.990000,-0.990000,-0.990000,8724998.000000,,8724998.000000,22123033.000000,-1.000000,-0.949000,-3299390.000000,-0.519000,1.000000,0.000000,,0.000000,13303.000000,14765281.000000,,0.000000,13335499.000000,13335499.000000,0.000000,6714105.000000,1976812.000000,4737293.000000,-1371565.000000,0.000000,20489.000000,0.000000,0.000000,-28175.000000,1956000.000000,1956000.000000,-3299390.000000,0.000000,-5090963.000000,-5090963.000000,-5090963.000000,0.000000,0.000000,,4620303.000000,-4620303.000000,592414.000000,0.000000,2.386000,-0.890000,-0.584000,0.000000,0.000000,2.150000,,,0.000000,-45545445.000000,0.000000,0.000000,3219414.000000,,,,,527444.000000,1400889.000000,1.000000,9683741.000000,6355869.000000,6355869.000000,0.000000,15439103.000000,0.000000,0.000000,0.000000,2.429000
ARQ,2015-12-31,2016-04-04,2015-12-31,2015-Q4,13224836.000000,14428774.000000,2025-04-28,-7370.000000,15439103.000000,,15201648.000000,237455.000000,,1.373000,0.000000,848550.000000,848550.000000,0.000000,-5090963.000000,7.690000,0.770000,2151540.000000,0.000000,2151540.000000,2151540.000000,0.000000,0.000000,0.000000,0.000000,0.000000,-5077660.000000,-5077660.000000,,-5077660.000000,-5077660.000000,-5090963.000000,-0.990000,-0.990000,-0.990000,8724998.000000,,8724998.000000,15731764.000000,-1.000000,-0.675000,-3299390.000000,-0.519000,1.000000,0.000000,,0.000000,13303.000000,14765281.000000,,0.000000,13335499.000000,13335499.000000,0.000000,6714105.000000,1976812.000000,4737293.000000,-1371565.000000,0.000000,20489.000000,0.000000,0.000000,-28175.000000,1956000.000000,1956000.000000,-3299390.000000,0.000000,-5090963.000000,-5090963.000000,-5090963.000000,0.000000,0.000000,,4620303.000000,-4620303.000000,592414.000000,0.000000,1.654000,-0.617000,-0.405000,0.000000,0.000000,1.490000,,,0.000000,-45545445.000000,0.000000,0.000000,3219414.000000,,,,,527444.000000,1400889.000000,1.000000,9683741.000000,6355869.000000,6355869.000000,0.000000,15439103.000000,0.000000,0.000000,0.000000,2.429000
ARQ,2016-03-31,2016-05-10,2016-03-31,2016-Q1,10243396.000000,24471301.000000,2025-04-28,-195.000000,12756902.000000,,12161521.000000,595381.000000,,0.640000,0.000000,4038763.000000,4038763.000000,0.000000,-3586988.000000,6.340000,1.211000,3139861.000000,0.000000,3139861.000000,3139861.000000,0.000000,0.000000,0.000000,0.000000,0.000000,-3571527.000000,-3571527.000000,,-3571527.000000,-3571527.000000,-3586988.000000,-0.400000,-0.400000,-0.400000,5769739.000000,,5769739.000000,23572399.000000,-1.000000,-1.111000,-2725124.000000,-0.302000,1.000000,0.000000,,0.000000,15461.000000,9939875.000000,,0.000000,7292863.000000,7292863.000000,0.000000,6987163.000000,1918125.000000,5069038.000000,3190213.000000,0.000000,0.000000,0.000000,0.000000,-57303.000000,5972640.000000,5972640.000000,-2725124.000000,0.000000,-3586988.000000,-3586988.000000,-3586988.000000,0.000000,0.000000,,3267417.000000,-3267417.000000,1172351.000000,0.000000,4.241000,-1.150000,-0.425000,0.000000,0.000000,1.270000,,,0.000000,-49132433.000000,0.000000,0.000000,1877178.000000,,,,,624554.000000,1390239.000000,1.000000,19268741.000000,9015778.000000,9015778.000000,0.000000,12756902.000000,0.000000,0.000000,0.000000,1.415000
ARQ,2016-06-30,2016-08-11,2016-06-30,2016-Q2,12571273.000000,24544305.000000,2025-04-28,-6786.000000,18549007.000000,,18310165.000000,238842.000000,,0.747000,0.000000,5239930.000000,5239930.000000,0.000000,-3692793.000000,3.191000,0.451000,2382688.000000,2382688.000000,0.000000,2382688.000000,0.000000,0.000000,0.000000,0.000000,0.000000,-3690980.000000,-3690980.000000,,-3690980.000000,-3690980.000000,-3692793.000000,-0.220000,-0.220000,-0.220000,12785469.000000,,12785469.000000,21687063.000000,-1.000000,-1.271000,-3226840.000000,-0.189000,1.000000,0.000000,,0.000000,1813.000000,9952873.000000,,0.000000,12036539.000000,12036539.000000,0.000000,5763538.000000,5738892.000000,24646.000000,1201167.000000,0.000000,9929693.000000,-94861.000000,0.000000,9259126.000000,-4831119.000000,-4831119.000000,-3226840.000000,0.000000,-3692793.000000,-3692793.000000,-3692793.000000,0.000000,0.000000,,3578053.000000,-3578053.000000,1206384.000000,0.000000,1.920000,-1.435000,-0.595000,0.000000,0.000000,1.273000,,,0.000000,-52825226.000000,0.000000,0.000000,2371058.000000,,,,,490245.000000,1206995.000000,1.000000,19277651.000000,17105374.000000,17105374.000000,0.000000,18549007.000000,0.000000,0.000000,0.000000,1.084000
ARQ,2016-09-30,2016-11-10,2016-09-30,2016-Q3,9545621.000000,23397506.000000,2025-04-28,-6137.000000,16317693.000000,,15623313.000000,694380.000000,,0.538000,0.000000,3134892.000000,3134892.000000,0.000000,-3807431.000000,2.571000,0.597000,2826135.000000,2826135.000000,0.000000,2826135.000000,0.000000,0.000000,0.000000,0.000000,0.000000,-3805875.000000,-3805875.000000,,-3805875.000000,-3805875.000000,-3807431.000000,-0.200000,-0.200000,-0.200000,10219525.000000,,10219525.000000,23088749.000000,-1.000000,-1.430000,-2654415.000000,-0.140000,1.000000,0.000000,,0.000000,1556.000000,9931244.000000,,0.000000,11562950.000000,11562950.000000,0.000000,6098168.000000,6077692.000000,20476.000000,-2105038.000000,0.000000,525772.000000,0.000000,0.000000,108349.000000,441028.000000,441028.000000,-2654415.000000,0.000000,-3807431.000000,-3807431.000000,-3807431.000000,0.000000,0.000000,,3264282.000000,-3264282.000000,881311.000000,0.000000,2.289000,-1.446000,-0.641000,0.000000,0.000000,1.160000,,,0.000000,-56632658.000000,0.000000,0.000000,2104794.000000,,,,,320953.000000,1159488.000000,1.000000,20170264.000000,18991971.000000,18991971.000000,0.000000,16317693.000000,0.000000,0.000000,0.000000,0.859000
ARQ,2016-12-31,2017-03-21,2016-12-31,2016-Q4,7498295.000000,29543527.000000,2025-04-28,-6892.000000,14535708.000000,,13974829.000000,560879.000000,,0.494000,0.000000,3114843.000000,3114843.000000,0.000000,-3644609.000000,2.158000,0.807000,3269582.000000,3269582.000000,0.000000,3269582.000000,0.000000,0.000000,0.000000,0.000000,0.000000,-3641513.000000,-3641513.000000,,-3641513.000000,-3641513.000000,-3644609.000000,-0.160000,-0.160000,-0.160000,8042867.000000,,8042867.000000,29698266.000000,-2.000000,-2.019000,-2464884.000000,-0.151000,1.000000,0.000000,,0.000000,3096.000000,8213913.000000,,0.000000,10075058.000000,10075058.000000,0.000000,6492841.000000,6476534.000000,16307.000000,20610.000000,0.000000,1115112.000000,0.000000,0.000000,1038278.000000,1447216.000000,1447216.000000,-2464884.000000,0.000000,-3644609.000000,-3644609.000000,-3644609.000000,0.000000,0.000000,,3737524.000000,-3737524.000000,1203888.000000,0.000000,3.673000,-2.005000,-1.378000,0.000000,0.000000,1.240000,,,0.000000,-60277267.000000,0.000000,0.000000,2647469.000000,,,,,358575.000000,1090055.000000,1.000000,23825425.000000,16278292.000000,16278292.000000,0.000000,14535708.000000,0.000000,0.000000,0.000000,0.893000
ARQ,2017-03-31,2017-05-10,2017-03-31,2017-Q1,11291751.000000,32777832.000000,2025-04-28,-7499.000000,15152607.000000,,14673917.000000,478690.000000,,0.338000,0.000000,4398387.000000,4398387.000000,0.000000,-5221900.000000,4.339000,1.008000,3713029.000000,0.000000,3713029.000000,3713029.000000,0.000000,0.000000,0.000000,0.000000,0.000000,-5220370.000000,-5220370.000000,,-5220370.000000,-5220370.000000,-5221900.000000,-0.230000,-0.230000,-0.230000,7546087.000000,,7546087.000000,32092474.000000,-2.000000,-1.962000,-3278592.000000,-0.147000,1.000000,0.000000,,0.000000,1530.000000,11085083.000000,,0.000000,7954240.000000,7954240.000000,0.000000,7606520.000000,3382166.000000,4224354.000000,1283544.000000,0.000000,2539543.000000,0.000000,0.000000,2523553.000000,2038583.000000,2038583.000000,-3278592.000000,0.000000,-5221900.000000,-5221900.000000,-5221900.000000,0.000000,0.000000,,4968662.000000,-4968662.000000,1726824.000000,0.000000,4.344000,-2.003000,-1.691000,0.000000,0.000000,1.370000,,,0.000000,-65499167.000000,0.000000,0.000000,3528150.000000,,,,,402239.000000,1440512.000000,1.000000,23925425.000000,22352921.000000,22352921.000000,0.000000,15152607.000000,0.000000,0.000000,0.000000,0.678000
ARQ,2017-06-30,2017-08-09,2017-06-30,2017-Q2,6537024.000000,25894191.000000,2025-04-28,-5999.000000,14320911.000000,,14264002.000000,56909.000000,,0.273000,0.000000,3432992.000000,3432992.000000,0.000000,-5171634.000000,1.846000,1.174000,3050427.000000,3050427.000000,0.000000,3050427.000000,0.000000,0.000000,0.000000,0.000000,0.000000,-5170504.000000,-5170504.000000,,-5170504.000000,-5170504.000000,-5171634.000000,-0.210000,-0.210000,-0.210000,6587879.000000,,6587879.000000,25511626.000000,-1.000000,-1.430000,-4203170.000000,-0.174000,1.000000,0.000000,,0.000000,1130.000000,6211368.000000,,0.000000,8689630.000000,8689630.000000,0.000000,7733032.000000,7726978.000000,6054.000000,-965395.000000,0.000000,4062344.000000,0.000000,0.000000,4002418.000000,-764643.000000,-764643.000000,-4203170.000000,0.000000,-5171634.000000,-5171634.000000,-5171634.000000,0.000000,0.000000,,4982743.000000,-4982743.000000,1304711.000000,0.000000,3.931000,-1.451000,-1.169000,0.000000,0.000000,0.935000,,,0.000000,-70670801.000000,0.000000,0.000000,3715379.000000,,,,,341258.000000,1267364.000000,1.000000,27697284.000000,24118887.000000,24118887.000000,0.000000,14320911.000000,0.000000,0.000000,0.000000,0.594000
ARQ,2017-09-30,2017-11-08,2017-09-30,2017-Q3,1911591.000000,61272521.000000,2025-04-28,-3558.000000,11839444.000000,,11525074.000000,314370.000000,,0.081000,0.000000,2607404.000000,2607404.000000,0.000000,-6099658.000000,1.199000,4.319000,3180411.000000,3180411.000000,0.000000,3180411.000000,0.000000,0.000000,0.000000,0.000000,0.000000,-6101769.000000,-6101769.000000,,-6101769.000000,-6101769.000000,-6099658.000000,-0.220000,-0.220000,-0.220000,2225961.000000,,2225961.000000,61845528.000000,-3.000000,-3.072000,-3328003.000000,-0.121000,1.000000,0.000000,,0.000000,-2111.000000,2798968.000000,,0.000000,7270719.000000,7270719.000000,0.000000,9613483.000000,9613483.000000,0.000000,-825588.000000,0.000000,1250000.000000,-77261.000000,0.000000,1110586.000000,1391829.000000,1391829.000000,-3328003.000000,0.000000,-6099658.000000,-6099658.000000,-6099658.000000,0.000000,0.000000,,4691531.000000,-4691531.000000,1555472.000000,0.000000,27.526000,-3.043000,-2.622000,0.000000,0.000000,2.150000,,,0.000000,-76770459.000000,0.000000,0.000000,3464639.000000,,,,,344128.000000,1226892.000000,1.000000,28498847.000000,27469784.000000,27469784.000000,0.000000,11839444.000000,0.000000,0.000000,0.000000,0.431000
ARQ,2017-12-31,2018-03-07,2017-12-31,2017-Q4,13195223.000000,305392812.000000,2025-04-28,-19769.000000,22121411.000000,,21851798.000000,269613.000000,,0.450000,0.000000,8988478.000000,8988478.000000,0.000000,-4084473.000000,2.524000,0.643000,3450540.000000,3450540.000000,0.000000,3450540.000000,0.000000,0.000000,0.000000,0.000000,0.000000,-4086292.000000,-4086292.000000,,-4086292.000000,-4086292.000000,-4084473.000000,-0.120000,-0.120000,-0.120000,13464836.000000,,13464836.000000,299854874.000000,-15.000000,-14.571000,-3948002.000000,-0.132000,1.000000,0.000000,,0.000000,-1819.000000,7926898.000000,,0.000000,11587478.000000,11587478.000000,0.000000,8656575.000000,8656575.000000,0.000000,6420415.000000,0.000000,15147793.000000,0.000000,0.000000,14763893.000000,-4395476.000000,-4395476.000000,-3948002.000000,0.000000,-4084473.000000,-4084473.000000,-4084473.000000,0.000000,0.000000,,4427252.000000,-4427252.000000,1529935.000000,0.000000,22.681000,-14.841000,-7.595000,0.000000,0.000000,6.000000,,,0.000000,-80854932.000000,0.000000,0.000000,3033017.000000,,,,,363840.000000,1394235.000000,1.000000,50898802.000000,29914569.000000,29914569.000000,0.000000,22121411.000000,0.000000,0.000000,0.000000,0.739000
ARQ,2018-03-31,2018-05-09,2018-03-31,2018-Q1,72392000.000000,215956747.000000,2025-04-28,-109000.000000,78971000.000000,,78731000.000000,240000.000000,,1.627000,0.000000,36356000.000000,36356000.000000,0.000000,-3551000.000000,12.420000,0.087000,3721000.000000,3721000.000000,0.000000,3721000.000000,0.000000,0.000000,0.000000,0.000000,0.000000,-3370000.000000,-3370000.000000,,-3370000.000000,-3370000.000000,-3551000.000000,-0.080000,-0.100000,-0.080000,72632000.000000,,72632000.000000,183321747.000000,-10.000000,-9.788000,-5303000.000000,-0.119000,1.000000,0.000000,,0.000000,181000.000000,39997000.000000,,0.000000,41112000.000000,41112000.000000,0.000000,6339000.000000,6339000.000000,0.000000,27368000.000000,0.000000,62444000.000000,0.000000,0.000000,62298000.000000,-29627000.000000,-29627000.000000,-5303000.000000,0.000000,-3551000.000000,-3551000.000000,-3551000.000000,0.000000,0.000000,,4805000.000000,-4805000.000000,658000.000000,0.000000,2.973000,-11.422000,-6.730000,0.000000,0.000000,4.240000,,,0.000000,-84406000.000000,0.000000,0.000000,3043000.000000,,,,,610000.000000,1762000.000000,1.000000,50933195.000000,44649000.000000,45306000.000000,0.000000,78971000.000000,0.000000,0.000000,0.000000,1.769000
ARQ,2018-06-30,2018-08-09,2018-06-30,2018-Q2,140153000.000000,599905583.000000,2025-04-28,-147000.000000,144468000.000000,,144258000.000000,210000.000000,,2.660000,0.000000,34610000.000000,34610000.000000,0.000000,-6672000.000000,35.142000,0.029000,0.000000,0.000000,0.000000,0.000000,0.000000,0.000000,0.000000,0.000000,0.000000,-6280000.000000,-6280000.000000,,-6280000.000000,-6280000.000000,-6672000.000000,-0.130000,-0.130000,-0.130000,140363000.000000,,140363000.000000,565295583.000000,-28.000000,-28.496000,-5270000.000000,-0.100000,1.000000,0.000000,,0.000000,392000.000000,105753000.000000,,0.000000,107556000.000000,107556000.000000,0.000000,4105000.000000,4105000.000000,0.000000,-1746000.000000,0.000000,74201000.000000,-3833000.000000,0.000000,70149000.000000,-66625000.000000,-66625000.000000,-5270000.000000,0.000000,-6672000.000000,-6672000.000000,-6672000.000000,0.000000,0.000000,,6925000.000000,-6925000.000000,1493000.000000,0.000000,4.274000,-29.397000,-17.982000,0.000000,0.000000,9.890000,,,0.000000,-91078000.000000,0.000000,0.000000,5221000.000000,,,,,631000.000000,1704000.000000,1.000000,60657794.000000,52767000.000000,52767000.000000,0.000000,144468000.000000,0.000000,0.000000,0.000000,2.738000
ARQ,2018-09-30,2018-11-07,2018-09-30,2018-Q3,301873000.000000,1003296392.000000,2025-04-28,-117000.000000,306796000.000000,,306616000.000000,180000.000000,,4.933000,0.000000,169506000.000000,169506000.000000,0.000000,-6600000.000000,64.646000,0.016000,0.000000,0.000000,0.000000,0.000000,0.000000,0.000000,0.000000,0.000000,0.000000,-5776000.000000,-5776000.000000,,-5776000.000000,-5776000.000000,-6600000.000000,-0.110000,-0.110000,-0.110000,302053000.000000,,302053000.000000,833790392.000000,-43.000000,-42.732000,-5503000.000000,-0.090000,1.000000,0.000000,,0.000000,824000.000000,132547000.000000,,0.000000,134656000.000000,134656000.000000,0.000000,4743000.000000,4743000.000000,0.000000,134896000.000000,0.000000,167703000.000000,0.000000,0.000000,167485000.000000,-27086000.000000,-27086000.000000,-5503000.000000,0.000000,-6600000.000000,-6600000.000000,-6600000.000000,0.000000,0.000000,,7394000.000000,-7394000.000000,1215000.000000,0.000000,3.322000,-47.987000,-31.909000,0.000000,0.000000,14.040000,,,0.000000,-97678000.000000,0.000000,0.000000,5687000.000000,,,,,750000.000000,1707000.000000,1.000000,71459857.000000,61232000.000000,61232000.000000,0.000000,306796000.000000,0.000000,0.000000,0.000000,5.010000
ARQ,2018-12-31,2019-03-13,2018-12-31,2018-Q4,297583000.000000,593884682.000000,2025-04-28,-423000.000000,302312000.000000,,302133000.000000,179000.000000,,5.171000,0.000000,24808000.000000,24808000.000000,0.000000,-5240000.000000,66.403000,0.015000,0.000000,0.000000,0.000000,0.000000,0.000000,0.000000,0.000000,0.000000,0.000000,-6637000.000000,-6637000.000000,,-6637000.000000,-6637000.000000,-5240000.000000,-0.060000,-0.060000,-0.060000,297750000.000000,,297750000.000000,569076682.000000,-26.000000,-25.793000,-2679000.000000,-0.047000,1.000000,0.000000,,0.000000,-1397000.000000,272954000.000000,,0.000000,276741000.000000,276741000.000000,0.000000,4562000.000000,4550000.000000,12000.000000,-144727000.000000,0.000000,652000.000000,0.000000,0.000000,343000.000000,-142391000.000000,-142391000.000000,-2679000.000000,0.000000,-5240000.000000,-5240000.000000,-5240000.000000,0.000000,0.000000,,7037000.000000,-7037000.000000,959000.000000,0.000000,1.995000,-26.918000,-21.711000,0.000000,0.000000,8.250000,,,0.000000,-102918000.000000,0.000000,0.000000,5089000.000000,,,,,617000.000000,1948000.000000,1.000000,71986022.000000,57580000.000000,57580000.000000,0.000000,302312000.000000,0.000000,0.000000,0.000000,5.250000
ARQ,2019-03-31,2019-05-02,2019-03-31,2019-Q1,294219000.000000,587188405.000000,2025-04-28,-49000.000000,300080000.000000,,299137000.000000,943000.000000,,4.105000,0.000000,14372000.000000,14372000.000000,0.000000,-4924000.000000,60.825000,0.019000,869000.000000,281000.000000,588000.000000,869000.000000,0.000000,0.000000,0.000000,0.000000,0.000000,-3010000.000000,-3010000.000000,,-3010000.000000,-3010000.000000,-4924000.000000,-0.070000,-0.070000,-0.070000,294574000.000000,,294574000.000000,573685405.000000,-26.000000,-26.433000,-3152000.000000,-0.044000,1.000000,0.000000,,0.000000,1914000.000000,281659000.000000,,0.000000,284375000.000000,284375000.000000,0.000000,5506000.000000,4918000.000000,588000.000000,-10436000.000000,0.000000,409000.000000,0.000000,0.000000,325000.000000,-7609000.000000,-7609000.000000,-3152000.000000,0.000000,-4924000.000000,-4924000.000000,-4924000.000000,0.000000,0.000000,,6806000.000000,-6806000.000000,1676000.000000,0.000000,1.993000,-25.055000,-22.027000,794000.000000,0.000000,8.150000,,,0.000000,-107842000.000000,0.000000,0.000000,4496000.000000,,,,,1034000.000000,2310000.000000,1.000000,72047657.000000,71755000.000000,71755000.000000,0.000000,300080000.000000,0.000000,0.000000,0.000000,4.182000
ARQ,2019-06-30,2019-08-01,2019-06-30,2019-Q2,288018000.000000,546634469.000000,2025-04-28,239000.000000,294493000.000000,,293644000.000000,849000.000000,,4.009000,0.000000,19152000.000000,19152000.000000,0.000000,-7674000.000000,52.194000,0.021000,801000.000000,288000.000000,513000.000000,801000.000000,0.000000,0.000000,0.000000,0.000000,0.000000,-7674000.000000,-7674000.000000,,-7674000.000000,-7674000.000000,-7674000.000000,-0.110000,-0.110000,-0.110000,288354000.000000,,288354000.000000,528283469.000000,-23.000000,-22.872000,-6459000.000000,-0.090000,1.000000,0.000000,,0.000000,0.000000,270516000.000000,,0.000000,273513000.000000,273513000.000000,0.000000,6139000.000000,5626000.000000,513000.000000,4780000.000000,0.000000,298000.000000,0.000000,0.000000,260000.000000,10979000.000000,10979000.000000,-6459000.000000,0.000000,-7674000.000000,-7674000.000000,-7674000.000000,0.000000,0.000000,,9569000.000000,-9569000.000000,1870000.000000,0.000000,1.896000,-22.368000,-21.629000,730000.000000,0.000000,7.570000,,,0.000000,-115516000.000000,0.000000,0.000000,7333000.000000,,,,,922000.000000,2236000.000000,1.000000,72210630.000000,71921000.000000,71921000.000000,0.000000,294493000.000000,0.000000,0.000000,0.000000,4.095000
ARQ,2019-09-30,2019-11-05,2019-09-30,2019-Q3,283064000.000000,565100695.000000,2025-04-28,157000.000000,290122000.000000,,289256000.000000,866000.000000,,3.935000,0.000000,30981000.000000,30981000.000000,0.000000,-5731000.000000,46.714000,0.023000,733000.000000,295000.000000,438000.000000,733000.000000,0.000000,0.000000,0.000000,0.000000,0.000000,-5731000.000000,-5731000.000000,,-5731000.000000,-5731000.000000,-5731000.000000,-0.080000,-0.080000,-0.080000,283492000.000000,,283492000.000000,534852695.000000,-23.000000,-23.202000,-3398000.000000,-0.047000,1.000000,0.000000,,0.000000,0.000000,253682000.000000,,0.000000,257120000.000000,257120000.000000,0.000000,6630000.000000,6192000.000000,438000.000000,11829000.000000,0.000000,141000.000000,0.000000,0.000000,73000.000000,15154000.000000,15154000.000000,-3398000.000000,0.000000,-5731000.000000,-5731000.000000,-5731000.000000,0.000000,0.000000,,7439000.000000,-7439000.000000,2095000.000000,0.000000,1.993000,-23.976000,-24.438000,664000.000000,0.000000,7.820000,,,0.000000,-121247000.000000,0.000000,0.000000,5279000.000000,,,,,811000.000000,2160000.000000,1.000000,72263516.000000,72040000.000000,72040000.000000,0.000000,290122000.000000,0.000000,0.000000,0.000000,4.027000
ARQ,2019-12-31,2020-02-26,2019-12-31,2019-Q4,276724000.000000,452066636.000000,2025-04-28,12000.000000,284256000.000000,,283501000.000000,755000.000000,,3.843000,0.000000,8406000.000000,8406000.000000,0.000000,-7450000.000000,41.833000,0.026000,662000.000000,302000.000000,360000.000000,662000.000000,0.000000,260000.000000,0.000000,0.000000,0.000000,-7450000.000000,-7190000.000000,,-7190000.000000,-7450000.000000,-7450000.000000,-0.110000,-0.110000,-0.110000,277119000.000000,,277119000.000000,444322636.000000,-17.000000,-17.411000,-11743000.000000,-0.163000,1.000000,0.000000,,0.000000,0.000000,269735000.000000,,0.000000,267261000.000000,267261000.000000,0.000000,7137000.000000,6777000.000000,360000.000000,-22575000.000000,0.000000,263000.000000,0.000000,0.000000,229000.000000,-11061000.000000,-11061000.000000,-11743000.000000,0.000000,-7450000.000000,-7450000.000000,-7450000.000000,0.000000,0.000000,,8873000.000000,-8873000.000000,2431000.000000,0.000000,1.631000,-17.536000,-17.306000,598000.000000,0.000000,6.230000,,,0.000000,-128697000.000000,0.000000,0.000000,6451000.000000,,,,,976000.000000,2422000.000000,1.000000,72562863.000000,72115000.000000,72115000.000000,0.000000,284256000.000000,0.000000,0.000000,0.000000,3.942000
ARQ,2020-03-31,2020-04-30,2020-03-31,2020-Q1,267904000.000000,418155540.000000,2025-04-28,-812000.000000,277104000.000000,,276446000.000000,658000.000000,,3.708000,0.000000,15289000.000000,15289000.000000,0.000000,-9687000.000000,32.363000,0.033000,588000.000000,309000.000000,279000.000000,588000.000000,0.000000,68000.000000,0.000000,0.000000,0.000000,-9687000.000000,-9619000.000000,,-9619000.000000,-9687000.000000,-9687000.000000,-0.130000,-0.130000,-0.130000,268283000.000000,,268283000.000000,403454540.000000,-13.000000,-13.353000,-4302000.000000,-0.059000,1.000000,0.000000,,0.000000,0.000000,253861000.000000,,0.000000,253901000.000000,253901000.000000,0.000000,8821000.000000,8542000.000000,279000.000000,6883000.000000,0.000000,160000.000000,0.000000,0.000000,33000.000000,11152000.000000,11152000.000000,-4302000.000000,0.000000,-9687000.000000,-9687000.000000,-9687000.000000,0.000000,0.000000,,10948000.000000,-10948000.000000,3098000.000000,0.000000,1.559000,-13.691000,-13.395000,530000.000000,0.000000,5.760000,,,0.000000,-138384000.000000,0.000000,0.000000,7987000.000000,,,,,1652000.000000,2961000.000000,1.000000,72596448.000000,72356000.000000,72356000.000000,0.000000,277104000.000000,0.000000,0.000000,0.000000,3.830000
ARQ,2020-06-30,2020-07-29,2020-06-30,2020-Q2,261565000.000000,480932641.000000,2025-04-28,333000.000000,271198000.000000,,270618000.000000,580000.000000,,3.614000,0.000000,18819000.000000,18819000.000000,0.000000,-9572000.000000,29.893000,0.035000,514000.000000,316000.000000,198000.000000,514000.000000,0.000000,68000.000000,0.000000,0.000000,0.000000,-9572000.000000,-9504000.000000,,-9504000.000000,-9572000.000000,-9572000.000000,-0.130000,-0.130000,-0.130000,261947000.000000,,261947000.000000,462627641.000000,-14.000000,-14.437000,-6666000.000000,-0.092000,1.000000,0.000000,,0.000000,0.000000,243840000.000000,,0.000000,244212000.000000,244212000.000000,0.000000,9251000.000000,9053000.000000,198000.000000,3530000.000000,0.000000,442000.000000,0.000000,0.000000,416000.000000,9780000.000000,9780000.000000,-6666000.000000,0.000000,-9572000.000000,-9572000.000000,-9572000.000000,0.000000,0.000000,,10606000.000000,-10606000.000000,3209000.000000,0.000000,1.836000,-14.825000,-14.689000,462000.000000,0.000000,6.610000,,,0.000000,-147956000.000000,0.000000,0.000000,7780000.000000,,,,,1649000.000000,2826000.000000,1.000000,72758342.000000,72487000.000000,72487000.000000,0.000000,271198000.000000,0.000000,0.000000,0.000000,3.741000
ARQ,2020-09-30,2020-10-28,2020-09-30,2020-Q3,253419000.000000,386645452.000000,2025-04-28,-46000.000000,263623000.000000,,263134000.000000,489000.000000,,3.494000,0.000000,3899000.000000,3899000.000000,0.000000,-9288000.000000,27.085000,0.039000,438000.000000,323000.000000,115000.000000,438000.000000,0.000000,70000.000000,0.000000,0.000000,0.000000,-9288000.000000,-9218000.000000,,-9218000.000000,-9288000.000000,-9288000.000000,-0.130000,-0.130000,-0.130000,253793000.000000,,253793000.000000,383184452.000000,-11.000000,-10.785000,-5323000.000000,-0.073000,1.000000,0.000000,,0.000000,0.000000,250447000.000000,,0.000000,251434000.000000,251434000.000000,0.000000,9830000.000000,9715000.000000,115000.000000,-14920000.000000,0.000000,206000.000000,0.000000,0.000000,37000.000000,-9634000.000000,-9634000.000000,-5323000.000000,0.000000,-9288000.000000,-9288000.000000,-9288000.000000,0.000000,0.000000,,9843000.000000,-9843000.000000,2756000.000000,0.000000,1.523000,-10.741000,-10.600000,392000.000000,0.000000,5.300000,,,0.000000,-157244000.000000,0.000000,0.000000,7116000.000000,,,,,1475000.000000,2727000.000000,1.000000,72951972.000000,72643000.000000,72643000.000000,0.000000,263623000.000000,0.000000,0.000000,0.000000,3.629000
ARQ,2020-12-31,2021-02-17,2020-12-31,2020-Q4,243975000.000000,613080911.000000,2025-04-28,-54000.000000,256502000.000000,,256104000.000000,398000.000000,,3.352000,0.000000,29146000.000000,29146000.000000,0.000000,-10948000.000000,21.115000,0.050000,359000.000000,330000.000000,29000.000000,359000.000000,0.000000,71000.000000,0.000000,0.000000,0.000000,-10948000.000000,-10877000.000000,,-10877000.000000,-10948000.000000,-10948000.000000,-0.150000,-0.150000,-0.150000,244344000.000000,,244344000.000000,584293911.000000,-15.000000,-14.899000,-5486000.000000,-0.075000,1.000000,0.000000,,0.000000,0.000000,215586000.000000,,0.000000,219269000.000000,219269000.000000,0.000000,12158000.000000,12129000.000000,29000.000000,25247000.000000,0.000000,464000.000000,0.000000,0.000000,464000.000000,30269000.000000,30269000.000000,-5486000.000000,0.000000,-10948000.000000,-10948000.000000,-10948000.000000,0.000000,0.000000,,11266000.000000,-11266000.000000,3988000.000000,0.000000,2.509000,-15.523000,-15.315000,321000.000000,0.000000,8.270000,,,0.000000,-168192000.000000,0.000000,0.000000,9049000.000000,,,,,1042000.000000,2217000.000000,1.000000,74133121.000000,72900000.000000,72900000.000000,0.000000,256502000.000000,0.000000,0.000000,0.000000,3.519000
ARQ,2021-03-31,2021-04-28,2021-03-31,2021-Q1,236947000.000000,496717068.000000,2025-04-28,-104000.000000,250139000.000000,,249863000.000000,276000.000000,,3.172000,0.000000,16805000.000000,16805000.000000,0.000000,-14010000.000000,19.345000,0.054000,279000.000000,279000.000000,0.000000,279000.000000,0.000000,72000.000000,0.000000,0.000000,0.000000,-14010000.000000,-13938000.000000,,-13938000.000000,-14010000.000000,-14010000.000000,-0.190000,-0.190000,-0.190000,237223000.000000,,237223000.000000,480191068.000000,-11.000000,-11.029000,-10876000.000000,-0.145000,1.000000,0.000000,,0.000000,0.000000,220697000.000000,,0.000000,224874000.000000,224874000.000000,0.000000,12916000.000000,12916000.000000,0.000000,-12312000.000000,0.000000,5664000.000000,0.000000,0.000000,5191000.000000,-6627000.000000,-6627000.000000,-10876000.000000,0.000000,-14010000.000000,-14010000.000000,-14010000.000000,0.000000,0.000000,,14228000.000000,-14228000.000000,4848000.000000,0.000000,2.094000,-11.336000,-10.600000,249000.000000,0.000000,6.360000,,,0.000000,-182202000.000000,0.000000,0.000000,11535000.000000,,,,,1577000.000000,2693000.000000,1.000000,78100168.000000,74782000.000000,74782000.000000,0.000000,250139000.000000,0.000000,0.000000,0.000000,3.345000
ARQ,2021-06-30,2021-07-28,2021-06-30,2021-Q2,224791000.000000,458192310.000000,2025-04-28,-189000.000000,237845000.000000,,237662000.000000,183000.000000,,2.888000,0.000000,8829000.000000,8829000.000000,0.000000,-15381000.000000,18.465000,0.057000,198000.000000,198000.000000,0.000000,198000.000000,0.000000,73000.000000,0.000000,0.000000,0.000000,-15381000.000000,-15308000.000000,,-15308000.000000,-15381000.000000,-15381000.000000,-0.200000,-0.200000,-0.200000,224974000.000000,,224974000.000000,449561310.000000,-9.000000,-9.111000,-13434000.000000,-0.172000,1.000000,0.000000,,0.000000,0.000000,216343000.000000,,0.000000,219429000.000000,219429000.000000,0.000000,12871000.000000,12871000.000000,0.000000,-7976000.000000,0.000000,1898000.000000,0.000000,0.000000,1898000.000000,3560000.000000,3560000.000000,-13434000.000000,0.000000,-15381000.000000,-15381000.000000,-15381000.000000,0.000000,0.000000,,15541000.000000,-15541000.000000,4210000.000000,0.000000,2.037000,-9.233000,-8.746000,176000.000000,0.000000,5.860000,,,0.000000,-197583000.000000,0.000000,0.000000,12804000.000000,,,,,1491000.000000,2737000.000000,1.000000,78189814.000000,77897000.000000,77897000.000000,0.000000,237845000.000000,0.000000,0.000000,0.000000,3.053000
ARQ,2021-09-30,2021-11-03,2021-09-30,2021-Q3,212932000.000000,514785570.000000,2025-04-28,-170000.000000,224474000.000000,,224285000.000000,189000.000000,,2.732000,0.000000,11264000.000000,11264000.000000,0.000000,-13243000.000000,19.756000,0.053000,115000.000000,115000.000000,0.000000,115000.000000,0.000000,75000.000000,0.000000,0.000000,0.000000,-13243000.000000,-13168000.000000,,-13168000.000000,-13243000.000000,-13243000.000000,-0.170000,-0.170000,-0.170000,213121000.000000,,213121000.000000,503636570.000000,-9.000000,-9.451000,-10926000.000000,-0.140000,1.000000,0.000000,,0.000000,0.000000,201972000.000000,,0.000000,204871000.000000,204871000.000000,0.000000,11353000.000000,11353000.000000,0.000000,2435000.000000,0.000000,5000.000000,0.000000,0.000000,-256000.000000,13617000.000000,13617000.000000,-10926000.000000,0.000000,-13243000.000000,-13243000.000000,-13243000.000000,0.000000,0.000000,,13403000.000000,-13403000.000000,2852000.000000,0.000000,2.415000,-9.607000,-9.268000,101000.000000,0.000000,6.580000,,,0.000000,-210826000.000000,0.000000,0.000000,10795000.000000,,,,,1599000.000000,2608000.000000,1.000000,78234889.000000,78009000.000000,78009000.000000,0.000000,224474000.000000,0.000000,0.000000,0.000000,2.878000
ARQ,2021-12-31,2022-02-09,2021-12-31,2021-Q4,201750000.000000,292293632.000000,2025-04-28,-549000.000000,210662000.000000,,210528000.000000,134000.000000,,2.586000,0.000000,26404000.000000,26404000.000000,0.000000,-12356000.000000,23.984000,0.043000,29000.000000,29000.000000,0.000000,29000.000000,0.000000,76000.000000,0.000000,0.000000,0.000000,-12356000.000000,-12280000.000000,,-12280000.000000,-12356000.000000,-12356000.000000,-0.160000,-0.160000,-0.160000,201884000.000000,,201884000.000000,265918632.000000,-5.000000,-4.862000,-12350000.000000,-0.158000,1.000000,0.000000,,0.000000,0.000000,175509000.000000,,0.000000,175732000.000000,175732000.000000,0.000000,8778000.000000,8778000.000000,0.000000,15107000.000000,0.000000,66000.000000,0.000000,0.000000,47000.000000,27410000.000000,27410000.000000,-12350000.000000,0.000000,-12356000.000000,-12356000.000000,-12356000.000000,0.000000,0.000000,,12510000.000000,-12510000.000000,1444000.000000,0.000000,1.448000,-5.315000,-5.254000,25000.000000,0.000000,3.730000,,,0.000000,-223182000.000000,0.000000,0.000000,9847000.000000,,,,,1433000.000000,2663000.000000,1.000000,78362904.000000,78068000.000000,78068000.000000,0.000000,210662000.000000,0.000000,0.000000,0.000000,2.698000
ARQ,2022-03-31,2022-04-27,2022-03-31,2022-Q1,182031000.000000,170222166.000000,2025-04-28,-1411000.000000,195028000.000000,,193299000.000000,1729000.000000,,2.355000,0.000000,12487000.000000,12487000.000000,0.000000,-16103000.000000,17.155000,0.070000,1640000.000000,150000.000000,1490000.000000,1640000.000000,0.000000,77000.000000,0.000000,0.000000,0.000000,-16103000.000000,-16026000.000000,,-16026000.000000,-16103000.000000,-16103000.000000,-0.210000,-0.210000,-0.210000,182270000.000000,,182270000.000000,159375166.000000,-3.000000,-2.807000,-10530000.000000,-0.136000,1.000000,0.000000,,0.000000,0.000000,172913000.000000,,0.000000,172445000.000000,172445000.000000,0.000000,12758000.000000,11268000.000000,1490000.000000,-13917000.000000,0.000000,-4507000.000000,0.000000,0.000000,-5006000.000000,1619000.000000,1619000.000000,-10530000.000000,0.000000,-16103000.000000,-16103000.000000,-16103000.000000,0.000000,0.000000,,16245000.000000,-16245000.000000,3119000.000000,0.000000,0.934000,-2.982000,-2.973000,1632000.000000,0.000000,2.200000,,,0.000000,-239285000.000000,0.000000,0.000000,12555000.000000,,,,,2357000.000000,3690000.000000,1.000000,77373712.000000,77413000.000000,77413000.000000,0.000000,195028000.000000,0.000000,0.000000,0.000000,2.519000
ARQ,2022-06-30,2022-07-27,2022-06-30,2022-Q2,164999000.000000,243869360.000000,2025-04-28,-1649000.000000,181508000.000000,,179863000.000000,1645000.000000,,2.150000,0.000000,16259000.000000,16259000.000000,0.000000,-17432000.000000,12.101000,0.099000,1652000.000000,238000.000000,1414000.000000,1652000.000000,0.000000,0.000000,0.000000,0.000000,0.000000,-17432000.000000,-17432000.000000,,-17432000.000000,-17432000.000000,-17432000.000000,-0.230000,-0.230000,-0.230000,165230000.000000,,165230000.000000,229262360.000000,-4.000000,-3.892000,-13442000.000000,-0.175000,1.000000,0.000000,,0.000000,0.000000,152037000.000000,,0.000000,152691000.000000,152691000.000000,0.000000,16278000.000000,14864000.000000,1414000.000000,3948000.000000,0.000000,-1590000.000000,0.000000,0.000000,-1590000.000000,18980000.000000,18980000.000000,-13442000.000000,-176000.000000,-17432000.000000,-17432000.000000,-17432000.000000,0.000000,0.000000,,17631000.000000,-17631000.000000,6104000.000000,0.000000,1.476000,-4.124000,-4.130000,1560000.000000,0.000000,3.180000,,,0.000000,-256717000.000000,0.000000,0.000000,13542000.000000,,,,,2220000.000000,4089000.000000,1.000000,76688478.000000,76842000.000000,76842000.000000,0.000000,181508000.000000,0.000000,0.000000,0.000000,2.362000
ARQ,2022-09-30,2022-10-26,2022-09-30,2022-Q3,151085000.000000,318257184.000000,2025-04-28,-1761000.000000,166683000.000000,,165146000.000000,1537000.000000,,1.977000,0.000000,29441000.000000,29441000.000000,0.000000,-15773000.000000,11.745000,0.102000,1636000.000000,299000.000000,1337000.000000,1636000.000000,0.000000,142000.000000,0.000000,0.000000,0.000000,-15773000.000000,-15631000.000000,,-15631000.000000,-15773000.000000,-15773000.000000,-0.210000,-0.210000,-0.210000,151285000.000000,,151285000.000000,290452184.000000,-5.000000,-4.733000,-13499000.000000,-0.176000,1.000000,0.000000,,0.000000,0.000000,124817000.000000,,0.000000,125615000.000000,125615000.000000,0.000000,15398000.000000,14061000.000000,1337000.000000,13405000.000000,0.000000,0.000000,0.000000,0.000000,10000.000000,26894000.000000,26894000.000000,-13499000.000000,-223000.000000,-15773000.000000,-15773000.000000,-15773000.000000,0.000000,0.000000,,16196000.000000,-16196000.000000,3142000.000000,0.000000,2.104000,-5.161000,-5.123000,1489000.000000,0.000000,4.150000,,,0.000000,-272490000.000000,0.000000,0.000000,11959000.000000,,,,,1940000.000000,4237000.000000,1.000000,76688478.000000,76505000.000000,76505000.000000,0.000000,166683000.000000,0.000000,0.000000,0.000000,2.179000
ARQ,2022-12-31,2023-02-10,2022-12-31,2022-Q4,145093000.000000,836725704.000000,2025-04-28,-1102000.000000,168529000.000000,,167040000.000000,1489000.000000,,1.898000,0.000000,36665000.000000,36665000.000000,0.000000,-19559000.000000,7.611000,0.160000,1564000.000000,304000.000000,1260000.000000,1564000.000000,0.000000,72000.000000,0.000000,0.000000,0.000000,-19559000.000000,-19487000.000000,,-19487000.000000,-19559000.000000,-19559000.000000,-0.260000,-0.260000,-0.260000,145322000.000000,,145322000.000000,801624704.000000,-12.000000,-11.690000,-10926000.000000,-0.143000,1.000000,0.000000,,0.000000,0.000000,111481000.000000,,0.000000,118853000.000000,118853000.000000,0.000000,23207000.000000,21947000.000000,1260000.000000,7083000.000000,0.000000,11815000.000000,0.000000,0.000000,10749000.000000,7260000.000000,7260000.000000,-10926000.000000,141000.000000,-19559000.000000,-19559000.000000,-19559000.000000,0.000000,0.000000,,20283000.000000,-20283000.000000,8529000.000000,0.000000,5.758000,-12.150000,-11.856000,1418000.000000,0.000000,10.670000,,,0.000000,-292049000.000000,0.000000,0.000000,16178000.000000,,,,,2156000.000000,4105000.000000,1.000000,78418529.000000,76585000.000000,76585000.000000,0.000000,168529000.000000,0.000000,0.000000,0.000000,2.201000
ARQ,2023-03-31,2023-04-26,2023-03-31,2023-Q1,133819000.000000,1946822098.000000,2025-04-28,-618000.000000,150895000.000000,,149468000.000000,1427000.000000,,1.711000,0.000000,18395000.000000,18395000.000000,0.000000,-19531000.000000,9.551000,0.126000,1490000.000000,309000.000000,1181000.000000,1490000.000000,0.000000,72000.000000,0.000000,0.000000,0.000000,-19531000.000000,-19459000.000000,,-19459000.000000,-19531000.000000,-19531000.000000,-0.250000,-0.250000,-0.250000,134065000.000000,,134065000.000000,1929917098.000000,-27.000000,-26.801000,-24643000.000000,-0.315000,1.000000,0.000000,,0.000000,0.000000,118341000.000000,,0.000000,117302000.000000,117302000.000000,0.000000,16830000.000000,15649000.000000,1181000.000000,-18261000.000000,0.000000,5935000.000000,0.000000,0.000000,4184000.000000,2198000.000000,2198000.000000,-24643000.000000,-9000.000000,-19531000.000000,-19531000.000000,-19531000.000000,0.000000,0.000000,,20537000.000000,-20537000.000000,3799000.000000,0.000000,14.521000,-26.929000,-20.579000,1346000.000000,0.000000,19.550000,,,0.000000,-311580000.000000,0.000000,0.000000,11008000.000000,,,,,3569000.000000,9529000.000000,1.000000,99581693.000000,78352000.000000,78352000.000000,0.000000,150895000.000000,0.000000,0.000000,0.000000,1.926000
ARQ,2023-06-30,2023-07-26,2023-06-30,2023-Q2,385893000.000000,1428411664.000000,2025-04-28,-1040000.000000,400693000.000000,,399371000.000000,1322000.000000,,3.900000,0.000000,69552000.000000,69552000.000000,0.000000,-19225000.000000,29.631000,0.038000,1414000.000000,314000.000000,1100000.000000,1414000.000000,0.000000,73000.000000,0.000000,0.000000,0.000000,-19225000.000000,-19152000.000000,,-19152000.000000,-19225000.000000,-19225000.000000,-0.190000,-0.190000,-0.190000,386115000.000000,,386115000.000000,1360273664.000000,-18.000000,-18.450000,-11435000.000000,-0.115000,1.000000,0.000000,,0.000000,0.000000,319077000.000000,,0.000000,323401000.000000,323401000.000000,0.000000,14578000.000000,13478000.000000,1100000.000000,51160000.000000,0.000000,272448000.000000,0.000000,0.000000,267078000.000000,-204483000.000000,-204483000.000000,-11435000.000000,-3000.000000,-19225000.000000,-19225000.000000,-19225000.000000,0.000000,0.000000,,23740000.000000,-23740000.000000,5611000.000000,0.000000,3.699000,-19.280000,-15.692000,1273000.000000,0.000000,14.280000,,,0.000000,-330805000.000000,0.000000,0.000000,13917000.000000,,,,,4620000.000000,9823000.000000,1.000000,100028828.000000,99010000.000000,99010000.000000,0.000000,400693000.000000,0.000000,0.000000,0.000000,4.047000
ARQ,2023-09-30,2023-10-25,2023-09-30,2023-Q3,367895000.000000,1067308929.000000,2025-04-28,-905000.000000,382663000.000000,,381300000.000000,1363000.000000,,3.688000,0.000000,37218000.000000,37218000.000000,0.000000,-22534000.000000,28.445000,0.039000,1337000.000000,319000.000000,1018000.000000,1337000.000000,0.000000,73000.000000,0.000000,0.000000,0.000000,-22534000.000000,-22461000.000000,,-22461000.000000,-22534000.000000,-22534000.000000,-0.230000,-0.230000,-0.230000,368240000.000000,,368240000.000000,1031427929.000000,-13.000000,-12.803000,-19658000.000000,-0.197000,1.000000,0.000000,,0.000000,0.000000,333377000.000000,,0.000000,339056000.000000,339056000.000000,0.000000,14423000.000000,13405000.000000,1018000.000000,-32266000.000000,0.000000,-74000.000000,0.000000,0.000000,-74000.000000,-12534000.000000,-12534000.000000,-19658000.000000,-68000.000000,-22534000.000000,-22534000.000000,-22534000.000000,0.000000,0.000000,,27265000.000000,-27265000.000000,5711000.000000,0.000000,2.898000,-13.201000,-11.473000,1200000.000000,0.000000,10.670000,,,0.000000,-353339000.000000,0.000000,0.000000,18379000.000000,,,,,4481000.000000,8886000.000000,1.000000,100028953.000000,99846000.000000,99846000.000000,0.000000,382663000.000000,0.000000,0.000000,0.000000,3.833000
ARQ,2023-12-31,2024-02-07,2023-12-31,2023-Q4,348090000.000000,2459954539.000000,2025-04-28,-389000.000000,368490000.000000,,367225000.000000,1265000.000000,,3.486000,0.000000,55549000.000000,55549000.000000,0.000000,-24605000.000000,19.191000,0.058000,1260000.000000,324000.000000,936000.000000,1260000.000000,0.000000,74000.000000,0.000000,0.000000,0.000000,-24605000.000000,-24531000.000000,,-24531000.000000,-24605000.000000,-24605000.000000,-0.250000,-0.250000,-0.250000,348419000.000000,,348419000.000000,2405665539.000000,-28.000000,-28.103000,-17640000.000000,-0.176000,1.000000,0.000000,,0.000000,0.000000,295066000.000000,,0.000000,306563000.000000,306563000.000000,0.000000,20071000.000000,19135000.000000,936000.000000,18281000.000000,0.000000,188000.000000,0.000000,0.000000,188000.000000,35733000.000000,35733000.000000,-17640000.000000,50000.000000,-24605000.000000,-24605000.000000,-24605000.000000,0.000000,0.000000,,29285000.000000,-29285000.000000,7512000.000000,0.000000,7.060000,-28.639000,-26.901000,1126000.000000,0.000000,24.480000,,,0.000000,-377944000.000000,0.000000,0.000000,20502000.000000,,,,,4080000.000000,8783000.000000,1.000000,100488339.000000,99945000.000000,99945000.000000,0.000000,368490000.000000,0.000000,0.000000,0.000000,3.687000
ARQ,2024-03-31,2024-04-25,2024-03-31,2024-Q1,933561000.000000,7593068941.000000,2025-04-28,-1599000.000000,967518000.000000,,966335000.000000,1183000.000000,,9.027000,0.000000,195612000.000000,195612000.000000,0.000000,-27356000.000000,29.485000,0.036000,1181000.000000,329000.000000,852000.000000,1181000.000000,0.000000,74000.000000,0.000000,0.000000,0.000000,-27356000.000000,-27282000.000000,,-27282000.000000,-27356000.000000,-27356000.000000,-0.260000,-0.260000,-0.260000,933892000.000000,,933892000.000000,7398637941.000000,-79.000000,-79.192000,-6134000.000000,-0.059000,1.000000,0.000000,,0.000000,0.000000,740313000.000000,,0.000000,767397000.000000,767397000.000000,0.000000,33626000.000000,32774000.000000,852000.000000,140111000.000000,0.000000,648138000.000000,0.000000,0.000000,606037000.000000,-459792000.000000,-459792000.000000,-6134000.000000,-48000.000000,-27356000.000000,-27356000.000000,-27356000.000000,0.000000,0.000000,,34073000.000000,-34073000.000000,5225000.000000,0.000000,8.131000,-81.019000,-74.043000,1052000.000000,0.000000,68.860000,,,0.000000,-405299000.000000,0.000000,0.000000,24103000.000000,,,,,7981000.000000,9970000.000000,1.000000,110268210.000000,103457000.000000,103457000.000000,0.000000,967518000.000000,0.000000,0.000000,0.000000,9.352000
ARQ,2024-06-30,2024-07-24,2024-06-30,2024-Q2,920631000.000000,5585236442.000000,2025-04-28,-2272000.000000,946839000.000000,,945724000.000000,1115000.000000,,8.343000,0.000000,43948000.000000,43948000.000000,0.000000,-22250000.000000,37.689000,0.028000,1100000.000000,334000.000000,766000.000000,1100000.000000,0.000000,75000.000000,0.000000,0.000000,0.000000,-22250000.000000,-22175000.000000,,-22175000.000000,-22250000.000000,-22250000.000000,-0.200000,-0.200000,-0.200000,920980000.000000,,920980000.000000,5542388442.000000,-57.000000,-57.464000,-28513000.000000,-0.258000,1.000000,0.000000,,0.000000,0.000000,878898000.000000,,0.000000,898348000.000000,898348000.000000,0.000000,25859000.000000,25093000.000000,766000.000000,-151667000.000000,0.000000,2905000.000000,0.000000,0.000000,2905000.000000,-126059000.000000,-126059000.000000,-28513000.000000,3000.000000,-22250000.000000,-22250000.000000,-22250000.000000,0.000000,0.000000,,34054000.000000,-34054000.000000,11090000.000000,0.000000,6.064000,-57.732000,-53.628000,977000.000000,0.000000,50.410000,,,0.000000,-427550000.000000,0.000000,0.000000,23769000.000000,,,,,7082000.000000,10285000.000000,1.000000,110796200.000000,110390000.000000,110390000.000000,0.000000,946839000.000000,0.000000,0.000000,0.000000,8.577000
ARQ,2024-09-30,2024-10-23,2024-09-30,2024-Q3,910964000.000000,6729643230.000000,2025-04-28,1632000.000000,937888000.000000,,936649000.000000,1239000.000000,,8.218000,0.000000,50393000.000000,50393000.000000,0.000000,-24940000.000000,36.467000,0.029000,1235000.000000,480000.000000,755000.000000,1235000.000000,0.000000,87000.000000,0.000000,0.000000,0.000000,-24940000.000000,-24853000.000000,,-24853000.000000,-24940000.000000,-24940000.000000,-0.220000,-0.220000,-0.220000,911448000.000000,,911448000.000000,6680485230.000000,-67.000000,-67.588000,-21962000.000000,-0.198000,1.000000,0.000000,,0.000000,0.000000,863045000.000000,,0.000000,880093000.000000,880093000.000000,0.000000,26440000.000000,25685000.000000,755000.000000,6461000.000000,0.000000,2522000.000000,0.000000,0.000000,2522000.000000,25901000.000000,25901000.000000,-21962000.000000,-29000.000000,-24940000.000000,-24940000.000000,-24940000.000000,0.000000,0.000000,,36556000.000000,-36556000.000000,254000.000000,0.000000,7.383000,-67.873000,-64.935000,1113000.000000,0.000000,60.390000,,,0.000000,-452490000.000000,0.000000,0.000000,22785000.000000,,,,,8982000.000000,13771000.000000,1.000000,111436384.000000,110911000.000000,110911000.000000,0.000000,937888000.000000,0.000000,0.000000,0.000000,8.456000
ARQ,2024-12-31,2025-02-26,2024-12-31,2024-Q4,879803000.000000,3122734046.000000,2025-04-28,-788000.000000,908321000.000000,,907216000.000000,1105000.000000,,7.905000,0.000000,26722000.000000,26722000.000000,0.000000,-35417000.000000,33.094000,0.032000,1119000.000000,489000.000000,630000.000000,1119000.000000,0.000000,110000.000000,0.000000,0.000000,0.000000,-35417000.000000,-35307000.000000,,-35307000.000000,-35417000.000000,-35417000.000000,-0.320000,-0.320000,-0.320000,880278000.000000,,880278000.000000,3097131046.000000,-28.000000,-28.254000,-31181000.000000,-0.280000,1.000000,0.000000,,0.000000,0.000000,855305000.000000,,0.000000,875936000.000000,875936000.000000,0.000000,28043000.000000,27413000.000000,630000.000000,-23597000.000000,0.000000,1000000.000000,0.000000,0.000000,1000000.000000,6584000.000000,6584000.000000,-31181000.000000,-74000.000000,-35417000.000000,-35417000.000000,-35417000.000000,0.000000,0.000000,,46238000.000000,-46238000.000000,9813000.000000,0.000000,3.547000,-28.398000,-27.545000,1003000.000000,0.000000,27.820000,,,0.000000,-487907000.000000,0.000000,0.000000,30987000.000000,,,,,5667000.000000,15251000.000000,1.000000,112247809.000000,111362000.000000,111362000.000000,0.000000,908321000.000000,0.000000,0.000000,0.000000,8.156000
ARQ,2025-03-31,2025-04-24,2025-03-31,2025-Q1,846450000.000000,2881862925.000000,2025-04-28,-216000.000000,866993000.000000,,866023000.000000,970000.000000,,7.557000,0.000000,37986000.000000,37986000.000000,0.000000,-45629000.000000,44.246000,0.024000,1000000.000000,498000.000000,502000.000000,1000000.000000,0.000000,111000.000000,0.000000,0.000000,0.000000,-45629000.000000,-45518000.000000,,-45518000.000000,-45629000.000000,-45629000.000000,-0.410000,-0.410000,-0.410000,846918000.000000,,846918000.000000,2844876925.000000,-22.000000,-22.251000,-52331000.000000,-0.467000,1.000000,0.000000,,0.000000,0.000000,810434000.000000,,0.000000,813918000.000000,813918000.000000,0.000000,20075000.000000,19573000.000000,502000.000000,11263000.000000,0.000000,349000.000000,0.000000,0.000000,349000.000000,63245000.000000,63245000.000000,-52331000.000000,1000.000000,-45629000.000000,-45629000.000000,-45629000.000000,0.000000,0.000000,,55469000.000000,-55469000.000000,7702000.000000,0.000000,3.403000,-22.473000,-22.313000,892000.000000,0.000000,25.660000,,,0.000000,-533536000.000000,0.000000,0.000000,41391000.000000,,,,,11348000.000000,14078000.000000,1.000000,112309545.000000,112069000.000000,112069000.000000,0.000000,866993000.000000,0.000000,0.000000,0.000000,7.736000
ART,2014-12-31,2015-04-22,2014-12-31,2014-Q4,-21743398.000000,,2025-04-28,0.000000,3043134.000000,,773684.000000,2269450.000000,,-5.285000,0.000000,756632.000000,756632.000000,0.000000,-21884183.000000,0.034000,-1.138000,1568388.000000,304274.000000,1264114.000000,1568388.000000,0.000000,0.000000,0.000000,,0.000000,-21813468.000000,-21813468.000000,,-21813468.000000,-21813468.000000,-21884183.000000,-5.230000,-5.230000,-5.230000,-22128531.000000,,-22128531.000000,,,,-1591423.000000,-0.380000,1.000000,0.000000,,0.000000,70715.000000,-18662192.000000,,0.000000,0.000000,0.000000,0.000000,25171665.000000,22517082.000000,2654583.000000,576238.000000,0.000000,-2.000000,2500000.000000,0.000000,2167661.000000,0.000000,0.000000,-1591423.000000,0.000000,-21884183.000000,-21884183.000000,-21884183.000000,0.000000,0.000000,,23467983.000000,-23467983.000000,1830724.000000,0.000000,,,,0.000000,0.000000,,,,0.000000,-22141457.000000,0.000000,0.000000,22223073.000000,,,,,6258.000000,1244910.000000,1.000000,8654329.000000,4187415.000000,4187415.000000,0.000000,3043134.000000,0.000000,0.000000,0.000000,0.727000
ART,2015-03-31,2015-06-12,2015-03-31,2015-Q1,-27348298.000000,75038003.000000,2025-04-28,0.000000,2769322.000000,,360398.000000,2408924.000000,,-6.834000,,327007.000000,327007.000000,,,0.013000,-1.099000,1740343.000000,310350.000000,1429993.000000,1740343.000000,0.000000,,0.000000,0.000000,0.000000,,,,,,,,,,-27839043.000000,,-27839043.000000,76451339.000000,,,,,1.000000,,,0.000000,,-23526038.000000,,0.000000,0.000000,0.000000,0.000000,30608365.000000,27708696.000000,2899669.000000,,,,,,,,,,,,,,,,,,,1879414.000000,,-2.695000,,,0.000000,,7.670000,,,0.000000,-27852872.000000,,,,,,,,,,1.000000,9783312.000000,4073609.000000,,,2769322.000000,0.000000,,0.000000,0.680000
ART,2015-06-30,2015-08-14,2015-06-30,2015-Q2,17393539.000000,71124678.000000,2025-04-28,-12461.000000,22269649.000000,,22269649.000000,0.000000,,2.372000,,9497200.000000,9497200.000000,,,4.567000,0.280000,1670509.000000,1670509.000000,0.000000,1670509.000000,0.000000,,0.000000,0.000000,0.000000,,,,,,,,,,17393539.000000,,17393539.000000,63297987.000000,,,,,1.000000,,,0.000000,,9566848.000000,,0.000000,12162251.000000,12162251.000000,0.000000,4876110.000000,4876110.000000,0.000000,,,,,,,,,,,,,,,,,,,1008277.000000,,4.089000,,,0.000000,,7.270000,,,0.000000,-35717938.000000,,,,,,,,,,1.000000,9783312.000000,7331861.000000,,,22269649.000000,0.000000,,0.000000,3.037000
ART,2015-09-30,2015-11-05,2015-09-30,2015-Q3,13209700.000000,48536735.000000,2025-04-28,-4848.000000,19012251.000000,11773589.000000,18932251.000000,80000.000000,,1.483000,,2140115.000000,2140115.000000,,,3.308000,0.433000,1911024.000000,1911024.000000,0.000000,1911024.000000,0.000000,,0.000000,0.000000,0.000000,,,,,,,,,,13270551.000000,-4825871.000000,13270551.000000,48307644.000000,,,,,1.000000,,,0.000000,,13060609.000000,-4890193.000000,0.000000,15349507.000000,15349507.000000,0.000000,5741700.000000,5722551.000000,19149.000000,,,,,,,,,,,,,,,,,,,401672.000000,,3.657000,,,0.000000,,5.015000,,,0.000000,-40454482.000000,,,,,,,,,,1.000000,9678312.000000,8947480.000000,,,19012251.000000,0.000000,,0.000000,2.125000
ART,2015-12-31,2016-03-08,2015-12-31,2015-Q4,13224836.000000,20820043.000000,2025-04-28,-7370.000000,15439103.000000,14872581.000000,15201648.000000,237455.000000,0.000000,1.373000,0.000000,848550.000000,848550.000000,0.000000,-23403988.000000,7.690000,0.770000,2151540.000000,0.000000,2151540.000000,2151540.000000,0.000000,0.000000,0.000000,0.000000,0.000000,-23315306.000000,-23315306.000000,,-23315306.000000,-23315306.000000,-23403988.000000,-3.680000,-3.680000,-3.680000,8724998.000000,2887511.000000,8724998.000000,22123033.000000,-1.000000,-0.949000,-8731494.000000,-1.374000,1.000000,0.000000,,0.000000,88682.000000,14765281.000000,3466675.000000,0.000000,13335499.000000,13335499.000000,0.000000,6714105.000000,1976812.000000,4737293.000000,12693.000000,0.000000,25415103.000000,0.000000,0.000000,22214229.000000,-13470042.000000,-13470042.000000,-8731494.000000,0.000000,-23403988.000000,-23403988.000000,-23403988.000000,0.000000,0.000000,,11996478.000000,-11996478.000000,592414.000000,0.000000,2.386000,-0.890000,-0.584000,0.000000,0.000000,2.150000,,,0.000000,-45545445.000000,0.000000,0.000000,6966842.000000,-1.574000,-8.105000,-6.726000,,2601448.000000,5029636.000000,1.000000,9683741.000000,6355869.000000,6355869.000000,0.000000,15439103.000000,0.000000,0.000000,0.000000,2.429000
ART,2015-12-31,2016-04-04,2015-12-31,2015-Q4,13224836.000000,14428774.000000,2025-04-28,-7370.000000,15439103.000000,14872581.000000,15201648.000000,237455.000000,0.000000,1.373000,0.000000,848550.000000,848550.000000,0.000000,-23403988.000000,7.690000,0.770000,2151540.000000,0.000000,2151540.000000,2151540.000000,0.000000,0.000000,0.000000,0.000000,0.000000,-23315306.000000,-23315306.000000,,-23315306.000000,-23315306.000000,-23403988.000000,-3.680000,-3.680000,-3.680000,8724998.000000,2887511.000000,8724998.000000,15731764.000000,-1.000000,-0.675000,-8731494.000000,-1.374000,1.000000,0.000000,,0.000000,88682.000000,14765281.000000,3466675.000000,0.000000,13335499.000000,13335499.000000,0.000000,6714105.000000,1976812.000000,4737293.000000,12693.000000,0.000000,25415103.000000,0.000000,0.000000,22214229.000000,-13470042.000000,-13470042.000000,-8731494.000000,0.000000,-23403988.000000,-23403988.000000,-23403988.000000,0.000000,0.000000,,11996478.000000,-11996478.000000,592414.000000,0.000000,1.654000,-0.617000,-0.405000,0.000000,0.000000,1.490000,,,0.000000,-45545445.000000,0.000000,0.000000,6966842.000000,-1.574000,-8.105000,-6.726000,,2601448.000000,5029636.000000,1.000000,9683741.000000,6355869.000000,6355869.000000,0.000000,15439103.000000,0.000000,0.000000,0.000000,2.429000
ART,2016-03-31,2016-05-10,2016-03-31,2016-Q1,10243396.000000,24471301.000000,2025-04-28,-195.000000,12756902.000000,17369476.000000,12161521.000000,595381.000000,0.000000,0.640000,0.000000,4038763.000000,4038763.000000,0.000000,-21279561.000000,6.340000,1.211000,3139861.000000,0.000000,3139861.000000,3139861.000000,0.000000,0.000000,0.000000,0.000000,0.000000,-21210671.000000,-21210671.000000,,-21210671.000000,-21210671.000000,-21279561.000000,-2.990000,-2.990000,-2.990000,5769739.000000,11289707.000000,5769739.000000,23572399.000000,-1.000000,-1.111000,-11045677.000000,-1.225000,1.000000,0.000000,,0.000000,68890.000000,9939875.000000,11833153.000000,0.000000,7292863.000000,7292863.000000,0.000000,6987163.000000,1918125.000000,5069038.000000,3631756.000000,0.000000,25415103.000000,0.000000,0.000000,22174835.000000,4676665.000000,4676665.000000,-11045677.000000,0.000000,-21279561.000000,-21279561.000000,-21279561.000000,0.000000,0.000000,,14802855.000000,-14802855.000000,1172351.000000,0.000000,4.241000,-1.150000,-0.425000,0.000000,0.000000,1.270000,,,0.000000,-49132433.000000,0.000000,0.000000,8705051.000000,-1.225000,-1.885000,-1.792000,,3225099.000000,6097804.000000,1.000000,19268741.000000,9015778.000000,9015778.000000,0.000000,12756902.000000,0.000000,0.000000,0.000000,1.415000
ART,2016-06-30,2016-08-11,2016-06-30,2016-Q2,12571273.000000,24544305.000000,2025-04-28,-6786.000000,18549007.000000,16439316.000000,18310165.000000,238842.000000,0.000000,0.747000,0.000000,5239930.000000,5239930.000000,0.000000,-17107288.000000,3.191000,0.451000,2382688.000000,2382688.000000,0.000000,2382688.000000,0.000000,0.000000,0.000000,0.000000,0.000000,-17066399.000000,-17066399.000000,,-17066399.000000,-17066399.000000,-17107288.000000,-2.140000,-2.140000,-2.140000,12785469.000000,10137689.000000,12785469.000000,21687063.000000,-1.000000,-1.271000,-12651808.000000,-0.740000,1.000000,0.000000,,0.000000,40889.000000,9952873.000000,11929660.000000,0.000000,12036539.000000,12036539.000000,0.000000,5763538.000000,5738892.000000,24646.000000,-4337270.000000,0.000000,9950182.000000,-94861.000000,0.000000,8468992.000000,-154454.000000,-154454.000000,-12651808.000000,0.000000,-17107288.000000,-17107288.000000,-17107288.000000,0.000000,0.000000,,15753994.000000,-15753994.000000,1206384.000000,0.000000,1.920000,-1.435000,-0.595000,0.000000,0.000000,1.273000,,,0.000000,-52825226.000000,0.000000,0.000000,9975203.000000,-1.041000,-1.687000,-1.431000,,2243835.000000,5778791.000000,1.000000,19277651.000000,17105374.000000,17105374.000000,0.000000,18549007.000000,0.000000,0.000000,0.000000,1.084000
ART,2016-09-30,2016-11-10,2016-09-30,2016-Q3,9545621.000000,23397506.000000,2025-04-28,-6137.000000,16317693.000000,15765676.000000,15623313.000000,694380.000000,0.000000,0.538000,0.000000,3134892.000000,3134892.000000,0.000000,-16178175.000000,2.571000,0.597000,2826135.000000,2826135.000000,0.000000,2826135.000000,0.000000,0.000000,0.000000,0.000000,0.000000,-16146042.000000,-16146042.000000,,-16146042.000000,-16146042.000000,-16178175.000000,-1.810000,-1.810000,-1.810000,10219525.000000,9374933.000000,10219525.000000,23088749.000000,-1.000000,-1.430000,-11905769.000000,-0.627000,1.000000,0.000000,,0.000000,32133.000000,9931244.000000,11147318.000000,0.000000,11562950.000000,11562950.000000,0.000000,6098168.000000,6077692.000000,20476.000000,914777.000000,0.000000,10475954.000000,-94861.000000,0.000000,9281997.000000,3538549.000000,3538549.000000,-11905769.000000,0.000000,-16178175.000000,-16178175.000000,-16178175.000000,0.000000,0.000000,,14730055.000000,-14730055.000000,881311.000000,0.000000,2.289000,-1.446000,-0.641000,0.000000,0.000000,1.160000,,,0.000000,-56632658.000000,0.000000,0.000000,9572444.000000,-1.026000,-1.726000,-1.448000,,1963196.000000,5157611.000000,1.000000,20170264.000000,18991971.000000,18991971.000000,0.000000,16317693.000000,0.000000,0.000000,0.000000,0.859000
ART,2016-12-31,2017-03-21,2016-12-31,2016-Q4,7498295.000000,29543527.000000,2025-04-28,-6892.000000,14535708.000000,15539828.000000,13974829.000000,560879.000000,0.000000,0.494000,0.000000,3114843.000000,3114843.000000,0.000000,-14731822.000000,2.158000,0.807000,3269582.000000,3269582.000000,0.000000,3269582.000000,0.000000,0.000000,0.000000,0.000000,0.000000,-14709894.000000,-14709894.000000,,-14709894.000000,-14709894.000000,-14731822.000000,-0.900000,-0.900000,-0.900000,8042867.000000,9204400.000000,8042867.000000,29698266.000000,-2.000000,-2.019000,-11071263.000000,-0.680000,1.000000,0.000000,,0.000000,21928.000000,8213913.000000,9509476.000000,0.000000,10075058.000000,10075058.000000,0.000000,6492841.000000,6476534.000000,16307.000000,2306952.000000,0.000000,11570577.000000,-94861.000000,0.000000,10348450.000000,3029765.000000,3029765.000000,-11071263.000000,0.000000,-14731822.000000,-14731822.000000,-14731822.000000,0.000000,0.000000,,13847275.000000,-13847275.000000,1203888.000000,0.000000,3.673000,-2.005000,-1.378000,0.000000,0.000000,1.240000,,,0.000000,-60277267.000000,0.000000,0.000000,9000499.000000,-0.948000,-1.601000,-1.547000,,1794327.000000,4846776.000000,1.000000,23825425.000000,16278292.000000,16278292.000000,0.000000,14535708.000000,0.000000,0.000000,0.000000,0.893000
ART,2017-03-31,2017-05-10,2017-03-31,2017-Q1,11291751.000000,32777832.000000,2025-04-28,-7499.000000,15152607.000000,16138754.000000,14673917.000000,478690.000000,0.000000,0.338000,0.000000,4398387.000000,4398387.000000,0.000000,-16366733.000000,4.339000,1.008000,3713029.000000,0.000000,3713029.000000,3713029.000000,0.000000,0.000000,0.000000,0.000000,0.000000,-16358738.000000,-16358738.000000,,-16358738.000000,-16358738.000000,-16366733.000000,-0.810000,-0.810000,-0.810000,7546087.000000,9648487.000000,7546087.000000,32092474.000000,-2.000000,-1.962000,-11624731.000000,-0.520000,1.000000,0.000000,,0.000000,7995.000000,11085083.000000,9795778.000000,0.000000,7954240.000000,7954240.000000,0.000000,7606520.000000,3382166.000000,4224354.000000,400283.000000,0.000000,14110120.000000,-94861.000000,0.000000,12929306.000000,-904292.000000,-904292.000000,-11624731.000000,0.000000,-16366733.000000,-16366733.000000,-16366733.000000,0.000000,0.000000,,15548521.000000,-15548521.000000,1726824.000000,0.000000,4.344000,-2.003000,-1.691000,0.000000,0.000000,1.370000,,,0.000000,-65499167.000000,0.000000,0.000000,10651471.000000,-1.014000,-1.696000,-1.670000,,1572012.000000,4897050.000000,1.000000,23925425.000000,22352921.000000,22352921.000000,0.000000,15152607.000000,0.000000,0.000000,0.000000,0.678000
ART,2017-06-30,2017-08-09,2017-06-30,2017-Q2,6537024.000000,25894191.000000,2025-04-28,-5999.000000,14320911.000000,15081730.000000,14264002.000000,56909.000000,0.000000,0.273000,0.000000,3432992.000000,3432992.000000,0.000000,-17845574.000000,1.846000,1.174000,3050427.000000,3050427.000000,0.000000,3050427.000000,0.000000,0.000000,0.000000,0.000000,0.000000,-17838262.000000,-17838262.000000,,-17838262.000000,-17838262.000000,-17845574.000000,-0.800000,-0.800000,-0.800000,6587879.000000,8099090.000000,6587879.000000,25511626.000000,-1.000000,-1.430000,-12601061.000000,-0.522000,1.000000,0.000000,,0.000000,7312.000000,6211368.000000,8860402.000000,0.000000,8689630.000000,8689630.000000,0.000000,7733032.000000,7726978.000000,6054.000000,-1766279.000000,0.000000,8242771.000000,0.000000,0.000000,7672598.000000,3162184.000000,3162184.000000,-12601061.000000,0.000000,-17845574.000000,-17845574.000000,-17845574.000000,0.000000,0.000000,,16953211.000000,-16953211.000000,1304711.000000,0.000000,3.931000,-1.451000,-1.169000,0.000000,0.000000,0.935000,,,0.000000,-70670801.000000,0.000000,0.000000,11995792.000000,-1.183000,-2.203000,-2.013000,,1423025.000000,4957419.000000,1.000000,27697284.000000,24118887.000000,24118887.000000,0.000000,14320911.000000,0.000000,0.000000,0.000000,0.594000
ART,2017-09-30,2017-11-08,2017-09-30,2017-Q3,1911591.000000,61272521.000000,2025-04-28,-3558.000000,11839444.000000,13962168.000000,11525074.000000,314370.000000,0.000000,0.081000,0.000000,2607404.000000,2607404.000000,0.000000,-20137801.000000,1.199000,4.319000,3180411.000000,3180411.000000,0.000000,3180411.000000,0.000000,0.000000,0.000000,0.000000,0.000000,-20134156.000000,-20134156.000000,,-20134156.000000,-20134156.000000,-20137801.000000,-0.820000,-0.820000,-0.820000,2225961.000000,6100698.000000,2225961.000000,61845528.000000,-3.000000,-3.072000,-13274649.000000,-0.483000,1.000000,0.000000,,0.000000,3645.000000,2798968.000000,7077333.000000,0.000000,7270719.000000,7270719.000000,0.000000,9613483.000000,9613483.000000,0.000000,-486829.000000,0.000000,8966999.000000,-77261.000000,0.000000,8674835.000000,4112985.000000,4112985.000000,-13274649.000000,0.000000,-20137801.000000,-20137801.000000,-20137801.000000,0.000000,0.000000,,18380460.000000,-18380460.000000,1555472.000000,0.000000,27.526000,-3.043000,-2.622000,0.000000,0.000000,2.150000,,,0.000000,-76770459.000000,0.000000,0.000000,13355637.000000,-1.442000,-3.301000,-2.845000,,1446200.000000,5024823.000000,1.000000,28498847.000000,27469784.000000,27469784.000000,0.000000,11839444.000000,0.000000,0.000000,0.000000,0.431000
ART,2017-12-31,2018-03-07,2017-12-31,2017-Q4,13195223.000000,305392812.000000,2025-04-28,-19769.000000,22121411.000000,15858593.000000,21851798.000000,269613.000000,0.000000,0.518000,0.000000,8988478.000000,8988478.000000,0.000000,-20577665.000000,2.524000,0.643000,3450540.000000,3450540.000000,0.000000,3450540.000000,0.000000,0.000000,0.000000,0.000000,0.000000,-20578936.000000,-20578936.000000,,-20578936.000000,-20578936.000000,-20577665.000000,-0.790000,-0.790000,-0.790000,13464836.000000,7456191.000000,13464836.000000,299854874.000000,-15.000000,-14.571000,-14757767.000000,-0.568000,1.000000,0.000000,,0.000000,-1271.000000,7926898.000000,7005579.000000,0.000000,11587478.000000,11587478.000000,0.000000,8656575.000000,8656575.000000,0.000000,5912976.000000,0.000000,22999680.000000,-77261.000000,0.000000,22400450.000000,-1729707.000000,-1729707.000000,-14757767.000000,0.000000,-20577665.000000,-20577665.000000,-20577665.000000,0.000000,0.000000,,19070189.000000,-19070189.000000,1529935.000000,0.000000,22.681000,-14.841000,-7.595000,0.000000,0.000000,6.000000,,,0.000000,-80854932.000000,0.000000,0.000000,13741186.000000,-1.298000,-2.760000,-2.938000,,1451465.000000,5329003.000000,1.000000,50898802.000000,25978098.000000,25978098.000000,0.000000,22121411.000000,0.000000,0.000000,0.000000,0.852000
ART,2018-03-31,2018-05-09,2018-03-31,2018-Q1,72392000.000000,215956747.000000,2025-04-28,-109000.000000,78971000.000000,31813192.000000,78731000.000000,240000.000000,0.000000,1.627000,0.000000,36356000.000000,36356000.000000,0.000000,-18906765.000000,12.420000,0.087000,3721000.000000,3721000.000000,0.000000,3721000.000000,0.000000,0.000000,0.000000,0.000000,0.000000,-18728565.000000,-18728565.000000,,-18728565.000000,-18728565.000000,-18906765.000000,-0.630000,-0.650000,-0.630000,72632000.000000,23727669.000000,72632000.000000,183321747.000000,-10.000000,-9.788000,-16782175.000000,-0.376000,1.000000,0.000000,,0.000000,178200.000000,39997000.000000,14233558.000000,0.000000,41112000.000000,41112000.000000,0.000000,6339000.000000,6339000.000000,0.000000,31997432.000000,0.000000,82904137.000000,-77261.000000,0.000000,82174897.000000,-33395290.000000,-33395290.000000,-16782175.000000,0.000000,-18906765.000000,-18906765.000000,-18906765.000000,0.000000,0.000000,,18906526.000000,-18906526.000000,658000.000000,0.000000,2.973000,-11.422000,-6.730000,0.000000,0.000000,4.240000,,,0.000000,-84406000.000000,0.000000,0.000000,13256035.000000,-0.594000,-0.797000,-1.316000,,1659226.000000,5650491.000000,1.000000,50933195.000000,44649000.000000,45306000.000000,0.000000,78971000.000000,0.000000,0.000000,0.000000,1.769000
ART,2018-06-30,2018-08-09,2018-06-30,2018-Q2,140153000.000000,599905583.000000,2025-04-28,-147000.000000,144468000.000000,64349964.000000,144258000.000000,210000.000000,0.000000,2.660000,0.000000,34610000.000000,34610000.000000,0.000000,-20407131.000000,35.142000,0.029000,0.000000,0.000000,0.000000,0.000000,0.000000,0.000000,0.000000,0.000000,0.000000,-19838061.000000,-19838061.000000,,-19838061.000000,-19838061.000000,-20407131.000000,-0.550000,-0.570000,-0.550000,140363000.000000,57171449.000000,140363000.000000,565295583.000000,-28.000000,-28.496000,-17849005.000000,-0.338000,1.000000,0.000000,,0.000000,569070.000000,105753000.000000,39118966.000000,0.000000,107556000.000000,107556000.000000,0.000000,4105000.000000,4105000.000000,0.000000,31216827.000000,0.000000,153042793.000000,-3910261.000000,0.000000,148321479.000000,-99255647.000000,-99255647.000000,-17849005.000000,0.000000,-20407131.000000,-20407131.000000,-20407131.000000,0.000000,0.000000,,20848783.000000,-20848783.000000,1493000.000000,0.000000,4.274000,-29.397000,-17.982000,0.000000,0.000000,9.890000,,,0.000000,-91078000.000000,0.000000,0.000000,14761656.000000,-0.317000,-0.357000,-0.507000,,1948968.000000,6087127.000000,1.000000,60657794.000000,52767000.000000,52767000.000000,0.000000,144468000.000000,0.000000,0.000000,0.000000,2.738000
ART,2018-09-30,2018-11-07,2018-09-30,2018-Q3,301873000.000000,1003296392.000000,2025-04-28,-117000.000000,306796000.000000,138089103.000000,306616000.000000,180000.000000,0.000000,4.933000,0.000000,169506000.000000,169506000.000000,0.000000,-20907473.000000,64.646000,0.016000,0.000000,0.000000,0.000000,0.000000,0.000000,0.000000,0.000000,0.000000,0.000000,-19512292.000000,-19512292.000000,,-19512292.000000,-19512292.000000,-20907473.000000,-0.440000,-0.460000,-0.440000,302053000.000000,132128209.000000,302053000.000000,833790392.000000,-43.000000,-42.732000,-20024002.000000,-0.327000,1.000000,0.000000,,0.000000,1395181.000000,132547000.000000,71555974.000000,0.000000,134656000.000000,134656000.000000,0.000000,4743000.000000,4743000.000000,0.000000,166938415.000000,0.000000,319495793.000000,-3833000.000000,0.000000,314695893.000000,-127733476.000000,-127733476.000000,-20024002.000000,0.000000,-20907473.000000,-20907473.000000,-20907473.000000,0.000000,0.000000,,23551252.000000,-23551252.000000,1215000.000000,0.000000,3.322000,-47.987000,-31.909000,0.000000,0.000000,14.040000,,,0.000000,-97678000.000000,0.000000,0.000000,16984017.000000,-0.151000,-0.158000,-0.273000,,2354840.000000,6567235.000000,1.000000,71459857.000000,61232000.000000,61232000.000000,0.000000,306796000.000000,0.000000,0.000000,0.000000,5.010000
ART,2018-12-31,2019-03-13,2018-12-31,2018-Q4,297583000.000000,593884682.000000,2025-04-28,-423000.000000,302312000.000000,208136750.000000,302133000.000000,179000.000000,0.000000,5.171000,0.000000,24808000.000000,24808000.000000,0.000000,-22063000.000000,66.403000,0.015000,0.000000,0.000000,0.000000,0.000000,0.000000,0.000000,0.000000,0.000000,0.000000,-22063000.000000,-22063000.000000,,-22063000.000000,-22063000.000000,-22063000.000000,-0.380000,-0.380000,-0.380000,297750000.000000,203199500.000000,297750000.000000,569076682.000000,-26.000000,-25.793000,-18755000.000000,-0.326000,1.000000,0.000000,,0.000000,0.000000,272954000.000000,137812750.000000,0.000000,276741000.000000,276741000.000000,0.000000,4562000.000000,4550000.000000,12000.000000,15791000.000000,0.000000,305000000.000000,-3833000.000000,0.000000,300275000.000000,-265729000.000000,-265729000.000000,-18755000.000000,0.000000,-22063000.000000,-22063000.000000,-22063000.000000,0.000000,0.000000,,26161000.000000,-26161000.000000,959000.000000,0.000000,1.995000,-26.918000,-21.711000,0.000000,0.000000,8.250000,,,0.000000,-102918000.000000,0.000000,0.000000,19040000.000000,-0.106000,-0.109000,-0.160000,,2608000.000000,7121000.000000,1.000000,71986022.000000,57580000.000000,57580000.000000,0.000000,302312000.000000,0.000000,0.000000,0.000000,5.250000
ART,2019-03-31,2019-05-02,2019-03-31,2019-Q1,294219000.000000,587188405.000000,2025-04-28,-49000.000000,300080000.000000,263414000.000000,299137000.000000,943000.000000,0.000000,4.105000,0.000000,14372000.000000,14372000.000000,0.000000,-23436000.000000,60.825000,0.019000,869000.000000,281000.000000,588000.000000,869000.000000,0.000000,0.000000,0.000000,0.000000,0.000000,-21703000.000000,-21703000.000000,,-21703000.000000,-21703000.000000,-23436000.000000,-0.370000,-0.370000,-0.370000,294574000.000000,258685000.000000,294574000.000000,573685405.000000,-26.000000,-26.433000,-16604000.000000,-0.231000,1.000000,0.000000,,0.000000,1733000.000000,281659000.000000,198228250.000000,0.000000,284375000.000000,284375000.000000,0.000000,5506000.000000,4918000.000000,588000.000000,-22013000.000000,0.000000,242965000.000000,-3833000.000000,0.000000,238302000.000000,-243711000.000000,-243711000.000000,-16604000.000000,0.000000,-23436000.000000,-23436000.000000,-23436000.000000,0.000000,0.000000,,28162000.000000,-28162000.000000,1676000.000000,0.000000,1.993000,-25.055000,-22.027000,794000.000000,0.000000,8.150000,,,0.000000,-107842000.000000,0.000000,0.000000,20493000.000000,-0.089000,-0.091000,-0.109000,,3032000.000000,7669000.000000,1.000000,72047657.000000,71755000.000000,71755000.000000,0.000000,300080000.000000,0.000000,0.000000,0.000000,4.182000
ART,2019-06-30,2019-08-01,2019-06-30,2019-Q2,288018000.000000,546634469.000000,2025-04-28,239000.000000,294493000.000000,300920250.000000,293644000.000000,849000.000000,0.000000,4.009000,0.000000,19152000.000000,19152000.000000,0.000000,-24438000.000000,52.194000,0.021000,801000.000000,288000.000000,513000.000000,801000.000000,0.000000,0.000000,0.000000,0.000000,0.000000,-23097000.000000,-23097000.000000,,-23097000.000000,-23097000.000000,-24438000.000000,-0.350000,-0.350000,-0.350000,288354000.000000,295682750.000000,288354000.000000,528283469.000000,-23.000000,-22.872000,-17793000.000000,-0.247000,1.000000,0.000000,,0.000000,1341000.000000,270516000.000000,239419000.000000,0.000000,273513000.000000,273513000.000000,0.000000,6139000.000000,5626000.000000,513000.000000,-15487000.000000,0.000000,169062000.000000,0.000000,0.000000,168413000.000000,-166107000.000000,-166107000.000000,-17793000.000000,0.000000,-24438000.000000,-24438000.000000,-24438000.000000,0.000000,0.000000,,30806000.000000,-30806000.000000,1870000.000000,0.000000,1.896000,-22.368000,-21.629000,730000.000000,0.000000,7.570000,,,0.000000,-115516000.000000,0.000000,0.000000,22605000.000000,-0.081000,-0.083000,-0.096000,,3323000.000000,8201000.000000,1.000000,72210630.000000,71921000.000000,71921000.000000,0.000000,294493000.000000,0.000000,0.000000,0.000000,4.095000
ART,2019-09-30,2019-11-05,2019-09-30,2019-Q3,283064000.000000,565100695.000000,2025-04-28,157000.000000,290122000.000000,296751750.000000,289256000.000000,866000.000000,0.000000,3.935000,0.000000,30981000.000000,30981000.000000,0.000000,-23569000.000000,46.714000,0.023000,733000.000000,295000.000000,438000.000000,733000.000000,0.000000,0.000000,0.000000,0.000000,0.000000,-23052000.000000,-23052000.000000,,-23052000.000000,-23052000.000000,-23569000.000000,-0.320000,-0.320000,-0.320000,283492000.000000,291042500.000000,283492000.000000,534852695.000000,-23.000000,-23.202000,-15688000.000000,-0.218000,1.000000,0.000000,,0.000000,517000.000000,253682000.000000,269702750.000000,0.000000,257120000.000000,257120000.000000,0.000000,6630000.000000,6192000.000000,438000.000000,-138554000.000000,0.000000,1500000.000000,0.000000,0.000000,1001000.000000,-123867000.000000,-123867000.000000,-15688000.000000,0.000000,-23569000.000000,-23569000.000000,-23569000.000000,0.000000,0.000000,,30851000.000000,-30851000.000000,2095000.000000,0.000000,1.993000,-23.976000,-24.438000,664000.000000,0.000000,7.820000,,,0.000000,-121247000.000000,0.000000,0.000000,22197000.000000,-0.079000,-0.081000,-0.085000,,3384000.000000,8654000.000000,1.000000,72263516.000000,72040000.000000,72040000.000000,0.000000,290122000.000000,0.000000,0.000000,0.000000,4.027000
ART,2019-12-31,2020-02-26,2019-12-31,2019-Q4,276724000.000000,452066636.000000,2025-04-28,12000.000000,284256000.000000,292237750.000000,283501000.000000,755000.000000,0.000000,3.851000,0.000000,8406000.000000,8406000.000000,0.000000,-25779000.000000,41.833000,0.026000,662000.000000,302000.000000,360000.000000,662000.000000,0.000000,260000.000000,0.000000,0.000000,0.000000,-25779000.000000,-25519000.000000,,-25519000.000000,-25779000.000000,-25779000.000000,-0.360000,-0.360000,-0.360000,277119000.000000,285884750.000000,277119000.000000,444322636.000000,-17.000000,-17.411000,-24752000.000000,-0.344000,1.000000,0.000000,,0.000000,0.000000,269735000.000000,268898000.000000,0.000000,267261000.000000,267261000.000000,0.000000,7137000.000000,6777000.000000,360000.000000,-16402000.000000,0.000000,1111000.000000,0.000000,0.000000,887000.000000,7463000.000000,7463000.000000,-24752000.000000,0.000000,-25779000.000000,-25779000.000000,-25779000.000000,0.000000,0.000000,,32687000.000000,-32687000.000000,2431000.000000,0.000000,1.631000,-17.536000,-17.306000,598000.000000,0.000000,6.230000,,,0.000000,-128697000.000000,0.000000,0.000000,23559000.000000,-0.088000,-0.090000,-0.096000,,3743000.000000,9128000.000000,1.000000,72562863.000000,71959000.000000,71959000.000000,0.000000,284256000.000000,0.000000,0.000000,0.000000,3.950000
ART,2020-03-31,2020-04-30,2020-03-31,2020-Q1,267904000.000000,418155540.000000,2025-04-28,-812000.000000,277104000.000000,286493750.000000,276446000.000000,658000.000000,0.000000,3.708000,0.000000,15289000.000000,15289000.000000,0.000000,-30542000.000000,32.363000,0.033000,588000.000000,309000.000000,279000.000000,588000.000000,0.000000,328000.000000,0.000000,0.000000,0.000000,-30542000.000000,-30214000.000000,,-30214000.000000,-30542000.000000,-30542000.000000,-0.430000,-0.430000,-0.430000,268283000.000000,279312000.000000,268283000.000000,403454540.000000,-13.000000,-13.353000,-25902000.000000,-0.358000,1.000000,0.000000,,0.000000,0.000000,253861000.000000,261948500.000000,0.000000,253901000.000000,253901000.000000,0.000000,8821000.000000,8542000.000000,279000.000000,917000.000000,0.000000,862000.000000,0.000000,0.000000,595000.000000,26224000.000000,26224000.000000,-25902000.000000,0.000000,-30542000.000000,-30542000.000000,-30542000.000000,0.000000,0.000000,,36829000.000000,-36829000.000000,3098000.000000,0.000000,1.559000,-13.691000,-13.395000,530000.000000,0.000000,5.760000,,,0.000000,-138384000.000000,0.000000,0.000000,27050000.000000,-0.107000,-0.109000,-0.117000,,4361000.000000,9779000.000000,1.000000,72596448.000000,72356000.000000,72356000.000000,0.000000,277104000.000000,0.000000,0.000000,0.000000,3.830000
ART,2020-06-30,2020-07-29,2020-06-30,2020-Q2,261565000.000000,480932641.000000,2025-04-28,333000.000000,271198000.000000,280670000.000000,270618000.000000,580000.000000,0.000000,3.614000,0.000000,18819000.000000,18819000.000000,0.000000,-32440000.000000,29.893000,0.035000,514000.000000,316000.000000,198000.000000,514000.000000,0.000000,396000.000000,0.000000,0.000000,0.000000,-32440000.000000,-32044000.000000,,-32044000.000000,-32440000.000000,-32440000.000000,-0.450000,-0.450000,-0.450000,261947000.000000,272710250.000000,261947000.000000,462627641.000000,-14.000000,-14.437000,-26109000.000000,-0.360000,1.000000,0.000000,,0.000000,0.000000,243840000.000000,255279500.000000,0.000000,244212000.000000,244212000.000000,0.000000,9251000.000000,9053000.000000,198000.000000,-333000.000000,0.000000,1006000.000000,0.000000,0.000000,751000.000000,25025000.000000,25025000.000000,-26109000.000000,0.000000,-32440000.000000,-32440000.000000,-32440000.000000,0.000000,0.000000,,37866000.000000,-37866000.000000,3209000.000000,0.000000,1.836000,-14.825000,-14.689000,462000.000000,0.000000,6.610000,,,0.000000,-147956000.000000,0.000000,0.000000,27497000.000000,-0.116000,-0.119000,-0.127000,,5088000.000000,10369000.000000,1.000000,72758342.000000,72487000.000000,72487000.000000,0.000000,271198000.000000,0.000000,0.000000,0.000000,3.741000
ART,2020-09-30,2020-10-28,2020-09-30,2020-Q3,253419000.000000,386645452.000000,2025-04-28,-46000.000000,263623000.000000,274045250.000000,263134000.000000,489000.000000,0.000000,3.494000,0.000000,3899000.000000,3899000.000000,0.000000,-35997000.000000,27.085000,0.039000,438000.000000,323000.000000,115000.000000,438000.000000,0.000000,466000.000000,0.000000,0.000000,0.000000,-35997000.000000,-35531000.000000,,-35531000.000000,-35997000.000000,-35997000.000000,-0.500000,-0.500000,-0.500000,253793000.000000,265285500.000000,253793000.000000,383184452.000000,-11.000000,-10.785000,-28034000.000000,-0.386000,1.000000,0.000000,,0.000000,0.000000,250447000.000000,254470750.000000,0.000000,251434000.000000,251434000.000000,0.000000,9830000.000000,9715000.000000,115000.000000,-27082000.000000,0.000000,1071000.000000,0.000000,0.000000,715000.000000,237000.000000,237000.000000,-28034000.000000,0.000000,-35997000.000000,-35997000.000000,-35997000.000000,0.000000,0.000000,,40270000.000000,-40270000.000000,2756000.000000,0.000000,1.523000,-10.741000,-10.600000,392000.000000,0.000000,5.300000,,,0.000000,-157244000.000000,0.000000,0.000000,29334000.000000,-0.131000,-0.136000,-0.141000,,5752000.000000,10936000.000000,1.000000,72951972.000000,72643000.000000,72643000.000000,0.000000,263623000.000000,0.000000,0.000000,0.000000,3.629000
ART,2020-12-31,2021-02-17,2020-12-31,2020-Q4,243975000.000000,613080911.000000,2025-04-28,-54000.000000,256502000.000000,267106750.000000,256104000.000000,398000.000000,0.000000,3.366000,0.000000,29146000.000000,29146000.000000,0.000000,-39495000.000000,21.115000,0.050000,359000.000000,330000.000000,29000.000000,359000.000000,0.000000,277000.000000,0.000000,0.000000,0.000000,-39495000.000000,-39218000.000000,,-39218000.000000,-39495000.000000,-39495000.000000,-0.540000,-0.540000,-0.540000,244344000.000000,257091750.000000,244344000.000000,584293911.000000,-15.000000,-14.899000,-21777000.000000,-0.300000,1.000000,0.000000,,0.000000,0.000000,215586000.000000,240933500.000000,0.000000,219269000.000000,219269000.000000,0.000000,12158000.000000,12129000.000000,29000.000000,20740000.000000,0.000000,1272000.000000,0.000000,0.000000,950000.000000,41567000.000000,41567000.000000,-21777000.000000,0.000000,-39495000.000000,-39495000.000000,-39495000.000000,0.000000,0.000000,,42662000.000000,-42662000.000000,3988000.000000,0.000000,2.509000,-15.523000,-15.315000,321000.000000,0.000000,8.270000,,,0.000000,-168192000.000000,0.000000,0.000000,31931000.000000,-0.148000,-0.154000,-0.164000,,5818000.000000,10731000.000000,1.000000,74133121.000000,72597000.000000,72597000.000000,0.000000,256502000.000000,0.000000,0.000000,0.000000,3.533000
ART,2021-03-31,2021-04-28,2021-03-31,2021-Q1,236947000.000000,496717068.000000,2025-04-28,-104000.000000,250139000.000000,260365500.000000,249863000.000000,276000.000000,0.000000,3.172000,0.000000,16805000.000000,16805000.000000,0.000000,-43818000.000000,19.345000,0.054000,279000.000000,279000.000000,0.000000,279000.000000,0.000000,281000.000000,0.000000,0.000000,0.000000,-43818000.000000,-43537000.000000,,-43537000.000000,-43818000.000000,-43818000.000000,-0.600000,-0.600000,-0.600000,237223000.000000,249326750.000000,237223000.000000,480191068.000000,-11.000000,-11.029000,-28351000.000000,-0.379000,1.000000,0.000000,,0.000000,0.000000,220697000.000000,232642500.000000,0.000000,224874000.000000,224874000.000000,0.000000,12916000.000000,12916000.000000,0.000000,1545000.000000,0.000000,6776000.000000,0.000000,0.000000,6108000.000000,23788000.000000,23788000.000000,-28351000.000000,0.000000,-43818000.000000,-43818000.000000,-43818000.000000,0.000000,0.000000,,45943000.000000,-45943000.000000,4848000.000000,0.000000,2.094000,-11.336000,-10.600000,249000.000000,0.000000,6.360000,,,0.000000,-182202000.000000,0.000000,0.000000,35480000.000000,-0.168000,-0.176000,-0.188000,,5743000.000000,10463000.000000,1.000000,78100168.000000,74782000.000000,74782000.000000,0.000000,250139000.000000,0.000000,0.000000,0.000000,3.345000
ART,2021-06-30,2021-07-28,2021-06-30,2021-Q2,224791000.000000,458192310.000000,2025-04-28,-189000.000000,237845000.000000,252027250.000000,237662000.000000,183000.000000,0.000000,2.888000,0.000000,8829000.000000,8829000.000000,0.000000,-49627000.000000,18.465000,0.057000,198000.000000,198000.000000,0.000000,198000.000000,0.000000,286000.000000,0.000000,0.000000,0.000000,-49627000.000000,-49341000.000000,,-49341000.000000,-49627000.000000,-49627000.000000,-0.670000,-0.670000,-0.670000,224974000.000000,240083500.000000,224974000.000000,449561310.000000,-9.000000,-9.111000,-35119000.000000,-0.451000,1.000000,0.000000,,0.000000,0.000000,216343000.000000,225768250.000000,0.000000,219429000.000000,219429000.000000,0.000000,12871000.000000,12871000.000000,0.000000,-9961000.000000,0.000000,8232000.000000,0.000000,0.000000,7590000.000000,17568000.000000,17568000.000000,-35119000.000000,0.000000,-49627000.000000,-49627000.000000,-49627000.000000,0.000000,0.000000,,50878000.000000,-50878000.000000,4210000.000000,0.000000,2.037000,-9.233000,-8.746000,176000.000000,0.000000,5.860000,,,0.000000,-197583000.000000,0.000000,0.000000,40504000.000000,-0.197000,-0.207000,-0.220000,,5585000.000000,10374000.000000,1.000000,78189814.000000,77897000.000000,77897000.000000,0.000000,237845000.000000,0.000000,0.000000,0.000000,3.053000
ART,2021-09-30,2021-11-03,2021-09-30,2021-Q3,212932000.000000,514785570.000000,2025-04-28,-170000.000000,224474000.000000,242240000.000000,224285000.000000,189000.000000,0.000000,2.732000,0.000000,11264000.000000,11264000.000000,0.000000,-53582000.000000,19.756000,0.053000,115000.000000,115000.000000,0.000000,115000.000000,0.000000,291000.000000,0.000000,0.000000,0.000000,-53582000.000000,-53291000.000000,,-53291000.000000,-53582000.000000,-53582000.000000,-0.710000,-0.710000,-0.710000,213121000.000000,229915500.000000,213121000.000000,503636570.000000,-9.000000,-9.451000,-40722000.000000,-0.522000,1.000000,0.000000,,0.000000,0.000000,201972000.000000,213649500.000000,0.000000,204871000.000000,204871000.000000,0.000000,11353000.000000,11353000.000000,0.000000,7394000.000000,0.000000,8031000.000000,0.000000,0.000000,7297000.000000,40819000.000000,40819000.000000,-40722000.000000,0.000000,-53582000.000000,-53582000.000000,-53582000.000000,0.000000,0.000000,,54438000.000000,-54438000.000000,2852000.000000,0.000000,2.415000,-9.607000,-9.268000,101000.000000,0.000000,6.580000,,,0.000000,-210826000.000000,0.000000,0.000000,44183000.000000,-0.221000,-0.233000,-0.251000,,5709000.000000,10255000.000000,1.000000,78234889.000000,78009000.000000,78009000.000000,0.000000,224474000.000000,0.000000,0.000000,0.000000,2.878000
ART,2021-12-31,2022-02-09,2021-12-31,2021-Q4,201750000.000000,292293632.000000,2025-04-28,-549000.000000,210662000.000000,230780000.000000,210528000.000000,134000.000000,0.000000,2.615000,0.000000,26404000.000000,26404000.000000,0.000000,-54990000.000000,23.984000,0.043000,29000.000000,29000.000000,0.000000,29000.000000,0.000000,296000.000000,0.000000,0.000000,0.000000,-54990000.000000,-54694000.000000,,-54694000.000000,-54990000.000000,-54990000.000000,-0.710000,-0.710000,-0.710000,201884000.000000,219300500.000000,201884000.000000,265918632.000000,-5.000000,-4.862000,-47586000.000000,-0.616000,1.000000,0.000000,,0.000000,0.000000,175509000.000000,203630250.000000,0.000000,175732000.000000,175732000.000000,0.000000,8778000.000000,8778000.000000,0.000000,-2746000.000000,0.000000,7633000.000000,0.000000,0.000000,6880000.000000,37960000.000000,37960000.000000,-47586000.000000,0.000000,-54990000.000000,-54990000.000000,-54990000.000000,0.000000,0.000000,,55682000.000000,-55682000.000000,1444000.000000,0.000000,1.448000,-5.315000,-5.254000,25000.000000,0.000000,3.730000,,,0.000000,-223182000.000000,0.000000,0.000000,44981000.000000,-0.238000,-0.251000,-0.270000,,6100000.000000,10701000.000000,1.000000,78362904.000000,77198000.000000,77198000.000000,0.000000,210662000.000000,0.000000,0.000000,0.000000,2.729000
ART,2022-03-31,2022-04-27,2022-03-31,2022-Q1,182031000.000000,170222166.000000,2025-04-28,-1411000.000000,195028000.000000,217002250.000000,193299000.000000,1729000.000000,0.000000,2.355000,0.000000,12487000.000000,12487000.000000,0.000000,-57083000.000000,17.155000,0.070000,1640000.000000,150000.000000,1490000.000000,1640000.000000,0.000000,301000.000000,0.000000,0.000000,0.000000,-57083000.000000,-56782000.000000,,-56782000.000000,-57083000.000000,-57083000.000000,-0.740000,-0.740000,-0.740000,182270000.000000,205562250.000000,182270000.000000,159375166.000000,-3.000000,-2.807000,-47240000.000000,-0.610000,1.000000,0.000000,,0.000000,0.000000,172913000.000000,191684250.000000,0.000000,172445000.000000,172445000.000000,0.000000,12758000.000000,11268000.000000,1490000.000000,-4351000.000000,0.000000,-2538000.000000,0.000000,0.000000,-3317000.000000,46206000.000000,46206000.000000,-47240000.000000,0.000000,-57083000.000000,-57083000.000000,-57083000.000000,0.000000,0.000000,,57699000.000000,-57699000.000000,3119000.000000,0.000000,0.934000,-2.982000,-2.973000,1632000.000000,0.000000,2.200000,,,0.000000,-239285000.000000,0.000000,0.000000,46001000.000000,-0.263000,-0.278000,-0.298000,,6880000.000000,11698000.000000,1.000000,77373712.000000,77413000.000000,77413000.000000,0.000000,195028000.000000,0.000000,0.000000,0.000000,2.519000
ART,2022-06-30,2022-07-27,2022-06-30,2022-Q2,164999000.000000,243869360.000000,2025-04-28,-1649000.000000,181508000.000000,202918000.000000,179863000.000000,1645000.000000,0.000000,2.150000,0.000000,16259000.000000,16259000.000000,0.000000,-59134000.000000,12.101000,0.099000,1652000.000000,238000.000000,1414000.000000,1652000.000000,0.000000,228000.000000,0.000000,0.000000,0.000000,-59134000.000000,-58906000.000000,,-58906000.000000,-59134000.000000,-59134000.000000,-0.770000,-0.770000,-0.770000,165230000.000000,190626250.000000,165230000.000000,229262360.000000,-4.000000,-3.892000,-47248000.000000,-0.615000,1.000000,0.000000,,0.000000,0.000000,152037000.000000,175607750.000000,0.000000,152691000.000000,152691000.000000,0.000000,16278000.000000,14864000.000000,1414000.000000,7573000.000000,0.000000,-6026000.000000,0.000000,0.000000,-6805000.000000,61626000.000000,61626000.000000,-47248000.000000,-176000.000000,-59134000.000000,-59134000.000000,-59134000.000000,0.000000,0.000000,,59789000.000000,-59789000.000000,6104000.000000,0.000000,1.476000,-4.124000,-4.130000,1560000.000000,0.000000,3.180000,,,0.000000,-256717000.000000,0.000000,0.000000,46739000.000000,-0.291000,-0.310000,-0.337000,,7609000.000000,13050000.000000,1.000000,76688478.000000,76842000.000000,76842000.000000,0.000000,181508000.000000,0.000000,0.000000,0.000000,2.362000
ART,2022-09-30,2022-10-26,2022-09-30,2022-Q3,151085000.000000,318257184.000000,2025-04-28,-1761000.000000,166683000.000000,188470250.000000,165146000.000000,1537000.000000,0.000000,1.977000,0.000000,29441000.000000,29441000.000000,0.000000,-61664000.000000,11.745000,0.102000,1636000.000000,299000.000000,1337000.000000,1636000.000000,0.000000,295000.000000,0.000000,0.000000,0.000000,-61664000.000000,-61369000.000000,,-61369000.000000,-61664000.000000,-61664000.000000,-0.810000,-0.810000,-0.810000,151285000.000000,175167250.000000,151285000.000000,290452184.000000,-5.000000,-4.733000,-49821000.000000,-0.651000,1.000000,0.000000,,0.000000,0.000000,124817000.000000,156319000.000000,0.000000,125615000.000000,125615000.000000,0.000000,15398000.000000,14061000.000000,1337000.000000,18543000.000000,0.000000,-6031000.000000,0.000000,0.000000,-6539000.000000,74903000.000000,74903000.000000,-49821000.000000,-399000.000000,-61664000.000000,-61664000.000000,-61664000.000000,0.000000,0.000000,,62582000.000000,-62582000.000000,3142000.000000,0.000000,2.104000,-5.161000,-5.123000,1489000.000000,0.000000,4.150000,,,0.000000,-272490000.000000,0.000000,0.000000,47903000.000000,-0.327000,-0.352000,-0.394000,,7950000.000000,14679000.000000,1.000000,76688478.000000,76505000.000000,76505000.000000,0.000000,166683000.000000,0.000000,0.000000,0.000000,2.179000
ART,2022-12-31,2023-02-10,2022-12-31,2022-Q4,145093000.000000,836725704.000000,2025-04-28,-1102000.000000,168529000.000000,177937000.000000,167040000.000000,1489000.000000,0.000000,1.891000,0.000000,36665000.000000,36665000.000000,0.000000,-68867000.000000,7.611000,0.160000,1564000.000000,304000.000000,1260000.000000,1564000.000000,0.000000,291000.000000,0.000000,0.000000,0.000000,-68867000.000000,-68576000.000000,,-68576000.000000,-68867000.000000,-68867000.000000,-0.900000,-0.900000,-0.900000,145322000.000000,161026750.000000,145322000.000000,801624704.000000,-12.000000,-11.690000,-48397000.000000,-0.630000,1.000000,0.000000,,0.000000,0.000000,111481000.000000,140312000.000000,0.000000,118853000.000000,118853000.000000,0.000000,23207000.000000,21947000.000000,1260000.000000,10519000.000000,0.000000,5718000.000000,0.000000,0.000000,4163000.000000,54753000.000000,54753000.000000,-48397000.000000,-258000.000000,-68867000.000000,-68867000.000000,-68867000.000000,0.000000,0.000000,,70355000.000000,-70355000.000000,8529000.000000,0.000000,5.758000,-12.150000,-11.856000,1418000.000000,0.000000,10.670000,,,0.000000,-292049000.000000,0.000000,0.000000,54234000.000000,-0.387000,-0.428000,-0.491000,,8673000.000000,16121000.000000,1.000000,78418529.000000,76834000.000000,76834000.000000,0.000000,168529000.000000,0.000000,0.000000,0.000000,2.193000
ART,2023-03-31,2023-04-26,2023-03-31,2023-Q1,133819000.000000,1946822098.000000,2025-04-28,-618000.000000,150895000.000000,166903750.000000,149468000.000000,1427000.000000,0.000000,1.711000,0.000000,18395000.000000,18395000.000000,0.000000,-72295000.000000,9.551000,0.126000,1490000.000000,309000.000000,1181000.000000,1490000.000000,0.000000,286000.000000,0.000000,0.000000,0.000000,-72295000.000000,-72009000.000000,,-72009000.000000,-72295000.000000,-72295000.000000,-0.950000,-0.950000,-0.950000,134065000.000000,148975500.000000,134065000.000000,1929917098.000000,-27.000000,-26.801000,-62510000.000000,-0.798000,1.000000,0.000000,,0.000000,0.000000,118341000.000000,126669000.000000,0.000000,117302000.000000,117302000.000000,0.000000,16830000.000000,15649000.000000,1181000.000000,6175000.000000,0.000000,16160000.000000,0.000000,0.000000,13353000.000000,55332000.000000,55332000.000000,-62510000.000000,-267000.000000,-72295000.000000,-72295000.000000,-72295000.000000,0.000000,0.000000,,74647000.000000,-74647000.000000,3799000.000000,0.000000,14.521000,-26.929000,-20.579000,1346000.000000,0.000000,19.550000,,,0.000000,-311580000.000000,0.000000,0.000000,52687000.000000,-0.433000,-0.485000,-0.571000,,9885000.000000,21960000.000000,1.000000,99581693.000000,78352000.000000,78352000.000000,0.000000,150895000.000000,0.000000,0.000000,0.000000,1.926000
ART,2023-06-30,2023-07-26,2023-06-30,2023-Q2,385893000.000000,1428411664.000000,2025-04-28,-1040000.000000,400693000.000000,221700000.000000,399371000.000000,1322000.000000,0.000000,3.900000,0.000000,69552000.000000,69552000.000000,0.000000,-74088000.000000,29.631000,0.038000,1414000.000000,314000.000000,1100000.000000,1414000.000000,0.000000,359000.000000,0.000000,0.000000,0.000000,-74088000.000000,-73729000.000000,,-73729000.000000,-74088000.000000,-74088000.000000,-0.910000,-0.910000,-0.910000,386115000.000000,204196750.000000,386115000.000000,1360273664.000000,-18.000000,-18.450000,-60503000.000000,-0.611000,1.000000,0.000000,,0.000000,0.000000,319077000.000000,168429000.000000,0.000000,323401000.000000,323401000.000000,0.000000,14578000.000000,13478000.000000,1100000.000000,53387000.000000,0.000000,290198000.000000,0.000000,0.000000,282021000.000000,-168131000.000000,-168131000.000000,-60503000.000000,-94000.000000,-74088000.000000,-74088000.000000,-74088000.000000,0.000000,0.000000,,80756000.000000,-80756000.000000,5611000.000000,0.000000,3.699000,-19.280000,-15.692000,1273000.000000,0.000000,14.280000,,,0.000000,-330805000.000000,0.000000,0.000000,53062000.000000,-0.334000,-0.363000,-0.440000,,12285000.000000,27694000.000000,1.000000,100028828.000000,99010000.000000,99010000.000000,0.000000,400693000.000000,0.000000,0.000000,0.000000,4.047000
ART,2023-09-30,2023-10-25,2023-09-30,2023-Q3,367895000.000000,1067308929.000000,2025-04-28,-905000.000000,382663000.000000,275695000.000000,381300000.000000,1363000.000000,0.000000,3.688000,0.000000,37218000.000000,37218000.000000,0.000000,-80849000.000000,28.445000,0.039000,1337000.000000,319000.000000,1018000.000000,1337000.000000,0.000000,290000.000000,0.000000,0.000000,0.000000,-80849000.000000,-80559000.000000,,-80559000.000000,-80849000.000000,-80849000.000000,-0.930000,-0.930000,-0.930000,368240000.000000,258435500.000000,368240000.000000,1031427929.000000,-13.000000,-12.803000,-66662000.000000,-0.668000,1.000000,0.000000,,0.000000,0.000000,333377000.000000,220569000.000000,0.000000,339056000.000000,339056000.000000,0.000000,14423000.000000,13405000.000000,1018000.000000,7716000.000000,0.000000,290124000.000000,0.000000,0.000000,281937000.000000,-207559000.000000,-207559000.000000,-66662000.000000,61000.000000,-80849000.000000,-80849000.000000,-80849000.000000,0.000000,0.000000,,91825000.000000,-91825000.000000,5711000.000000,0.000000,2.898000,-13.201000,-11.473000,1200000.000000,0.000000,10.670000,,,0.000000,-353339000.000000,0.000000,0.000000,59482000.000000,-0.293000,-0.313000,-0.367000,,14826000.000000,32343000.000000,1.000000,100028953.000000,99846000.000000,99846000.000000,0.000000,382663000.000000,0.000000,0.000000,0.000000,3.833000
ART,2023-12-31,2024-02-07,2023-12-31,2023-Q4,348090000.000000,2459954539.000000,2025-04-28,-389000.000000,368490000.000000,325685250.000000,367225000.000000,1265000.000000,0.000000,3.693000,0.000000,55549000.000000,55549000.000000,0.000000,-85895000.000000,19.191000,0.058000,1260000.000000,324000.000000,936000.000000,1260000.000000,0.000000,292000.000000,0.000000,0.000000,0.000000,-85895000.000000,-85603000.000000,,-85603000.000000,-85895000.000000,-85895000.000000,-0.910000,-0.910000,-0.910000,348419000.000000,309209750.000000,348419000.000000,2405665539.000000,-28.000000,-28.103000,-73376000.000000,-0.778000,1.000000,0.000000,,0.000000,0.000000,295066000.000000,266465250.000000,0.000000,306563000.000000,306563000.000000,0.000000,20071000.000000,19135000.000000,936000.000000,18914000.000000,0.000000,278497000.000000,0.000000,0.000000,271376000.000000,-179086000.000000,-179086000.000000,-73376000.000000,-30000.000000,-85895000.000000,-85895000.000000,-85895000.000000,0.000000,0.000000,,100827000.000000,-100827000.000000,7512000.000000,0.000000,7.060000,-28.639000,-26.901000,1126000.000000,0.000000,24.480000,,,0.000000,-377944000.000000,0.000000,0.000000,63806000.000000,-0.264000,-0.278000,-0.322000,,16750000.000000,37021000.000000,1.000000,100488339.000000,94347000.000000,94347000.000000,0.000000,368490000.000000,0.000000,0.000000,0.000000,3.906000
ART,2024-03-31,2024-04-25,2024-03-31,2024-Q1,933561000.000000,7593068941.000000,2025-04-28,-1599000.000000,967518000.000000,529841000.000000,966335000.000000,1183000.000000,0.000000,9.027000,0.000000,195612000.000000,195612000.000000,0.000000,-93720000.000000,29.485000,0.036000,1181000.000000,329000.000000,852000.000000,1181000.000000,0.000000,294000.000000,0.000000,0.000000,0.000000,-93720000.000000,-93426000.000000,,-93426000.000000,-93720000.000000,-93720000.000000,-0.930000,-0.930000,-0.930000,933892000.000000,509166500.000000,933892000.000000,7398637941.000000,-79.000000,-79.192000,-54867000.000000,-0.530000,1.000000,0.000000,,0.000000,0.000000,740313000.000000,421958250.000000,0.000000,767397000.000000,767397000.000000,0.000000,33626000.000000,32774000.000000,852000.000000,177286000.000000,0.000000,920700000.000000,0.000000,0.000000,873229000.000000,-641076000.000000,-641076000.000000,-54867000.000000,-69000.000000,-93720000.000000,-93720000.000000,-93720000.000000,0.000000,0.000000,,114363000.000000,-114363000.000000,5225000.000000,0.000000,8.131000,-81.019000,-74.043000,1052000.000000,0.000000,68.860000,,,0.000000,-405299000.000000,0.000000,0.000000,76901000.000000,-0.177000,-0.184000,-0.222000,,21162000.000000,37462000.000000,1.000000,110268210.000000,103457000.000000,103457000.000000,0.000000,967518000.000000,0.000000,0.000000,0.000000,9.352000
ART,2024-06-30,2024-07-24,2024-06-30,2024-Q2,920631000.000000,5585236442.000000,2025-04-28,-2272000.000000,946839000.000000,666377500.000000,945724000.000000,1115000.000000,0.000000,8.343000,0.000000,43948000.000000,43948000.000000,0.000000,-96745000.000000,37.689000,0.028000,1100000.000000,334000.000000,766000.000000,1100000.000000,0.000000,296000.000000,0.000000,0.000000,0.000000,-96745000.000000,-96449000.000000,,-96449000.000000,-96745000.000000,-96745000.000000,-0.940000,-0.940000,-0.940000,920980000.000000,642882750.000000,920980000.000000,5542388442.000000,-57.000000,-57.464000,-71945000.000000,-0.652000,1.000000,0.000000,,0.000000,0.000000,878898000.000000,561913500.000000,0.000000,898348000.000000,898348000.000000,0.000000,25859000.000000,25093000.000000,766000.000000,-25541000.000000,0.000000,651157000.000000,0.000000,0.000000,609056000.000000,-562652000.000000,-562652000.000000,-71945000.000000,-63000.000000,-96745000.000000,-96745000.000000,-96745000.000000,0.000000,0.000000,,124677000.000000,-124677000.000000,11090000.000000,0.000000,6.064000,-57.732000,-53.628000,977000.000000,0.000000,50.410000,,,0.000000,-427550000.000000,0.000000,0.000000,86753000.000000,-0.145000,-0.150000,-0.172000,,23624000.000000,37924000.000000,1.000000,110796200.000000,110390000.000000,110390000.000000,0.000000,946839000.000000,0.000000,0.000000,0.000000,8.577000
ART,2024-09-30,2024-10-23,2024-09-30,2024-Q3,910964000.000000,6729643230.000000,2025-04-28,1632000.000000,937888000.000000,805183750.000000,936649000.000000,1239000.000000,0.000000,8.218000,0.000000,50393000.000000,50393000.000000,0.000000,-99151000.000000,36.467000,0.029000,1235000.000000,480000.000000,755000.000000,1235000.000000,0.000000,310000.000000,0.000000,0.000000,0.000000,-99151000.000000,-98841000.000000,,-98841000.000000,-99151000.000000,-99151000.000000,-0.930000,-0.930000,-0.930000,911448000.000000,778684750.000000,911448000.000000,6680485230.000000,-67.000000,-67.588000,-74249000.000000,-0.669000,1.000000,0.000000,,0.000000,0.000000,863045000.000000,694330500.000000,0.000000,880093000.000000,880093000.000000,0.000000,26440000.000000,25685000.000000,755000.000000,13186000.000000,0.000000,653753000.000000,0.000000,0.000000,611652000.000000,-524217000.000000,-524217000.000000,-74249000.000000,-24000.000000,-99151000.000000,-99151000.000000,-99151000.000000,0.000000,0.000000,,133968000.000000,-133968000.000000,254000.000000,0.000000,7.383000,-67.873000,-64.935000,1113000.000000,0.000000,60.390000,,,0.000000,-452490000.000000,0.000000,0.000000,91159000.000000,-0.123000,-0.127000,-0.143000,,28125000.000000,42809000.000000,1.000000,111436384.000000,110911000.000000,110911000.000000,0.000000,937888000.000000,0.000000,0.000000,0.000000,8.456000
ART,2024-12-31,2025-02-26,2024-12-31,2024-Q4,879803000.000000,3122734046.000000,2025-04-28,-788000.000000,908321000.000000,940141500.000000,907216000.000000,1105000.000000,0.000000,8.073000,0.000000,26722000.000000,26722000.000000,0.000000,-109963000.000000,33.094000,0.032000,1119000.000000,489000.000000,630000.000000,1119000.000000,0.000000,346000.000000,0.000000,0.000000,0.000000,-109963000.000000,-109617000.000000,,-109617000.000000,-109963000.000000,-109963000.000000,-1.010000,-1.010000,-1.010000,880278000.000000,911649500.000000,880278000.000000,3097131046.000000,-28.000000,-28.254000,-87790000.000000,-0.805000,1.000000,0.000000,,0.000000,0.000000,855305000.000000,834390250.000000,0.000000,875936000.000000,875936000.000000,0.000000,28043000.000000,27413000.000000,630000.000000,-28692000.000000,0.000000,654565000.000000,0.000000,0.000000,612464000.000000,-553366000.000000,-553366000.000000,-87790000.000000,-148000.000000,-109963000.000000,-109963000.000000,-109963000.000000,0.000000,0.000000,,150921000.000000,-150921000.000000,9813000.000000,0.000000,3.547000,-28.398000,-27.545000,1003000.000000,0.000000,27.820000,,,0.000000,-487907000.000000,0.000000,0.000000,101644000.000000,-0.117000,-0.121000,-0.132000,,29712000.000000,49277000.000000,1.000000,112247809.000000,109037000.000000,109037000.000000,0.000000,908321000.000000,0.000000,0.000000,0.000000,8.330000
ART,2025-03-31,2025-04-24,2025-03-31,2025-Q1,846450000.000000,2881862925.000000,2025-04-28,-216000.000000,866993000.000000,915010250.000000,866023000.000000,970000.000000,0.000000,7.557000,0.000000,37986000.000000,37986000.000000,0.000000,-128236000.000000,44.246000,0.024000,1000000.000000,498000.000000,502000.000000,1000000.000000,0.000000,383000.000000,0.000000,0.000000,0.000000,-128236000.000000,-127853000.000000,,-127853000.000000,-128236000.000000,-128236000.000000,-1.150000,-1.150000,-1.150000,846918000.000000,889906000.000000,846918000.000000,2844876925.000000,-22.000000,-22.251000,-133987000.000000,-1.196000,1.000000,0.000000,,0.000000,0.000000,810434000.000000,851920500.000000,0.000000,813918000.000000,813918000.000000,0.000000,20075000.000000,19573000.000000,502000.000000,-157540000.000000,0.000000,6776000.000000,0.000000,0.000000,6776000.000000,-30329000.000000,-30329000.000000,-133987000.000000,-99000.000000,-128236000.000000,-128236000.000000,-128236000.000000,0.000000,0.000000,,172317000.000000,-172317000.000000,7702000.000000,0.000000,3.403000,-22.473000,-22.313000,892000.000000,0.000000,25.660000,,,0.000000,-533536000.000000,0.000000,0.000000,118932000.000000,-0.140000,-0.144000,-0.151000,,33079000.000000,53385000.000000,1.000000,112309545.000000,112069000.000000,112069000.000000,0.000000,866993000.000000,0.000000,0.000000,0.000000,7.736000
ARY,2014-12-31,2015-04-22,2014-12-31,2014-FY,-21743398.000000,,2025-04-28,0.000000,3043134.000000,,773684.000000,2269450.000000,,-5.285000,0.000000,756632.000000,756632.000000,0.000000,-21884183.000000,0.034000,-1.138000,1568388.000000,304274.000000,1264114.000000,1568388.000000,0.000000,0.000000,0.000000,,0.000000,-21813468.000000,-21813468.000000,,-21813468.000000,-21813468.000000,-21884183.000000,-5.230000,-5.230000,-5.230000,-22128531.000000,,-22128531.000000,,,,-1591423.000000,-0.380000,1.000000,0.000000,,0.000000,70715.000000,-18662192.000000,,0.000000,0.000000,0.000000,0.000000,25171665.000000,22517082.000000,2654583.000000,576238.000000,0.000000,-2.000000,2500000.000000,0.000000,2167661.000000,0.000000,0.000000,-1591423.000000,0.000000,-21884183.000000,-21884183.000000,-21884183.000000,0.000000,0.000000,,23467983.000000,-23467983.000000,1830724.000000,0.000000,,,,0.000000,0.000000,,,,0.000000,-22141457.000000,0.000000,0.000000,22223073.000000,,,,,6258.000000,1244910.000000,1.000000,8654329.000000,4187415.000000,4187415.000000,0.000000,3043134.000000,0.000000,0.000000,0.000000,0.727000
ARY,2015-12-31,2016-03-08,2015-12-31,2015-FY,13224836.000000,20820043.000000,2025-04-28,-7370.000000,15439103.000000,14872581.000000,15201648.000000,237455.000000,0.000000,1.373000,0.000000,848550.000000,848550.000000,0.000000,-23403988.000000,7.690000,0.770000,2151540.000000,0.000000,2151540.000000,2151540.000000,0.000000,0.000000,0.000000,0.000000,0.000000,-23315306.000000,-23315306.000000,,-23315306.000000,-23315306.000000,-23403988.000000,-3.680000,-3.680000,-3.680000,8724998.000000,2887511.000000,8724998.000000,22123033.000000,-1.000000,-0.949000,-8731494.000000,-1.374000,1.000000,0.000000,,0.000000,88682.000000,14765281.000000,3466675.000000,0.000000,13335499.000000,13335499.000000,0.000000,6714105.000000,1976812.000000,4737293.000000,12693.000000,0.000000,25415103.000000,0.000000,0.000000,22214229.000000,-13470042.000000,-13470042.000000,-8731494.000000,0.000000,-23403988.000000,-23403988.000000,-23403988.000000,0.000000,0.000000,,11996478.000000,-11996478.000000,592414.000000,0.000000,2.386000,-0.890000,-0.584000,0.000000,0.000000,2.150000,,,0.000000,-45545445.000000,0.000000,0.000000,6966842.000000,-1.574000,-8.105000,-6.726000,,2601448.000000,5029636.000000,1.000000,9683741.000000,6355869.000000,6355869.000000,0.000000,15439103.000000,0.000000,0.000000,0.000000,2.429000
ARY,2015-12-31,2016-04-04,2015-12-31,2015-FY,13224836.000000,14428774.000000,2025-04-28,-7370.000000,15439103.000000,14872581.000000,15201648.000000,237455.000000,0.000000,1.373000,0.000000,848550.000000,848550.000000,0.000000,-23403988.000000,7.690000,0.770000,2151540.000000,0.000000,2151540.000000,2151540.000000,0.000000,0.000000,0.000000,0.000000,0.000000,-23315306.000000,-23315306.000000,,-23315306.000000,-23315306.000000,-23403988.000000,-3.680000,-3.680000,-3.680000,8724998.000000,2887511.000000,8724998.000000,15731764.000000,-1.000000,-0.675000,-8731494.000000,-1.374000,1.000000,0.000000,,0.000000,88682.000000,14765281.000000,3466675.000000,0.000000,13335499.000000,13335499.000000,0.000000,6714105.000000,1976812.000000,4737293.000000,12693.000000,0.000000,25415103.000000,0.000000,0.000000,22214229.000000,-13470042.000000,-13470042.000000,-8731494.000000,0.000000,-23403988.000000,-23403988.000000,-23403988.000000,0.000000,0.000000,,11996478.000000,-11996478.000000,592414.000000,0.000000,1.654000,-0.617000,-0.405000,0.000000,0.000000,1.490000,,,0.000000,-45545445.000000,0.000000,0.000000,6966842.000000,-1.574000,-8.105000,-6.726000,,2601448.000000,5029636.000000,1.000000,9683741.000000,6355869.000000,6355869.000000,0.000000,15439103.000000,0.000000,0.000000,0.000000,2.429000
ARY,2016-12-31,2017-03-21,2016-12-31,2016-FY,7498295.000000,29543527.000000,2025-04-28,-6892.000000,14535708.000000,15539828.000000,13974829.000000,560879.000000,0.000000,0.494000,0.000000,3114843.000000,3114843.000000,0.000000,-14731822.000000,2.158000,0.807000,3269582.000000,3269582.000000,0.000000,3269582.000000,0.000000,0.000000,0.000000,0.000000,0.000000,-14709894.000000,-14709894.000000,,-14709894.000000,-14709894.000000,-14731822.000000,-0.900000,-0.900000,-0.900000,8042867.000000,9204400.000000,8042867.000000,29698266.000000,-2.000000,-2.019000,-11071263.000000,-0.680000,1.000000,0.000000,,0.000000,21928.000000,8213913.000000,9509476.000000,0.000000,10075058.000000,10075058.000000,0.000000,6492841.000000,6476534.000000,16307.000000,2306952.000000,0.000000,11570577.000000,-94861.000000,0.000000,10348450.000000,3029765.000000,3029765.000000,-11071263.000000,0.000000,-14731822.000000,-14731822.000000,-14731822.000000,0.000000,0.000000,,13847275.000000,-13847275.000000,1203888.000000,0.000000,3.673000,-2.005000,-1.378000,0.000000,0.000000,1.240000,,,0.000000,-60277267.000000,0.000000,0.000000,9000499.000000,-0.948000,-1.601000,-1.547000,,1794327.000000,4846776.000000,1.000000,23825425.000000,16278292.000000,16278292.000000,0.000000,14535708.000000,0.000000,0.000000,0.000000,0.893000
ARY,2017-12-31,2018-03-07,2017-12-31,2017-FY,13195223.000000,305392812.000000,2025-04-28,-19769.000000,22121411.000000,15858593.000000,21851798.000000,269613.000000,0.000000,0.518000,0.000000,8988478.000000,8988478.000000,0.000000,-20577665.000000,2.524000,0.643000,3450540.000000,3450540.000000,0.000000,3450540.000000,0.000000,0.000000,0.000000,0.000000,0.000000,-20578936.000000,-20578936.000000,,-20578936.000000,-20578936.000000,-20577665.000000,-0.790000,-0.790000,-0.790000,13464836.000000,7456191.000000,13464836.000000,299854874.000000,-15.000000,-14.571000,-14757767.000000,-0.568000,1.000000,0.000000,,0.000000,-1271.000000,7926898.000000,7005579.000000,0.000000,11587478.000000,11587478.000000,0.000000,8656575.000000,8656575.000000,0.000000,5912976.000000,0.000000,22999680.000000,-77261.000000,0.000000,22400450.000000,-1729707.000000,-1729707.000000,-14757767.000000,0.000000,-20577665.000000,-20577665.000000,-20577665.000000,0.000000,0.000000,,19070189.000000,-19070189.000000,1529935.000000,0.000000,22.681000,-14.841000,-7.595000,0.000000,0.000000,6.000000,,,0.000000,-80854932.000000,0.000000,0.000000,13741186.000000,-1.298000,-2.760000,-2.938000,,1451465.000000,5329003.000000,1.000000,50898802.000000,25978098.000000,25978098.000000,0.000000,22121411.000000,0.000000,0.000000,0.000000,0.852000
ARY,2018-12-31,2019-03-13,2018-12-31,2018-FY,297583000.000000,593884682.000000,2025-04-28,-423000.000000,302312000.000000,208136750.000000,302133000.000000,179000.000000,0.000000,5.171000,0.000000,24808000.000000,24808000.000000,0.000000,-22063000.000000,66.403000,0.015000,0.000000,0.000000,0.000000,0.000000,0.000000,0.000000,0.000000,0.000000,0.000000,-22063000.000000,-22063000.000000,,-22063000.000000,-22063000.000000,-22063000.000000,-0.380000,-0.380000,-0.380000,297750000.000000,203199500.000000,297750000.000000,569076682.000000,-26.000000,-25.793000,-18755000.000000,-0.326000,1.000000,0.000000,,0.000000,0.000000,272954000.000000,137812750.000000,0.000000,276741000.000000,276741000.000000,0.000000,4562000.000000,4550000.000000,12000.000000,15791000.000000,0.000000,305000000.000000,-3833000.000000,0.000000,300275000.000000,-265729000.000000,-265729000.000000,-18755000.000000,0.000000,-22063000.000000,-22063000.000000,-22063000.000000,0.000000,0.000000,,26161000.000000,-26161000.000000,959000.000000,0.000000,1.995000,-26.918000,-21.711000,0.000000,0.000000,8.250000,,,0.000000,-102918000.000000,0.000000,0.000000,19040000.000000,-0.106000,-0.109000,-0.160000,,2608000.000000,7121000.000000,1.000000,71986022.000000,57580000.000000,57580000.000000,0.000000,302312000.000000,0.000000,0.000000,0.000000,5.250000
ARY,2019-12-31,2020-02-26,2019-12-31,2019-FY,276724000.000000,452066636.000000,2025-04-28,12000.000000,284256000.000000,292237750.000000,283501000.000000,755000.000000,0.000000,3.851000,0.000000,8406000.000000,8406000.000000,0.000000,-25779000.000000,41.833000,0.026000,662000.000000,302000.000000,360000.000000,662000.000000,0.000000,260000.000000,0.000000,0.000000,0.000000,-25779000.000000,-25519000.000000,,-25519000.000000,-25779000.000000,-25779000.000000,-0.360000,-0.360000,-0.360000,277119000.000000,285884750.000000,277119000.000000,444322636.000000,-17.000000,-17.411000,-24752000.000000,-0.344000,1.000000,0.000000,,0.000000,0.000000,269735000.000000,268898000.000000,0.000000,267261000.000000,267261000.000000,0.000000,7137000.000000,6777000.000000,360000.000000,-16402000.000000,0.000000,1111000.000000,0.000000,0.000000,887000.000000,7463000.000000,7463000.000000,-24752000.000000,0.000000,-25779000.000000,-25779000.000000,-25779000.000000,0.000000,0.000000,,32687000.000000,-32687000.000000,2431000.000000,0.000000,1.631000,-17.536000,-17.306000,598000.000000,0.000000,6.230000,,,0.000000,-128697000.000000,0.000000,0.000000,23559000.000000,-0.088000,-0.090000,-0.096000,,3743000.000000,9128000.000000,1.000000,72562863.000000,71959000.000000,71959000.000000,0.000000,284256000.000000,0.000000,0.000000,0.000000,3.950000
ARY,2020-12-31,2021-02-17,2020-12-31,2020-FY,243975000.000000,613080911.000000,2025-04-28,-54000.000000,256502000.000000,267106750.000000,256104000.000000,398000.000000,0.000000,3.366000,0.000000,29146000.000000,29146000.000000,0.000000,-39495000.000000,21.115000,0.050000,359000.000000,330000.000000,29000.000000,359000.000000,0.000000,277000.000000,0.000000,0.000000,0.000000,-39495000.000000,-39218000.000000,,-39218000.000000,-39495000.000000,-39495000.000000,-0.540000,-0.540000,-0.540000,244344000.000000,257091750.000000,244344000.000000,584293911.000000,-15.000000,-14.899000,-21777000.000000,-0.300000,1.000000,0.000000,,0.000000,0.000000,215586000.000000,240933500.000000,0.000000,219269000.000000,219269000.000000,0.000000,12158000.000000,12129000.000000,29000.000000,20740000.000000,0.000000,1272000.000000,0.000000,0.000000,950000.000000,41567000.000000,41567000.000000,-21777000.000000,0.000000,-39495000.000000,-39495000.000000,-39495000.000000,0.000000,0.000000,,42662000.000000,-42662000.000000,3988000.000000,0.000000,2.509000,-15.523000,-15.315000,321000.000000,0.000000,8.270000,,,0.000000,-168192000.000000,0.000000,0.000000,31931000.000000,-0.148000,-0.154000,-0.164000,,5818000.000000,10731000.000000,1.000000,74133121.000000,72597000.000000,72597000.000000,0.000000,256502000.000000,0.000000,0.000000,0.000000,3.533000
ARY,2021-12-31,2022-02-09,2021-12-31,2021-FY,201750000.000000,292293632.000000,2025-04-28,-549000.000000,210662000.000000,230780000.000000,210528000.000000,134000.000000,0.000000,2.615000,0.000000,26404000.000000,26404000.000000,0.000000,-54990000.000000,23.984000,0.043000,29000.000000,29000.000000,0.000000,29000.000000,0.000000,296000.000000,0.000000,0.000000,0.000000,-54990000.000000,-54694000.000000,,-54694000.000000,-54990000.000000,-54990000.000000,-0.710000,-0.710000,-0.710000,201884000.000000,219300500.000000,201884000.000000,265918632.000000,-5.000000,-4.862000,-47586000.000000,-0.616000,1.000000,0.000000,,0.000000,0.000000,175509000.000000,203630250.000000,0.000000,175732000.000000,175732000.000000,0.000000,8778000.000000,8778000.000000,0.000000,-2746000.000000,0.000000,7633000.000000,0.000000,0.000000,6880000.000000,37960000.000000,37960000.000000,-47586000.000000,0.000000,-54990000.000000,-54990000.000000,-54990000.000000,0.000000,0.000000,,55682000.000000,-55682000.000000,1444000.000000,0.000000,1.448000,-5.315000,-5.254000,25000.000000,0.000000,3.730000,,,0.000000,-223182000.000000,0.000000,0.000000,44981000.000000,-0.238000,-0.251000,-0.270000,,6100000.000000,10701000.000000,1.000000,78362904.000000,77198000.000000,77198000.000000,0.000000,210662000.000000,0.000000,0.000000,0.000000,2.729000
ARY,2022-12-31,2023-02-10,2022-12-31,2022-FY,145093000.000000,836725704.000000,2025-04-28,-1102000.000000,168529000.000000,177937000.000000,167040000.000000,1489000.000000,0.000000,1.891000,0.000000,36665000.000000,36665000.000000,0.000000,-68867000.000000,7.611000,0.160000,1564000.000000,304000.000000,1260000.000000,1564000.000000,0.000000,291000.000000,0.000000,0.000000,0.000000,-68867000.000000,-68576000.000000,,-68576000.000000,-68867000.000000,-68867000.000000,-0.900000,-0.900000,-0.900000,145322000.000000,161026750.000000,145322000.000000,801624704.000000,-12.000000,-11.690000,-48397000.000000,-0.630000,1.000000,0.000000,,0.000000,0.000000,111481000.000000,140312000.000000,0.000000,118853000.000000,118853000.000000,0.000000,23207000.000000,21947000.000000,1260000.000000,10519000.000000,0.000000,5718000.000000,0.000000,0.000000,4163000.000000,54753000.000000,54753000.000000,-48397000.000000,-258000.000000,-68867000.000000,-68867000.000000,-68867000.000000,0.000000,0.000000,,70355000.000000,-70355000.000000,8529000.000000,0.000000,5.758000,-12.150000,-11.856000,1418000.000000,0.000000,10.670000,,,0.000000,-292049000.000000,0.000000,0.000000,54234000.000000,-0.387000,-0.428000,-0.491000,,8673000.000000,16121000.000000,1.000000,78418529.000000,76834000.000000,76834000.000000,0.000000,168529000.000000,0.000000,0.000000,0.000000,2.193000
ARY,2023-12-31,2024-02-07,2023-12-31,2023-FY,348090000.000000,2459954539.000000,2025-04-28,-389000.000000,368490000.000000,325685250.000000,367225000.000000,1265000.000000,0.000000,3.693000,0.000000,55549000.000000,55549000.000000,0.000000,-85895000.000000,19.191000,0.058000,1260000.000000,324000.000000,936000.000000,1260000.000000,0.000000,292000.000000,0.000000,0.000000,0.000000,-85895000.000000,-85603000.000000,,-85603000.000000,-85895000.000000,-85895000.000000,-0.910000,-0.910000,-0.910000,348419000.000000,309209750.000000,348419000.000000,2405665539.000000,-28.000000,-28.103000,-73376000.000000,-0.778000,1.000000,0.000000,,0.000000,0.000000,295066000.000000,266465250.000000,0.000000,306563000.000000,306563000.000000,0.000000,20071000.000000,19135000.000000,936000.000000,18914000.000000,0.000000,278497000.000000,0.000000,0.000000,271376000.000000,-179086000.000000,-179086000.000000,-73376000.000000,-30000.000000,-85895000.000000,-85895000.000000,-85895000.000000,0.000000,0.000000,,100827000.000000,-100827000.000000,7512000.000000,0.000000,7.060000,-28.639000,-26.901000,1126000.000000,0.000000,24.480000,,,0.000000,-377944000.000000,0.000000,0.000000,63806000.000000,-0.264000,-0.278000,-0.322000,,16750000.000000,37021000.000000,1.000000,100488339.000000,94347000.000000,94347000.000000,0.000000,368490000.000000,0.000000,0.000000,0.000000,3.906000
ARY,2024-12-31,2025-02-26,2024-12-31,2024-FY,879803000.000000,3122734046.000000,2025-04-28,-788000.000000,908321000.000000,940141500.000000,907216000.000000,1105000.000000,0.000000,8.073000,0.000000,26722000.000000,26722000.000000,0.000000,-109963000.000000,33.094000,0.032000,1119000.000000,489000.000000,630000.000000,1119000.000000,0.000000,346000.000000,0.000000,0.000000,0.000000,-109963000.000000,-109617000.000000,,-109617000.000000,-109963000.000000,-109963000.000000,-1.010000,-1.010000,-1.010000,880278000.000000,911649500.000000,880278000.000000,3097131046.000000,-28.000000,-28.254000,-87790000.000000,-0.805000,1.000000,0.000000,,0.000000,0.000000,855305000.000000,834390250.000000,0.000000,875936000.000000,875936000.000000,0.000000,28043000.000000,27413000.000000,630000.000000,-28692000.000000,0.000000,654565000.000000,0.000000,0.000000,612464000.000000,-553366000.000000,-553366000.000000,-87790000.000000,-148000.000000,-109963000.000000,-109963000.000000,-109963000.000000,0.000000,0.000000,,150921000.000000,-150921000.000000,9813000.000000,0.000000,3.547000,-28.398000,-27.545000,1003000.000000,0.000000,27.820000,,,0.000000,-487907000.000000,0.000000,0.000000,101644000.000000,-0.117000,-0.121000,-0.132000,,29712000.000000,49277000.000000,1.000000,112247809.000000,109037000.000000,109037000.000000,0.000000,908321000.000000,0.000000,0.000000,0.000000,8.330000
MRQ,2013-12-31,2013-12-31,2013-12-31,2013-Q4,52127.000000,,2025-04-28,0.000000,180394.000000,,179619.000000,775.000000,,-0.123000,,180394.000000,180394.000000,,,1.409000,-1.720000,278745.000000,46894.000000,231851.000000,278745.000000,0.000000,,0.000000,,0.000000,,,,,,,,,,-250604.000000,,-250604.000000,,,,,,1.000000,,,0.000000,,151253.000000,,0.000000,0.000000,0.000000,0.000000,430998.000000,127492.000000,303506.000000,,,,,,,,,,,,,,,,,,,74091.000000,,,,,0.000000,,,,,0.000000,-257274.000000,,,,,,,,,,1.000000,,2043295.000000,,,180394.000000,0.000000,,0.000000,0.088000
MRQ,2014-03-31,2014-03-31,2014-03-31,2014-Q1,,,2025-04-28,,,,,,,,0.000000,,,0.000000,-228941.000000,,,,,,,,0.000000,,,0.000000,-226365.000000,-226365.000000,,-226365.000000,-226365.000000,-228941.000000,-0.080000,-0.080000,-0.080000,,,,,,,-100768.000000,-0.037000,1.000000,0.000000,,,2576.000000,,,,,,,,,,-100770.000000,0.000000,-2.000000,0.000000,0.000000,-2.000000,0.000000,0.000000,-100768.000000,0.000000,-228941.000000,-228941.000000,-228941.000000,0.000000,0.000000,,209737.000000,-209737.000000,,0.000000,,,,,0.000000,,,,,,0.000000,0.000000,50000.000000,,,,,904.000000,159737.000000,1.000000,,2758333.000000,2758333.000000,0.000000,,,0.000000,,
MRQ,2014-06-30,2014-06-30,2014-06-30,2014-Q2,,,2025-04-28,,,,,,,,0.000000,,,0.000000,-22782787.000000,,,,,,,,0.000000,,,0.000000,-22773269.000000,-22773269.000000,,-22773269.000000,-22773269.000000,-22782787.000000,-5.400000,-5.400000,-5.400000,,,,,,,-439867.000000,-0.104000,1.000000,0.000000,,,9518.000000,,,,,,,,,,812631.000000,0.000000,2498.000000,1250000.000000,0.000000,1252498.000000,0.000000,0.000000,-439867.000000,0.000000,-22782787.000000,-22782787.000000,-22782787.000000,0.000000,0.000000,,21755631.000000,-21755631.000000,,0.000000,,,,,0.000000,,,,,,0.000000,0.000000,21241640.000000,,,,,1049.000000,513991.000000,1.000000,,4221757.000000,4221757.000000,0.000000,,,0.000000,,
MRQ,2014-09-30,2014-09-30,2014-09-30,2014-Q3,,,2025-04-28,,,,,,,,0.000000,,,0.000000,-261801.000000,,,,,,,,0.000000,,,0.000000,-236764.000000,-236764.000000,,-236764.000000,-236764.000000,-261801.000000,-0.060000,-0.060000,-0.060000,,,,,,,-609822.000000,-0.135000,1.000000,0.000000,,,25037.000000,,,,,,,,,,-97065.000000,0.000000,-2498.000000,750000.000000,0.000000,512757.000000,0.000000,0.000000,-609822.000000,0.000000,-261801.000000,-261801.000000,-261801.000000,0.000000,0.000000,,1149049.000000,-1149049.000000,,0.000000,,,,,0.000000,,,,,,0.000000,0.000000,788646.000000,,,,,3402.000000,360403.000000,1.000000,,4518439.000000,4518439.000000,0.000000,,,0.000000,,
MRQ,2014-12-31,2014-12-31,2014-12-31,2014-Q4,-21743398.000000,,2025-04-28,0.000000,3043134.000000,,773684.000000,2269450.000000,,-4.607000,0.000000,756632.000000,756632.000000,0.000000,1389347.000000,0.034000,-1.138000,1568388.000000,304274.000000,1264114.000000,1568388.000000,0.000000,0.000000,0.000000,,0.000000,1422931.000000,1422931.000000,,1422931.000000,1422931.000000,1389347.000000,0.610000,0.610000,0.610000,-22128531.000000,,-22128531.000000,,,,-440966.000000,-0.092000,1.000000,0.000000,,0.000000,33584.000000,-18662192.000000,,0.000000,0.000000,0.000000,0.000000,25171665.000000,22517082.000000,2654583.000000,-38558.000000,0.000000,0.000000,500000.000000,0.000000,402408.000000,0.000000,0.000000,-440966.000000,0.000000,1389347.000000,1389347.000000,1389347.000000,0.000000,0.000000,,353565.000000,-353565.000000,1830724.000000,0.000000,,,,0.000000,0.000000,,,,0.000000,-22141457.000000,0.000000,0.000000,142787.000000,,,,,903.000000,210778.000000,1.000000,8654329.000000,4803219.000000,4803219.000000,0.000000,3043134.000000,0.000000,0.000000,0.000000,0.634000
MRQ,2015-03-31,2015-03-31,2015-03-31,2015-Q1,-27348298.000000,,2025-04-28,0.000000,2769322.000000,,360398.000000,2408924.000000,,-6.834000,0.000000,327007.000000,327007.000000,0.000000,-5711415.000000,0.013000,-1.099000,1740343.000000,310350.000000,1429993.000000,1740343.000000,0.000000,0.000000,0.000000,,0.000000,-5676162.000000,-5676162.000000,,-5676162.000000,-5676162.000000,-5711415.000000,-1.400000,-1.400000,-1.400000,-27839043.000000,,-27839043.000000,,,,-410941.000000,-0.101000,1.000000,0.000000,,0.000000,35253.000000,-23526038.000000,,0.000000,0.000000,0.000000,0.000000,30608365.000000,27708696.000000,2899669.000000,-428850.000000,0.000000,0.000000,0.000000,0.000000,-17909.000000,0.000000,0.000000,-410941.000000,0.000000,-5711415.000000,-5711415.000000,-5711415.000000,0.000000,0.000000,,461040.000000,-461040.000000,1879414.000000,0.000000,,,,0.000000,0.000000,,,,0.000000,-27852872.000000,0.000000,0.000000,138969.000000,,,,,903.000000,322071.000000,1.000000,8654329.000000,4073609.000000,4073609.000000,0.000000,2769322.000000,0.000000,0.000000,0.000000,0.680000
MRQ,2015-06-30,2015-06-30,2015-06-30,2015-Q2,17393539.000000,69852848.000000,2025-04-28,-12461.000000,22269649.000000,,22269649.000000,0.000000,,2.372000,0.000000,9497200.000000,9497200.000000,0.000000,-7865066.000000,4.567000,0.280000,1670509.000000,1670509.000000,0.000000,1670509.000000,0.000000,0.000000,0.000000,0.000000,0.000000,-7835252.000000,-7835252.000000,,-7835252.000000,-7835252.000000,-7865066.000000,-1.070000,-1.070000,-1.070000,17393539.000000,,17393539.000000,71266184.000000,-6.000000,-5.782000,-1620709.000000,-0.221000,1.000000,0.000000,,0.000000,29814.000000,9566848.000000,,0.000000,12162251.000000,12162251.000000,0.000000,4876110.000000,4876110.000000,0.000000,9170193.000000,0.000000,25394614.000000,0.000000,0.000000,22964969.000000,-12174067.000000,-12174067.000000,-1620709.000000,0.000000,-7865066.000000,-7865066.000000,-7865066.000000,0.000000,0.000000,,2626914.000000,-2626914.000000,1008277.000000,0.000000,4.016000,-5.611000,-3.719000,0.000000,0.000000,7.140000,,,0.000000,-35717938.000000,0.000000,0.000000,1100906.000000,,,,,1471509.000000,1526008.000000,1.000000,9783312.000000,7331861.000000,7331861.000000,0.000000,22269649.000000,0.000000,0.000000,0.000000,3.037000
MRQ,2015-09-30,2015-09-30,2015-09-30,2015-Q3,13209700.000000,57325317.000000,2025-04-28,-4848.000000,19012251.000000,,18932251.000000,80000.000000,,1.483000,0.000000,2140115.000000,2140115.000000,0.000000,-4736544.000000,3.308000,0.433000,1911024.000000,1911024.000000,0.000000,1911024.000000,0.000000,0.000000,0.000000,0.000000,0.000000,-4726232.000000,-4726232.000000,,-4726232.000000,-4726232.000000,-4736544.000000,-0.530000,-0.530000,-0.530000,13270551.000000,,13270551.000000,49498626.000000,-3.000000,-2.944000,-3400454.000000,-0.380000,1.000000,0.000000,,0.000000,10312.000000,13060609.000000,,0.000000,15349507.000000,15349507.000000,0.000000,5741700.000000,5722551.000000,19149.000000,-7357085.000000,0.000000,0.000000,0.000000,0.000000,-704656.000000,-3251975.000000,-3251975.000000,-3400454.000000,0.000000,-4736544.000000,-4736544.000000,-4736544.000000,0.000000,0.000000,,4288221.000000,-4288221.000000,401672.000000,0.000000,4.320000,-3.387000,-2.452000,0.000000,0.000000,5.859000,,,0.000000,-40454482.000000,0.000000,0.000000,2507553.000000,,,,,601592.000000,1780668.000000,1.000000,9783312.000000,8947480.000000,8947480.000000,0.000000,19012251.000000,0.000000,0.000000,0.000000,2.125000
MRQ,2015-12-31,2015-12-31,2015-12-31,2015-Q4,13224836.000000,33003044.000000,2025-04-28,-7370.000000,15439103.000000,,15201648.000000,237455.000000,,1.373000,0.000000,848550.000000,848550.000000,0.000000,-5090963.000000,7.690000,0.770000,2151540.000000,0.000000,2151540.000000,2151540.000000,0.000000,0.000000,0.000000,0.000000,0.000000,-5077660.000000,-5077660.000000,,-5077660.000000,-5077660.000000,-5090963.000000,-0.990000,-0.990000,-0.990000,8724998.000000,,8724998.000000,32773953.000000,-1.000000,-1.406000,-3299390.000000,-0.519000,1.000000,0.000000,,0.000000,13303.000000,14765281.000000,,0.000000,13335499.000000,13335499.000000,0.000000,6714105.000000,1976812.000000,4737293.000000,-1371565.000000,0.000000,20489.000000,0.000000,0.000000,-28175.000000,1956000.000000,1956000.000000,-3299390.000000,0.000000,-5090963.000000,-5090963.000000,-5090963.000000,0.000000,0.000000,,4620303.000000,-4620303.000000,592414.000000,0.000000,3.783000,-1.410000,-0.927000,0.000000,0.000000,3.410000,,,0.000000,-45545445.000000,0.000000,0.000000,3219414.000000,,,,,527444.000000,1400889.000000,1.000000,9678312.000000,6355869.000000,6355869.000000,0.000000,15439103.000000,0.000000,0.000000,0.000000,2.429000
MRQ,2016-03-31,2016-03-31,2016-03-31,2016-Q1,10243396.000000,13750912.000000,2025-04-28,-195.000000,12756902.000000,,12161521.000000,595381.000000,,0.640000,0.000000,4038763.000000,4038763.000000,0.000000,-3586988.000000,6.340000,1.211000,3139861.000000,0.000000,3139861.000000,3139861.000000,0.000000,0.000000,0.000000,0.000000,0.000000,-3571527.000000,-3571527.000000,,-3571527.000000,-3571527.000000,-3586988.000000,-0.400000,-0.400000,-0.400000,5769739.000000,,5769739.000000,15053902.000000,-1.000000,-0.710000,-2725124.000000,-0.302000,1.000000,0.000000,,0.000000,15461.000000,9939875.000000,,0.000000,7292863.000000,7292863.000000,0.000000,6987163.000000,1918125.000000,5069038.000000,3190213.000000,0.000000,0.000000,0.000000,0.000000,-57303.000000,5972640.000000,5972640.000000,-2725124.000000,0.000000,-3586988.000000,-3586988.000000,-3586988.000000,0.000000,0.000000,,3267417.000000,-3267417.000000,1172351.000000,0.000000,2.383000,-0.646000,-0.475000,0.000000,0.000000,1.420000,,,0.000000,-49132433.000000,0.000000,0.000000,1877178.000000,,,,,624554.000000,1390239.000000,1.000000,9683741.000000,9015778.000000,9015778.000000,0.000000,12756902.000000,0.000000,0.000000,0.000000,1.415000
MRQ,2016-06-30,2016-06-30,2016-06-30,2016-Q2,12571273.000000,24278614.000000,2025-04-28,-6786.000000,18549007.000000,,18310165.000000,238842.000000,,0.747000,0.000000,5239930.000000,5239930.000000,0.000000,-3692793.000000,3.191000,0.451000,2382688.000000,2382688.000000,0.000000,2382688.000000,0.000000,0.000000,0.000000,0.000000,0.000000,-3690980.000000,-3690980.000000,,-3690980.000000,-3690980.000000,-3692793.000000,-0.220000,-0.220000,-0.220000,12785469.000000,,12785469.000000,23379712.000000,-1.000000,-1.370000,-3226840.000000,-0.189000,1.000000,0.000000,,0.000000,1813.000000,9952873.000000,,0.000000,12036539.000000,12036539.000000,0.000000,5763538.000000,5738892.000000,24646.000000,1201167.000000,0.000000,9929693.000000,-94861.000000,0.000000,9259126.000000,-4831119.000000,-4831119.000000,-3226840.000000,0.000000,-3692793.000000,-3692793.000000,-3692793.000000,0.000000,0.000000,,3578053.000000,-3578053.000000,1206384.000000,0.000000,1.899000,-1.419000,-0.589000,0.000000,0.000000,1.260000,,,0.000000,-52825226.000000,0.000000,0.000000,2371058.000000,,,,,490245.000000,1206995.000000,1.000000,19268741.000000,17105374.000000,17105374.000000,0.000000,18549007.000000,0.000000,0.000000,0.000000,1.084000
MRQ,2016-09-30,2016-09-30,2016-09-30,2016-Q3,9545621.000000,27009917.000000,2025-04-28,-6137.000000,16317693.000000,,15623313.000000,694380.000000,,0.538000,0.000000,3134892.000000,3134892.000000,0.000000,-3807431.000000,2.571000,0.597000,2826135.000000,2826135.000000,0.000000,2826135.000000,0.000000,0.000000,0.000000,0.000000,0.000000,-3805875.000000,-3805875.000000,,-3805875.000000,-3805875.000000,-3807431.000000,-0.200000,-0.200000,-0.200000,10219525.000000,,10219525.000000,24152675.000000,-1.000000,-1.496000,-2654415.000000,-0.140000,1.000000,0.000000,,0.000000,1556.000000,9931244.000000,,0.000000,11562950.000000,11562950.000000,0.000000,6098168.000000,6077692.000000,20476.000000,-2105038.000000,0.000000,525772.000000,0.000000,0.000000,108349.000000,441028.000000,441028.000000,-2654415.000000,0.000000,-3807431.000000,-3807431.000000,-3807431.000000,0.000000,0.000000,,3264282.000000,-3264282.000000,881311.000000,0.000000,2.643000,-1.670000,-0.774000,0.000000,0.000000,1.401000,,,0.000000,-56632658.000000,0.000000,0.000000,2104794.000000,,,,,320953.000000,1159488.000000,1.000000,19277651.000000,18991971.000000,18991971.000000,0.000000,16317693.000000,0.000000,0.000000,0.000000,0.859000
MRQ,2016-12-31,2016-12-31,2016-12-31,2016-Q4,7498295.000000,24002614.000000,2025-04-28,-6892.000000,14535708.000000,,13974829.000000,560879.000000,,0.494000,0.000000,3114843.000000,3114843.000000,0.000000,-3644609.000000,2.158000,0.807000,3269582.000000,3269582.000000,0.000000,3269582.000000,0.000000,0.000000,0.000000,0.000000,0.000000,-3641513.000000,-3641513.000000,,-3641513.000000,-3641513.000000,-3644609.000000,-0.160000,-0.160000,-0.160000,8042867.000000,,8042867.000000,23693857.000000,-2.000000,-1.611000,-2464884.000000,-0.151000,1.000000,0.000000,,0.000000,3096.000000,8213913.000000,,0.000000,10075058.000000,10075058.000000,0.000000,6492841.000000,6476534.000000,16307.000000,20610.000000,0.000000,1115112.000000,0.000000,0.000000,1038278.000000,1447216.000000,1447216.000000,-2464884.000000,0.000000,-3644609.000000,-3644609.000000,-3644609.000000,0.000000,0.000000,,3737524.000000,-3737524.000000,1203888.000000,0.000000,2.984000,-1.629000,-1.322000,0.000000,0.000000,1.190000,,,0.000000,-60277267.000000,0.000000,0.000000,2647469.000000,,,,,358575.000000,1090055.000000,1.000000,20170264.000000,16278292.000000,16278292.000000,0.000000,14535708.000000,0.000000,0.000000,0.000000,0.893000
MRQ,2017-03-31,2017-03-31,2017-03-31,2017-Q1,11291751.000000,34785120.000000,2025-04-28,-7499.000000,15152607.000000,,14673917.000000,478690.000000,,0.338000,0.000000,4398387.000000,4398387.000000,0.000000,-5222000.000000,4.339000,1.008000,3713029.000000,0.000000,3713029.000000,3713029.000000,0.000000,0.000000,0.000000,0.000000,0.000000,-5224000.000000,-5224000.000000,,-5224000.000000,-5224000.000000,-5222000.000000,-0.230000,-0.230000,-0.230000,7546087.000000,,7546087.000000,34939860.000000,-2.000000,-2.135000,-3280000.000000,-0.147000,1.000000,0.000000,,0.000000,-2000.000000,11085083.000000,,0.000000,7954240.000000,7954240.000000,0.000000,7606520.000000,3382166.000000,4224354.000000,1283000.000000,0.000000,2540000.000000,0.000000,0.000000,2524000.000000,2039000.000000,2039000.000000,-3280000.000000,0.000000,-5222000.000000,-5222000.000000,-5222000.000000,0.000000,0.000000,,4969000.000000,-4969000.000000,1726824.000000,0.000000,4.610000,-2.125000,-1.802000,0.000000,0.000000,1.460000,,,0.000000,-65499167.000000,0.000000,0.000000,3528000.000000,,,,,402000.000000,1441000.000000,1.000000,23825425.000000,22353000.000000,22353000.000000,0.000000,15152607.000000,0.000000,0.000000,0.000000,0.678000
MRQ,2017-06-30,2017-06-30,2017-06-30,2017-Q2,6537024.000000,25839459.000000,2025-04-28,-5999.000000,14320911.000000,,14264002.000000,56909.000000,,0.273000,0.000000,3432992.000000,3432992.000000,0.000000,-5172000.000000,1.846000,1.174000,3050427.000000,3050427.000000,0.000000,3050427.000000,0.000000,0.000000,0.000000,0.000000,0.000000,-5173000.000000,-5173000.000000,,-5173000.000000,-5173000.000000,-5172000.000000,-0.210000,-0.210000,-0.210000,6587879.000000,,6587879.000000,25154101.000000,-1.000000,-1.410000,-4202000.000000,-0.174000,1.000000,0.000000,,0.000000,-1000.000000,6211368.000000,,0.000000,8689630.000000,8689630.000000,0.000000,7733032.000000,7726978.000000,6054.000000,-965000.000000,0.000000,4062000.000000,0.000000,0.000000,4002000.000000,-765000.000000,-765000.000000,-4202000.000000,0.000000,-5172000.000000,-5172000.000000,-5172000.000000,0.000000,0.000000,,4983000.000000,-4983000.000000,1304711.000000,0.000000,3.922000,-1.448000,-1.350000,0.000000,0.000000,1.080000,,,0.000000,-70670801.000000,0.000000,0.000000,3716000.000000,,,,,341000.000000,1267000.000000,1.000000,23925425.000000,24119000.000000,24119000.000000,0.000000,14320911.000000,0.000000,0.000000,0.000000,0.594000
MRQ,2017-09-30,2017-09-30,2017-09-30,2017-Q3,1911591.000000,52901812.000000,2025-04-28,-3558.000000,11839444.000000,,11525074.000000,314370.000000,,0.081000,0.000000,2607404.000000,2607404.000000,0.000000,-6099000.000000,1.199000,4.319000,3180411.000000,3180411.000000,0.000000,3180411.000000,0.000000,0.000000,0.000000,0.000000,0.000000,-6097000.000000,-6097000.000000,,-6097000.000000,-6097000.000000,-6099000.000000,-0.220000,-0.220000,-0.220000,2225961.000000,,2225961.000000,52519247.000000,-3.000000,-2.608000,-3329000.000000,-0.121000,1.000000,0.000000,,0.000000,2000.000000,2798968.000000,,0.000000,7270719.000000,7270719.000000,0.000000,9613483.000000,9613483.000000,0.000000,-826000.000000,0.000000,1250000.000000,-77000.000000,0.000000,1111000.000000,1392000.000000,1392000.000000,-3329000.000000,0.000000,-6099000.000000,-6099000.000000,-6099000.000000,0.000000,0.000000,,4692000.000000,-4692000.000000,1555472.000000,0.000000,23.766000,-2.627000,-2.329000,0.000000,0.000000,1.910000,,,0.000000,-76770459.000000,0.000000,0.000000,3465000.000000,,,,,345000.000000,1227000.000000,1.000000,27697284.000000,27470000.000000,27470000.000000,0.000000,11839444.000000,0.000000,0.000000,0.000000,0.431000
MRQ,2017-12-31,2017-12-31,2017-12-31,2017-Q4,13194000.000000,115705319.000000,2025-04-28,-20000.000000,22121000.000000,,21851000.000000,270000.000000,,0.450000,0.000000,8988000.000000,8988000.000000,0.000000,-4085000.000000,2.524000,0.643000,3451000.000000,3451000.000000,0.000000,3451000.000000,0.000000,0.000000,0.000000,0.000000,0.000000,-4084000.000000,-4084000.000000,,-4084000.000000,-4084000.000000,-4085000.000000,-0.120000,-0.120000,-0.120000,13464000.000000,,13464000.000000,116278326.000000,-6.000000,-5.651000,-3947000.000000,-0.132000,1.000000,0.000000,,0.000000,1000.000000,7927000.000000,,0.000000,11587000.000000,11587000.000000,0.000000,8657000.000000,8657000.000000,0.000000,6420000.000000,0.000000,15147000.000000,0.000000,0.000000,14763000.000000,-4396000.000000,-4396000.000000,-3947000.000000,0.000000,-4085000.000000,-4085000.000000,-4085000.000000,0.000000,0.000000,,4427000.000000,-4427000.000000,1529000.000000,0.000000,8.594000,-5.623000,-5.139000,0.000000,0.000000,4.060000,,,0.000000,-80855000.000000,0.000000,0.000000,3033000.000000,,,,,363000.000000,1394000.000000,1.000000,28498847.000000,29914000.000000,29914000.000000,0.000000,22121000.000000,0.000000,0.000000,0.000000,0.739000
MRQ,2018-03-31,2018-03-31,2018-03-31,2018-Q1,72392000.000000,222427765.000000,2025-04-28,-109000.000000,78971000.000000,,78731000.000000,240000.000000,,1.627000,0.000000,36356000.000000,36356000.000000,0.000000,-3551000.000000,12.420000,0.087000,3721000.000000,3721000.000000,0.000000,3721000.000000,0.000000,0.000000,0.000000,0.000000,0.000000,-3370000.000000,-3370000.000000,,-3370000.000000,-3370000.000000,-3551000.000000,-0.080000,-0.100000,-0.080000,72632000.000000,,72632000.000000,216889827.000000,-12.000000,-11.584000,-5303000.000000,-0.119000,1.000000,0.000000,,0.000000,181000.000000,39997000.000000,,0.000000,41112000.000000,41112000.000000,0.000000,6339000.000000,6339000.000000,0.000000,27368000.000000,0.000000,62444000.000000,0.000000,0.000000,62298000.000000,-29627000.000000,-29627000.000000,-5303000.000000,0.000000,-3551000.000000,-3551000.000000,-3551000.000000,0.000000,0.000000,,4805000.000000,-4805000.000000,658000.000000,0.000000,3.062000,-11.764000,-6.937000,0.000000,0.000000,4.370000,,,0.000000,-84406000.000000,0.000000,0.000000,3043000.000000,,,,,610000.000000,1762000.000000,1.000000,50898802.000000,44649000.000000,45306000.000000,0.000000,78971000.000000,0.000000,0.000000,0.000000,1.769000
MRQ,2018-06-30,2018-06-30,2018-06-30,2018-Q2,140153000.000000,483356021.000000,2025-04-28,-147000.000000,144468000.000000,,144258000.000000,210000.000000,,2.660000,0.000000,34610000.000000,34610000.000000,0.000000,-6672000.000000,35.142000,0.029000,0.000000,0.000000,0.000000,0.000000,0.000000,0.000000,0.000000,0.000000,0.000000,-6672000.000000,-6672000.000000,,-6672000.000000,-6672000.000000,-6672000.000000,-0.130000,-0.130000,-0.130000,140363000.000000,,140363000.000000,450721021.000000,-22.000000,-22.288000,-5270000.000000,-0.100000,1.000000,0.000000,,0.000000,0.000000,105753000.000000,,0.000000,107556000.000000,107556000.000000,0.000000,4105000.000000,4105000.000000,0.000000,-1746000.000000,0.000000,74201000.000000,-3833000.000000,0.000000,70149000.000000,-66625000.000000,-66625000.000000,-5270000.000000,0.000000,-6672000.000000,-6672000.000000,-6672000.000000,0.000000,0.000000,,6925000.000000,-6925000.000000,1493000.000000,0.000000,3.444000,-23.686000,-17.255000,0.000000,0.000000,9.490000,,,0.000000,-91078000.000000,0.000000,0.000000,5221000.000000,,,,,631000.000000,1704000.000000,1.000000,50933195.000000,52767000.000000,52767000.000000,0.000000,144468000.000000,0.000000,0.000000,0.000000,2.738000
MRQ,2018-09-30,2018-09-30,2018-09-30,2018-Q3,301873000.000000,1056658771.000000,2025-04-28,-117000.000000,306796000.000000,,306616000.000000,180000.000000,,4.933000,0.000000,169506000.000000,169506000.000000,0.000000,-6600000.000000,64.646000,0.016000,0.000000,0.000000,0.000000,0.000000,0.000000,0.000000,0.000000,0.000000,0.000000,-6600000.000000,-6600000.000000,,-6600000.000000,-6600000.000000,-6600000.000000,-0.110000,-0.110000,-0.110000,302053000.000000,,302053000.000000,1022048771.000000,-49.000000,-49.312000,-5503000.000000,-0.090000,1.000000,0.000000,,0.000000,0.000000,132547000.000000,,0.000000,134656000.000000,134656000.000000,0.000000,4743000.000000,4743000.000000,0.000000,134896000.000000,0.000000,167703000.000000,0.000000,0.000000,167485000.000000,-27086000.000000,-27086000.000000,-5503000.000000,0.000000,-6600000.000000,-6600000.000000,-6600000.000000,0.000000,0.000000,,7394000.000000,-7394000.000000,1215000.000000,0.000000,3.498000,-50.538000,-39.591000,0.000000,0.000000,17.420000,,,0.000000,-97678000.000000,0.000000,0.000000,5687000.000000,,,,,750000.000000,1707000.000000,1.000000,60657794.000000,61232000.000000,61232000.000000,0.000000,306796000.000000,0.000000,0.000000,0.000000,5.010000
MRQ,2018-12-31,2018-12-31,2018-12-31,2018-Q4,297583000.000000,546667906.000000,2025-04-28,-423000.000000,302312000.000000,,302133000.000000,179000.000000,,5.171000,0.000000,24808000.000000,24808000.000000,0.000000,-5240000.000000,66.403000,0.015000,0.000000,0.000000,0.000000,0.000000,0.000000,0.000000,0.000000,0.000000,0.000000,-5240000.000000,-5240000.000000,,-5240000.000000,-5240000.000000,-5240000.000000,-0.060000,-0.060000,-0.060000,297750000.000000,,297750000.000000,377161906.000000,-17.000000,-17.095000,-2679000.000000,-0.047000,1.000000,0.000000,,0.000000,0.000000,272954000.000000,,0.000000,276741000.000000,276741000.000000,0.000000,4562000.000000,4550000.000000,12000.000000,-144727000.000000,0.000000,652000.000000,0.000000,0.000000,343000.000000,-142391000.000000,-142391000.000000,-2679000.000000,0.000000,-5240000.000000,-5240000.000000,-5240000.000000,0.000000,0.000000,,7037000.000000,-7037000.000000,959000.000000,0.000000,1.836000,-24.778000,-20.132000,0.000000,0.000000,7.650000,,,0.000000,-102918000.000000,0.000000,0.000000,5089000.000000,,,,,617000.000000,1948000.000000,1.000000,71459857.000000,57580000.000000,57580000.000000,0.000000,302312000.000000,0.000000,0.000000,0.000000,5.250000
MRQ,2019-03-31,2019-03-31,2019-03-31,2019-Q1,294219000.000000,715541059.000000,2025-04-28,-49000.000000,300080000.000000,,299137000.000000,943000.000000,,4.105000,0.000000,14372000.000000,14372000.000000,0.000000,-4924000.000000,60.825000,0.019000,869000.000000,281000.000000,588000.000000,869000.000000,0.000000,64000.000000,0.000000,0.000000,0.000000,-4924000.000000,-4860000.000000,,-4860000.000000,-4924000.000000,-4924000.000000,-0.070000,-0.070000,-0.070000,294574000.000000,,294574000.000000,690733059.000000,-29.000000,-29.554000,-3152000.000000,-0.044000,1.000000,0.000000,,0.000000,0.000000,281659000.000000,,0.000000,284375000.000000,284375000.000000,0.000000,5506000.000000,4918000.000000,588000.000000,-10436000.000000,0.000000,409000.000000,0.000000,0.000000,325000.000000,-7609000.000000,-7609000.000000,-3152000.000000,0.000000,-4924000.000000,-4924000.000000,-4924000.000000,0.000000,0.000000,,6806000.000000,-6806000.000000,1676000.000000,0.000000,2.429000,-30.532000,-26.865000,794000.000000,0.000000,9.940000,,,0.000000,-107842000.000000,0.000000,0.000000,4496000.000000,,,,,1034000.000000,2310000.000000,1.000000,71986022.000000,71755000.000000,71755000.000000,0.000000,300080000.000000,0.000000,0.000000,0.000000,4.182000
MRQ,2019-06-30,2019-06-30,2019-06-30,2019-Q2,288018000.000000,597995553.000000,2025-04-28,239000.000000,294493000.000000,,293644000.000000,849000.000000,,4.009000,0.000000,19152000.000000,19152000.000000,0.000000,-7674000.000000,52.194000,0.021000,801000.000000,288000.000000,513000.000000,801000.000000,0.000000,64000.000000,0.000000,0.000000,0.000000,-7674000.000000,-7610000.000000,,-7610000.000000,-7674000.000000,-7674000.000000,-0.110000,-0.110000,-0.110000,288354000.000000,,288354000.000000,584492553.000000,-24.000000,-24.043000,-6459000.000000,-0.090000,1.000000,0.000000,,0.000000,0.000000,270516000.000000,,0.000000,273513000.000000,273513000.000000,0.000000,6139000.000000,5626000.000000,513000.000000,4780000.000000,0.000000,298000.000000,0.000000,0.000000,260000.000000,10979000.000000,10979000.000000,-6459000.000000,0.000000,-7674000.000000,-7674000.000000,-7674000.000000,0.000000,0.000000,,9569000.000000,-9569000.000000,1870000.000000,0.000000,2.074000,-24.470000,-23.714000,730000.000000,0.000000,8.300000,,,0.000000,-115516000.000000,0.000000,0.000000,7333000.000000,,,,,922000.000000,2236000.000000,1.000000,72047657.000000,71921000.000000,71921000.000000,0.000000,294493000.000000,0.000000,0.000000,0.000000,4.095000
MRQ,2019-09-30,2019-09-30,2019-09-30,2019-Q3,283064000.000000,496809134.000000,2025-04-28,157000.000000,290122000.000000,,289256000.000000,866000.000000,,3.935000,0.000000,30981000.000000,30981000.000000,0.000000,-5731000.000000,46.714000,0.023000,733000.000000,295000.000000,438000.000000,733000.000000,0.000000,66000.000000,0.000000,0.000000,0.000000,-5731000.000000,-5665000.000000,,-5665000.000000,-5731000.000000,-5731000.000000,-0.080000,-0.080000,-0.080000,283492000.000000,,283492000.000000,478458134.000000,-20.000000,-20.469000,-3398000.000000,-0.047000,1.000000,0.000000,,0.000000,0.000000,253682000.000000,,0.000000,257120000.000000,257120000.000000,0.000000,6630000.000000,6192000.000000,438000.000000,11829000.000000,0.000000,141000.000000,0.000000,0.000000,73000.000000,15154000.000000,15154000.000000,-3398000.000000,0.000000,-5731000.000000,-5731000.000000,-5731000.000000,0.000000,0.000000,,7439000.000000,-7439000.000000,2095000.000000,0.000000,1.752000,-21.079000,-21.500000,664000.000000,0.000000,6.880000,,,0.000000,-121247000.000000,0.000000,0.000000,5279000.000000,,,,,811000.000000,2160000.000000,1.000000,72210630.000000,72040000.000000,72040000.000000,0.000000,290122000.000000,0.000000,0.000000,0.000000,4.027000
MRQ,2019-12-31,2019-12-31,2019-12-31,2019-Q4,276724000.000000,579553398.000000,2025-04-28,12000.000000,284256000.000000,,283501000.000000,755000.000000,,3.843000,0.000000,8406000.000000,8406000.000000,0.000000,-7450000.000000,41.833000,0.026000,662000.000000,302000.000000,360000.000000,662000.000000,0.000000,66000.000000,0.000000,0.000000,0.000000,-7450000.000000,-7384000.000000,,-7384000.000000,-7450000.000000,-7450000.000000,-0.110000,-0.110000,-0.110000,277119000.000000,,277119000.000000,549305398.000000,-21.000000,-21.525000,-11743000.000000,-0.163000,1.000000,0.000000,,0.000000,0.000000,269735000.000000,,0.000000,267261000.000000,267261000.000000,0.000000,7137000.000000,6777000.000000,360000.000000,-22575000.000000,0.000000,263000.000000,0.000000,0.000000,229000.000000,-11061000.000000,-11061000.000000,-11743000.000000,0.000000,-7450000.000000,-7450000.000000,-7450000.000000,0.000000,0.000000,,8873000.000000,-8873000.000000,2431000.000000,0.000000,2.091000,-22.482000,-22.278000,598000.000000,0.000000,8.020000,,,0.000000,-128697000.000000,0.000000,0.000000,6451000.000000,,,,,976000.000000,2422000.000000,1.000000,72263516.000000,72115000.000000,72115000.000000,0.000000,284256000.000000,0.000000,0.000000,0.000000,3.942000
MRQ,2020-03-31,2020-03-31,2020-03-31,2020-Q1,267904000.000000,339594199.000000,2025-04-28,-812000.000000,277104000.000000,,276446000.000000,658000.000000,,3.708000,0.000000,15289000.000000,15289000.000000,0.000000,-9687000.000000,32.363000,0.033000,588000.000000,309000.000000,279000.000000,588000.000000,0.000000,68000.000000,0.000000,0.000000,0.000000,-9687000.000000,-9619000.000000,,-9619000.000000,-9687000.000000,-9687000.000000,-0.130000,-0.130000,-0.130000,268283000.000000,,268283000.000000,331850199.000000,-11.000000,-10.960000,-4302000.000000,-0.059000,1.000000,0.000000,,0.000000,0.000000,253861000.000000,,0.000000,253901000.000000,253901000.000000,0.000000,8821000.000000,8542000.000000,279000.000000,6883000.000000,0.000000,160000.000000,0.000000,0.000000,33000.000000,11152000.000000,11152000.000000,-4302000.000000,0.000000,-9687000.000000,-9687000.000000,-9687000.000000,0.000000,0.000000,,10948000.000000,-10948000.000000,3098000.000000,0.000000,1.266000,-11.119000,-10.884000,530000.000000,0.000000,4.680000,,,0.000000,-138384000.000000,0.000000,0.000000,7987000.000000,,,,,1652000.000000,2961000.000000,1.000000,72562863.000000,72356000.000000,72356000.000000,0.000000,277104000.000000,0.000000,0.000000,0.000000,3.830000
MRQ,2020-06-30,2020-06-30,2020-06-30,2020-Q2,261565000.000000,523420390.000000,2025-04-28,333000.000000,271198000.000000,,270618000.000000,580000.000000,,3.614000,0.000000,18819000.000000,18819000.000000,0.000000,-9572000.000000,29.893000,0.035000,514000.000000,316000.000000,198000.000000,514000.000000,0.000000,68000.000000,0.000000,0.000000,0.000000,-9572000.000000,-9504000.000000,,-9504000.000000,-9572000.000000,-9572000.000000,-0.130000,-0.130000,-0.130000,261947000.000000,,261947000.000000,508719390.000000,-16.000000,-15.812000,-6666000.000000,-0.092000,1.000000,0.000000,,0.000000,0.000000,243840000.000000,,0.000000,244212000.000000,244212000.000000,0.000000,9251000.000000,9053000.000000,198000.000000,3530000.000000,0.000000,442000.000000,0.000000,0.000000,416000.000000,9780000.000000,9780000.000000,-6666000.000000,0.000000,-9572000.000000,-9572000.000000,-9572000.000000,0.000000,0.000000,,10606000.000000,-10606000.000000,3209000.000000,0.000000,1.998000,-16.135000,-16.022000,462000.000000,0.000000,7.210000,,,0.000000,-147956000.000000,0.000000,0.000000,7780000.000000,,,,,1649000.000000,2826000.000000,1.000000,72596448.000000,72487000.000000,72487000.000000,0.000000,271198000.000000,0.000000,0.000000,0.000000,3.741000
MRQ,2020-09-30,2020-09-30,2020-09-30,2020-Q3,253419000.000000,423453550.000000,2025-04-28,-46000.000000,263623000.000000,,263134000.000000,489000.000000,,3.494000,0.000000,3899000.000000,3899000.000000,0.000000,-9288000.000000,27.085000,0.039000,438000.000000,323000.000000,115000.000000,438000.000000,0.000000,70000.000000,0.000000,0.000000,0.000000,-9288000.000000,-9218000.000000,,-9218000.000000,-9288000.000000,-9288000.000000,-0.130000,-0.130000,-0.130000,253793000.000000,,253793000.000000,405148550.000000,-11.000000,-11.341000,-5323000.000000,-0.073000,1.000000,0.000000,,0.000000,0.000000,250447000.000000,,0.000000,251434000.000000,251434000.000000,0.000000,9830000.000000,9715000.000000,115000.000000,-14920000.000000,0.000000,206000.000000,0.000000,0.000000,37000.000000,-9634000.000000,-9634000.000000,-5323000.000000,0.000000,-9288000.000000,-9288000.000000,-9288000.000000,0.000000,0.000000,,9843000.000000,-9843000.000000,2756000.000000,0.000000,1.668000,-11.764000,-11.640000,392000.000000,0.000000,5.820000,,,0.000000,-157244000.000000,0.000000,0.000000,7116000.000000,,,,,1475000.000000,2727000.000000,1.000000,72758342.000000,72643000.000000,72643000.000000,0.000000,263623000.000000,0.000000,0.000000,0.000000,3.629000
MRQ,2020-12-31,2020-12-31,2020-12-31,2020-Q4,243975000.000000,410719602.000000,2025-04-28,-54000.000000,256502000.000000,,256104000.000000,398000.000000,,3.352000,0.000000,29146000.000000,29146000.000000,0.000000,-10948000.000000,21.115000,0.050000,359000.000000,330000.000000,29000.000000,359000.000000,0.000000,71000.000000,0.000000,0.000000,0.000000,-10948000.000000,-10877000.000000,,-10877000.000000,-10948000.000000,-10948000.000000,-0.150000,-0.150000,-0.150000,244344000.000000,,244344000.000000,407258602.000000,-10.000000,-10.384000,-5486000.000000,-0.075000,1.000000,0.000000,,0.000000,0.000000,215586000.000000,,0.000000,219269000.000000,219269000.000000,0.000000,12158000.000000,12129000.000000,29000.000000,25247000.000000,0.000000,464000.000000,0.000000,0.000000,464000.000000,30269000.000000,30269000.000000,-5486000.000000,0.000000,-10948000.000000,-10948000.000000,-10948000.000000,0.000000,0.000000,,11266000.000000,-11266000.000000,3988000.000000,0.000000,1.681000,-10.399000,-10.426000,321000.000000,0.000000,5.630000,,,0.000000,-168192000.000000,0.000000,0.000000,9049000.000000,,,,,1042000.000000,2217000.000000,1.000000,72951972.000000,72900000.000000,72900000.000000,0.000000,256502000.000000,0.000000,0.000000,0.000000,3.519000
MRQ,2021-03-31,2021-03-31,2021-03-31,2021-Q1,236947000.000000,468891990.000000,2025-04-28,-104000.000000,250139000.000000,,249863000.000000,276000.000000,,3.172000,0.000000,16805000.000000,16805000.000000,0.000000,-14010000.000000,19.345000,0.054000,279000.000000,279000.000000,0.000000,279000.000000,0.000000,72000.000000,0.000000,0.000000,0.000000,-14010000.000000,-13938000.000000,,-13938000.000000,-14010000.000000,-14010000.000000,-0.190000,-0.190000,-0.190000,237223000.000000,,237223000.000000,440104990.000000,-10.000000,-10.109000,-10876000.000000,-0.145000,1.000000,0.000000,,0.000000,0.000000,220697000.000000,,0.000000,224874000.000000,224874000.000000,0.000000,12916000.000000,12916000.000000,0.000000,-12312000.000000,0.000000,5664000.000000,0.000000,0.000000,5191000.000000,-6627000.000000,-6627000.000000,-10876000.000000,0.000000,-14010000.000000,-14010000.000000,-14010000.000000,0.000000,0.000000,,14228000.000000,-14228000.000000,4848000.000000,0.000000,1.977000,-10.701000,-10.542000,249000.000000,0.000000,6.325000,,,0.000000,-182202000.000000,0.000000,0.000000,11535000.000000,,,,,1577000.000000,2693000.000000,1.000000,74133121.000000,74782000.000000,74782000.000000,0.000000,250139000.000000,0.000000,0.000000,0.000000,3.345000
MRQ,2021-06-30,2021-06-30,2021-06-30,2021-Q2,224791000.000000,467820006.000000,2025-04-28,-189000.000000,237845000.000000,,237662000.000000,183000.000000,,2.888000,0.000000,8829000.000000,8829000.000000,0.000000,-15381000.000000,18.465000,0.057000,198000.000000,198000.000000,0.000000,198000.000000,0.000000,73000.000000,0.000000,0.000000,0.000000,-15381000.000000,-15308000.000000,,-15308000.000000,-15381000.000000,-15381000.000000,-0.200000,-0.200000,-0.200000,224974000.000000,,224974000.000000,451294006.000000,-9.000000,-9.146000,-13434000.000000,-0.172000,1.000000,0.000000,,0.000000,0.000000,216343000.000000,,0.000000,219429000.000000,219429000.000000,0.000000,12871000.000000,12871000.000000,0.000000,-7976000.000000,0.000000,1898000.000000,0.000000,0.000000,1898000.000000,3560000.000000,3560000.000000,-13434000.000000,0.000000,-15381000.000000,-15381000.000000,-15381000.000000,0.000000,0.000000,,15541000.000000,-15541000.000000,4210000.000000,0.000000,2.079000,-9.427000,-8.940000,176000.000000,0.000000,5.990000,,,0.000000,-197583000.000000,0.000000,0.000000,12804000.000000,,,,,1491000.000000,2737000.000000,1.000000,78100168.000000,77897000.000000,77897000.000000,0.000000,237845000.000000,0.000000,0.000000,0.000000,3.053000
MRQ,2021-09-30,2021-09-30,2021-09-30,2021-Q3,212932000.000000,491032032.000000,2025-04-28,-170000.000000,224474000.000000,,224285000.000000,189000.000000,,2.732000,0.000000,11264000.000000,11264000.000000,0.000000,-13243000.000000,19.756000,0.053000,115000.000000,115000.000000,0.000000,115000.000000,0.000000,75000.000000,0.000000,0.000000,0.000000,-13243000.000000,-13168000.000000,,-13168000.000000,-13243000.000000,-13243000.000000,-0.170000,-0.170000,-0.170000,213121000.000000,,213121000.000000,482401032.000000,-9.000000,-9.052000,-10926000.000000,-0.140000,1.000000,0.000000,,0.000000,0.000000,201972000.000000,,0.000000,204871000.000000,204871000.000000,0.000000,11353000.000000,11353000.000000,0.000000,2435000.000000,0.000000,5000.000000,0.000000,0.000000,-256000.000000,13617000.000000,13617000.000000,-10926000.000000,0.000000,-13243000.000000,-13243000.000000,-13243000.000000,0.000000,0.000000,,13403000.000000,-13403000.000000,2852000.000000,0.000000,2.304000,-9.164000,-8.845000,101000.000000,0.000000,6.280000,,,0.000000,-210826000.000000,0.000000,0.000000,10795000.000000,,,,,1599000.000000,2608000.000000,1.000000,78189814.000000,78009000.000000,78009000.000000,0.000000,224474000.000000,0.000000,0.000000,0.000000,2.878000
MRQ,2021-12-31,2021-12-31,2021-12-31,2021-Q4,201750000.000000,359880489.000000,2025-04-28,-549000.000000,210662000.000000,,210528000.000000,134000.000000,,2.586000,0.000000,26404000.000000,26404000.000000,0.000000,-12356000.000000,23.984000,0.043000,29000.000000,29000.000000,0.000000,29000.000000,0.000000,76000.000000,0.000000,0.000000,0.000000,-12356000.000000,-12280000.000000,,-12280000.000000,-12356000.000000,-12356000.000000,-0.160000,-0.160000,-0.160000,201884000.000000,,201884000.000000,348731489.000000,-6.000000,-6.376000,-12350000.000000,-0.158000,1.000000,0.000000,,0.000000,0.000000,175509000.000000,,0.000000,175732000.000000,175732000.000000,0.000000,8778000.000000,8778000.000000,0.000000,15107000.000000,0.000000,20000.000000,0.000000,0.000000,47000.000000,27410000.000000,27410000.000000,-12350000.000000,0.000000,-12356000.000000,-12356000.000000,-12356000.000000,0.000000,0.000000,,12510000.000000,-12510000.000000,1444000.000000,0.000000,1.783000,-6.544000,-6.479000,25000.000000,0.000000,4.600000,,,0.000000,-223182000.000000,0.000000,0.000000,9847000.000000,,,,,1433000.000000,2663000.000000,1.000000,78234889.000000,78068000.000000,78068000.000000,0.000000,210662000.000000,0.000000,0.000000,0.000000,2.698000
MRQ,2022-03-31,2022-03-31,2022-03-31,2022-Q1,182031000.000000,235088712.000000,2025-04-28,-1411000.000000,195028000.000000,,193299000.000000,1729000.000000,,2.355000,0.000000,12487000.000000,12487000.000000,0.000000,-16103000.000000,17.155000,0.070000,1640000.000000,150000.000000,1490000.000000,1640000.000000,0.000000,77000.000000,0.000000,0.000000,0.000000,-16103000.000000,-16026000.000000,,-16026000.000000,-16103000.000000,-16103000.000000,-0.210000,-0.210000,-0.210000,182270000.000000,,182270000.000000,208713712.000000,-4.000000,-3.676000,-10530000.000000,-0.136000,1.000000,0.000000,,0.000000,0.000000,172913000.000000,,0.000000,172445000.000000,172445000.000000,0.000000,12758000.000000,11268000.000000,1490000.000000,-13917000.000000,0.000000,-4507000.000000,0.000000,0.000000,-5006000.000000,1619000.000000,1619000.000000,-10530000.000000,0.000000,-16103000.000000,-16103000.000000,-16103000.000000,0.000000,0.000000,,16245000.000000,-16245000.000000,3119000.000000,0.000000,1.290000,-4.118000,-4.054000,1632000.000000,0.000000,3.000000,,,0.000000,-239285000.000000,0.000000,0.000000,12555000.000000,,,,,2357000.000000,3690000.000000,1.000000,78362904.000000,77413000.000000,77413000.000000,0.000000,195028000.000000,0.000000,0.000000,0.000000,2.519000
MRQ,2022-06-30,2022-06-30,2022-06-30,2022-Q2,164999000.000000,223610028.000000,2025-04-28,-1649000.000000,181508000.000000,,179863000.000000,1645000.000000,,2.150000,0.000000,16259000.000000,16259000.000000,0.000000,-17432000.000000,12.101000,0.099000,1652000.000000,238000.000000,1414000.000000,1652000.000000,0.000000,0.000000,0.000000,0.000000,0.000000,-17432000.000000,-17432000.000000,,-17432000.000000,-17432000.000000,-17432000.000000,-0.230000,-0.230000,-0.230000,165230000.000000,,165230000.000000,212763028.000000,-4.000000,-3.612000,-13442000.000000,-0.175000,1.000000,0.000000,,0.000000,0.000000,152037000.000000,,0.000000,152691000.000000,152691000.000000,0.000000,16278000.000000,14864000.000000,1414000.000000,3948000.000000,0.000000,-1590000.000000,0.000000,0.000000,-1590000.000000,18980000.000000,18980000.000000,-13442000.000000,-176000.000000,-17432000.000000,-17432000.000000,-17432000.000000,0.000000,0.000000,,17631000.000000,-17631000.000000,6104000.000000,0.000000,1.353000,-3.781000,-3.753000,1560000.000000,0.000000,2.890000,,,0.000000,-256717000.000000,0.000000,0.000000,13542000.000000,,,,,2220000.000000,4089000.000000,1.000000,77373712.000000,76842000.000000,76842000.000000,0.000000,181508000.000000,0.000000,0.000000,0.000000,2.362000
MRQ,2022-09-30,2022-09-30,2022-09-30,2022-Q3,151085000.000000,208592660.000000,2025-04-28,-1761000.000000,166683000.000000,,165146000.000000,1537000.000000,,1.977000,0.000000,29441000.000000,29441000.000000,0.000000,-15773000.000000,11.745000,0.102000,1636000.000000,299000.000000,1337000.000000,1636000.000000,0.000000,142000.000000,0.000000,0.000000,0.000000,-15773000.000000,-15631000.000000,,-15631000.000000,-15773000.000000,-15773000.000000,-0.210000,-0.210000,-0.210000,151285000.000000,,151285000.000000,193985660.000000,-3.000000,-3.161000,-13499000.000000,-0.176000,1.000000,0.000000,,0.000000,0.000000,124817000.000000,,0.000000,125615000.000000,125615000.000000,0.000000,15398000.000000,14061000.000000,1337000.000000,13405000.000000,0.000000,10000.000000,0.000000,0.000000,10000.000000,26894000.000000,26894000.000000,-13499000.000000,-223000.000000,-15773000.000000,-15773000.000000,-15773000.000000,0.000000,0.000000,,16196000.000000,-16196000.000000,3142000.000000,0.000000,1.379000,-3.383000,-3.358000,1489000.000000,0.000000,2.720000,,,0.000000,-272490000.000000,0.000000,0.000000,11959000.000000,,,,,1940000.000000,4237000.000000,1.000000,76688478.000000,76505000.000000,76505000.000000,0.000000,166683000.000000,0.000000,0.000000,0.000000,2.179000
MRQ,2022-12-31,2022-12-31,2022-12-31,2022-Q4,145093000.000000,720871693.000000,2025-04-28,-1102000.000000,168529000.000000,,167040000.000000,1489000.000000,,1.898000,0.000000,36665000.000000,36665000.000000,0.000000,-19559000.000000,7.611000,0.160000,1564000.000000,304000.000000,1260000.000000,1564000.000000,0.000000,72000.000000,0.000000,0.000000,0.000000,-19559000.000000,-19487000.000000,,-19487000.000000,-19559000.000000,-19559000.000000,-0.260000,-0.260000,-0.260000,145322000.000000,,145322000.000000,693066693.000000,-10.000000,-10.107000,-10926000.000000,-0.143000,1.000000,0.000000,,0.000000,0.000000,111481000.000000,,0.000000,118853000.000000,118853000.000000,0.000000,23207000.000000,21947000.000000,1260000.000000,7083000.000000,0.000000,11783000.000000,0.000000,0.000000,10749000.000000,7260000.000000,7260000.000000,-10926000.000000,141000.000000,-19559000.000000,-19559000.000000,-19559000.000000,0.000000,0.000000,,20283000.000000,-20283000.000000,8529000.000000,0.000000,4.961000,-10.468000,-10.444000,1418000.000000,0.000000,9.400000,,,0.000000,-292049000.000000,0.000000,0.000000,16178000.000000,,,,,2156000.000000,4105000.000000,1.000000,76688478.000000,76585000.000000,76585000.000000,0.000000,168529000.000000,0.000000,0.000000,0.000000,2.201000
MRQ,2023-03-31,2023-03-31,2023-03-31,2023-Q1,133819000.000000,1305668508.000000,2025-04-28,-618000.000000,150895000.000000,,149468000.000000,1427000.000000,,1.711000,0.000000,18395000.000000,18395000.000000,0.000000,-19531000.000000,9.551000,0.126000,1490000.000000,309000.000000,1181000.000000,1490000.000000,0.000000,72000.000000,0.000000,0.000000,0.000000,-19531000.000000,-19459000.000000,,-19459000.000000,-19531000.000000,-19531000.000000,-0.250000,-0.250000,-0.250000,134065000.000000,,134065000.000000,1270567508.000000,-18.000000,-17.645000,-24643000.000000,-0.315000,1.000000,0.000000,,0.000000,0.000000,118341000.000000,,0.000000,117302000.000000,117302000.000000,0.000000,16830000.000000,15649000.000000,1181000.000000,-18261000.000000,0.000000,5898000.000000,0.000000,0.000000,4184000.000000,2198000.000000,2198000.000000,-24643000.000000,-9000.000000,-19531000.000000,-19531000.000000,-19531000.000000,0.000000,0.000000,,20537000.000000,-20537000.000000,3799000.000000,0.000000,9.739000,-18.060000,-17.526000,1346000.000000,0.000000,16.650000,,,0.000000,-311580000.000000,0.000000,0.000000,11008000.000000,,,,,3569000.000000,9529000.000000,1.000000,78418529.000000,78352000.000000,78352000.000000,0.000000,150895000.000000,0.000000,0.000000,0.000000,1.926000
MRQ,2023-06-30,2023-06-30,2023-06-30,2023-Q2,385893000.000000,1614219244.000000,2025-04-28,-1040000.000000,400693000.000000,,399371000.000000,1322000.000000,,3.900000,0.000000,69552000.000000,69552000.000000,0.000000,-19225000.000000,29.631000,0.038000,1414000.000000,314000.000000,1100000.000000,1414000.000000,0.000000,73000.000000,0.000000,0.000000,0.000000,-19225000.000000,-19152000.000000,,-19152000.000000,-19225000.000000,-19225000.000000,-0.190000,-0.190000,-0.190000,386115000.000000,,386115000.000000,1597314244.000000,-22.000000,-21.665000,-11435000.000000,-0.115000,1.000000,0.000000,,0.000000,0.000000,319077000.000000,,0.000000,323401000.000000,323401000.000000,0.000000,14578000.000000,13478000.000000,1100000.000000,51160000.000000,0.000000,272485000.000000,0.000000,0.000000,267078000.000000,-204483000.000000,-204483000.000000,-11435000.000000,-3000.000000,-19225000.000000,-19225000.000000,-19225000.000000,0.000000,0.000000,,23740000.000000,-23740000.000000,5611000.000000,0.000000,4.181000,-21.788000,-17.813000,1273000.000000,0.000000,16.210000,,,0.000000,-330805000.000000,0.000000,0.000000,13917000.000000,,,,,4620000.000000,9823000.000000,1.000000,99581693.000000,99010000.000000,99010000.000000,0.000000,400693000.000000,0.000000,0.000000,0.000000,4.047000
MRQ,2023-09-30,2023-09-30,2023-09-30,2023-Q3,367895000.000000,1107319126.000000,2025-04-28,-905000.000000,382663000.000000,,381300000.000000,1363000.000000,,3.688000,0.000000,37218000.000000,37218000.000000,0.000000,-22534000.000000,28.445000,0.039000,1337000.000000,319000.000000,1018000.000000,1337000.000000,0.000000,73000.000000,0.000000,0.000000,0.000000,-22534000.000000,-22461000.000000,,-22461000.000000,-22534000.000000,-22534000.000000,-0.230000,-0.230000,-0.230000,368240000.000000,,368240000.000000,1039181126.000000,-13.000000,-12.900000,-19658000.000000,-0.197000,1.000000,0.000000,,0.000000,0.000000,333377000.000000,,0.000000,339056000.000000,339056000.000000,0.000000,14423000.000000,13405000.000000,1018000.000000,-32266000.000000,0.000000,-74000.000000,0.000000,0.000000,-74000.000000,-12534000.000000,-12534000.000000,-19658000.000000,-68000.000000,-22534000.000000,-22534000.000000,-22534000.000000,0.000000,0.000000,,27265000.000000,-27265000.000000,5711000.000000,0.000000,3.007000,-13.696000,-11.903000,1200000.000000,0.000000,11.070000,,,0.000000,-353339000.000000,0.000000,0.000000,18379000.000000,,,,,4481000.000000,8886000.000000,1.000000,100028828.000000,99846000.000000,99846000.000000,0.000000,382663000.000000,0.000000,0.000000,0.000000,3.833000
MRQ,2023-12-31,2023-12-31,2023-12-31,2023-Q4,348090000.000000,1861538815.000000,2025-04-28,-389000.000000,368490000.000000,,367225000.000000,1265000.000000,,3.486000,0.000000,55549000.000000,55549000.000000,0.000000,-24605000.000000,19.191000,0.058000,1260000.000000,324000.000000,936000.000000,1260000.000000,0.000000,74000.000000,0.000000,0.000000,0.000000,-24605000.000000,-24531000.000000,,-24531000.000000,-24605000.000000,-24605000.000000,-0.250000,-0.250000,-0.250000,348419000.000000,,348419000.000000,1825657815.000000,-21.000000,-21.327000,-17640000.000000,-0.176000,1.000000,0.000000,,0.000000,0.000000,295066000.000000,,0.000000,306563000.000000,306563000.000000,0.000000,20071000.000000,19135000.000000,936000.000000,18281000.000000,0.000000,188000.000000,0.000000,0.000000,188000.000000,35733000.000000,35733000.000000,-17640000.000000,50000.000000,-24605000.000000,-24605000.000000,-24605000.000000,0.000000,0.000000,,29285000.000000,-29285000.000000,7512000.000000,0.000000,5.343000,-21.672000,-20.451000,1126000.000000,0.000000,18.610000,,,0.000000,-377944000.000000,0.000000,0.000000,20502000.000000,,,,,4080000.000000,8783000.000000,1.000000,100028953.000000,99945000.000000,99945000.000000,0.000000,368490000.000000,0.000000,0.000000,0.000000,3.687000
MRQ,2024-03-31,2024-03-31,2024-03-31,2024-Q1,933561000.000000,8240043798.000000,2025-04-28,-1599000.000000,967518000.000000,,966335000.000000,1183000.000000,,9.027000,0.000000,195612000.000000,195612000.000000,0.000000,-27356000.000000,29.485000,0.036000,1181000.000000,329000.000000,852000.000000,1181000.000000,0.000000,74000.000000,0.000000,0.000000,0.000000,-27356000.000000,-27282000.000000,,-27282000.000000,-27356000.000000,-27356000.000000,-0.260000,-0.260000,-0.260000,933892000.000000,,933892000.000000,8185754798.000000,-87.000000,-87.618000,-6134000.000000,-0.059000,1.000000,0.000000,,0.000000,0.000000,740313000.000000,,0.000000,767397000.000000,767397000.000000,0.000000,33626000.000000,32774000.000000,852000.000000,140111000.000000,0.000000,648138000.000000,0.000000,0.000000,606037000.000000,-459792000.000000,-459792000.000000,-6134000.000000,-48000.000000,-27356000.000000,-27356000.000000,-27356000.000000,0.000000,0.000000,,34073000.000000,-34073000.000000,5225000.000000,0.000000,8.823000,-87.922000,-88.172000,1052000.000000,0.000000,82.000000,,,0.000000,-405299000.000000,0.000000,0.000000,24103000.000000,,,,,7981000.000000,9970000.000000,1.000000,100488339.000000,103457000.000000,103457000.000000,0.000000,967518000.000000,0.000000,0.000000,0.000000,9.352000
MRQ,2024-06-30,2024-06-30,2024-06-30,2024-Q2,920631000.000000,5845317812.000000,2025-04-28,-2272000.000000,946839000.000000,,945724000.000000,1115000.000000,,8.343000,0.000000,43948000.000000,43948000.000000,0.000000,-22250000.000000,37.689000,0.028000,1100000.000000,334000.000000,766000.000000,1100000.000000,0.000000,75000.000000,0.000000,0.000000,0.000000,-22250000.000000,-22175000.000000,,-22175000.000000,-22250000.000000,-22250000.000000,-0.200000,-0.200000,-0.200000,920980000.000000,,920980000.000000,5650886812.000000,-58.000000,-58.589000,-28513000.000000,-0.258000,1.000000,0.000000,,0.000000,0.000000,878898000.000000,,0.000000,898348000.000000,898348000.000000,0.000000,25859000.000000,25093000.000000,766000.000000,-151667000.000000,0.000000,2905000.000000,0.000000,0.000000,2905000.000000,-126059000.000000,-126059000.000000,-28513000.000000,3000.000000,-22250000.000000,-22250000.000000,-22250000.000000,0.000000,0.000000,,34054000.000000,-34054000.000000,11090000.000000,0.000000,6.347000,-60.420000,-56.394000,977000.000000,0.000000,53.010000,,,0.000000,-427550000.000000,0.000000,0.000000,23769000.000000,,,,,7082000.000000,10285000.000000,1.000000,110268210.000000,110390000.000000,110390000.000000,0.000000,946839000.000000,0.000000,0.000000,0.000000,8.577000
MRQ,2024-09-30,2024-09-30,2024-09-30,2024-Q3,910964000.000000,7014507422.000000,2025-04-28,1632000.000000,937888000.000000,,936649000.000000,1239000.000000,,8.218000,0.000000,50393000.000000,50393000.000000,0.000000,-24940000.000000,36.467000,0.029000,1235000.000000,480000.000000,755000.000000,1235000.000000,0.000000,87000.000000,0.000000,0.000000,0.000000,-24940000.000000,-24853000.000000,,-24853000.000000,-24940000.000000,-24940000.000000,-0.220000,-0.220000,-0.220000,911448000.000000,,911448000.000000,6971659422.000000,-70.000000,-70.534000,-21962000.000000,-0.198000,1.000000,0.000000,,0.000000,0.000000,863045000.000000,,0.000000,880093000.000000,880093000.000000,0.000000,26440000.000000,25685000.000000,755000.000000,6461000.000000,0.000000,2522000.000000,0.000000,0.000000,2522000.000000,25901000.000000,25901000.000000,-21962000.000000,-29000.000000,-24940000.000000,-24940000.000000,-24940000.000000,0.000000,0.000000,,36556000.000000,-36556000.000000,254000.000000,0.000000,7.696000,-70.746000,-68.075000,1113000.000000,0.000000,63.310000,,,0.000000,-452490000.000000,0.000000,0.000000,22785000.000000,,,,,8982000.000000,13771000.000000,1.000000,110796200.000000,110911000.000000,110911000.000000,0.000000,937888000.000000,0.000000,0.000000,0.000000,8.456000
MRQ,2024-12-31,2024-12-31,2024-12-31,2024-Q4,879803000.000000,4484200092.000000,2025-04-28,-788000.000000,908321000.000000,,907216000.000000,1105000.000000,,7.905000,0.000000,26722000.000000,26722000.000000,0.000000,-35417000.000000,33.094000,0.032000,1119000.000000,489000.000000,630000.000000,1119000.000000,0.000000,110000.000000,0.000000,0.000000,0.000000,-35417000.000000,-35307000.000000,,-35307000.000000,-35417000.000000,-35417000.000000,-0.320000,-0.320000,-0.320000,880278000.000000,,880278000.000000,4435042092.000000,-40.000000,-40.459000,-31181000.000000,-0.280000,1.000000,0.000000,,0.000000,0.000000,855305000.000000,,0.000000,875936000.000000,875936000.000000,0.000000,28043000.000000,27413000.000000,630000.000000,-23597000.000000,0.000000,1000000.000000,0.000000,0.000000,1000000.000000,6584000.000000,6584000.000000,-31181000.000000,-74000.000000,-35417000.000000,-35417000.000000,-35417000.000000,0.000000,0.000000,,46238000.000000,-46238000.000000,9813000.000000,0.000000,5.094000,-40.779000,-39.842000,1003000.000000,0.000000,40.240000,,,0.000000,-487907000.000000,0.000000,0.000000,30987000.000000,,,,,5667000.000000,15251000.000000,1.000000,111436384.000000,111362000.000000,111362000.000000,0.000000,908321000.000000,0.000000,0.000000,0.000000,8.156000
MRQ,2025-03-31,2025-03-31,2025-03-31,2025-Q1,846450000.000000,2710784587.000000,2025-04-28,-216000.000000,866993000.000000,,866023000.000000,970000.000000,,7.557000,0.000000,37986000.000000,37986000.000000,0.000000,-45629000.000000,44.246000,0.024000,1000000.000000,498000.000000,502000.000000,1000000.000000,0.000000,111000.000000,0.000000,0.000000,0.000000,-45629000.000000,-45518000.000000,,-45518000.000000,-45629000.000000,-45629000.000000,-0.410000,-0.410000,-0.410000,846918000.000000,,846918000.000000,2685181587.000000,-21.000000,-21.002000,-52331000.000000,-0.467000,1.000000,0.000000,,0.000000,0.000000,810434000.000000,,0.000000,813918000.000000,813918000.000000,0.000000,20075000.000000,19573000.000000,502000.000000,11263000.000000,0.000000,349000.000000,0.000000,0.000000,349000.000000,63245000.000000,63245000.000000,-52331000.000000,1000.000000,-45629000.000000,-45629000.000000,-45629000.000000,0.000000,0.000000,,55469000.000000,-55469000.000000,7702000.000000,0.000000,3.201000,-21.139000,-21.000000,892000.000000,0.000000,24.150000,,,0.000000,-533536000.000000,0.000000,0.000000,41391000.000000,,,,,11348000.000000,14078000.000000,1.000000,112247809.000000,112069000.000000,112069000.000000,0.000000,866993000.000000,0.000000,0.000000,0.000000,7.736000
MRT,2013-12-31,2013-12-31,2013-12-31,2013-Q4,52127.000000,,2025-04-28,0.000000,180394.000000,,179619.000000,775.000000,,-0.123000,0.000000,180394.000000,180394.000000,0.000000,-146247.000000,1.409000,-1.720000,278745.000000,46894.000000,231851.000000,278745.000000,0.000000,0.000000,0.000000,,0.000000,-140090.000000,-140090.000000,,-140090.000000,-140090.000000,-146247.000000,-0.070000,-0.070000,-0.070000,-250604.000000,,-250604.000000,,,,-78235.000000,-0.038000,1.000000,0.000000,,0.000000,6157.000000,151253.000000,,0.000000,0.000000,0.000000,0.000000,430998.000000,127492.000000,303506.000000,179619.000000,0.000000,-2496.000000,260350.000000,0.000000,257854.000000,0.000000,0.000000,-78235.000000,0.000000,-146247.000000,-146247.000000,-146247.000000,0.000000,0.000000,,101076.000000,-101076.000000,74091.000000,0.000000,,,,0.000000,0.000000,,,,0.000000,-257274.000000,0.000000,0.000000,11613.000000,,,,,3554.000000,89463.000000,1.000000,,2043295.000000,2043295.000000,0.000000,180394.000000,0.000000,0.000000,0.000000,0.088000
MRT,2014-03-31,2014-03-31,2014-03-31,2014-Q1,,,2025-04-28,,,,,,,,,,,,,,,,,,,,,,,0.000000,,,,,,,,,,,,,,,,,,1.000000,,,,,,,,,,,,,,,,,,,,,,,,,,,,,,,,,,,,,,,,,,,,,,,,,,,,,1.000000,,2758333.000000,,,,,,,
MRT,2014-06-30,2014-06-30,2014-06-30,2014-Q2,,,2025-04-28,,,,,,,,,,,,,,,,,,,,,,,0.000000,,,,,,,,,,,,,,,,,,1.000000,,,,,,,,,,,,,,,,,,,,,,,,,,,,,,,,,,,,,,,,,,,,,,,,,,,,,1.000000,,4221757.000000,,,,,,,
MRT,2014-09-30,2014-09-30,2014-09-30,2014-Q3,,,2025-04-28,,,,,,,,,,,,,,,,,,,,,,,0.000000,,,,,,,,,,,,,,,,,,1.000000,,,,,,,,,,,,,,,,,,,,,,,,,,,,,,,,,,,,,,,,,,,,,,,,,,,,,1.000000,,4518439.000000,,,,,,,
MRT,2014-12-31,2014-12-31,2014-12-31,2014-Q4,-21743398.000000,,2025-04-28,0.000000,3043134.000000,1611764.000000,773684.000000,2269450.000000,0.000000,-5.285000,0.000000,756632.000000,756632.000000,0.000000,-21884183.000000,0.034000,-1.138000,1568388.000000,304274.000000,1264114.000000,1568388.000000,0.000000,0.000000,0.000000,,0.000000,-21813468.000000,-21813468.000000,,-21813468.000000,-21813468.000000,-21884183.000000,-5.230000,-5.230000,-5.230000,-22128531.000000,-11189568.000000,-22128531.000000,,,,-1591423.000000,-0.380000,1.000000,0.000000,,0.000000,70715.000000,-18662192.000000,-9255470.000000,0.000000,0.000000,0.000000,0.000000,25171665.000000,22517082.000000,2654583.000000,576238.000000,0.000000,-2.000000,2500000.000000,0.000000,2167661.000000,0.000000,0.000000,-1591423.000000,0.000000,-21884183.000000,-21884183.000000,-21884183.000000,0.000000,0.000000,,23467983.000000,-23467983.000000,1830724.000000,0.000000,,,,0.000000,0.000000,,,,0.000000,-22141457.000000,0.000000,0.000000,22223073.000000,-13.578000,1.956000,2.357000,,6258.000000,1244910.000000,1.000000,8654329.000000,4187415.000000,4187415.000000,0.000000,3043134.000000,0.000000,0.000000,0.000000,0.727000
MRT,2015-03-31,2015-03-31,2015-03-31,2015-Q1,-27348298.000000,,2025-04-28,0.000000,2769322.000000,,360398.000000,2408924.000000,,-6.834000,0.000000,327007.000000,327007.000000,0.000000,-27366656.000000,0.013000,-1.099000,1740343.000000,310350.000000,1429993.000000,1740343.000000,0.000000,0.000000,0.000000,,0.000000,-27263264.000000,-27263264.000000,,-27263264.000000,-27263264.000000,-27366656.000000,-6.250000,-6.250000,-6.250000,-27839043.000000,,-27839043.000000,,,,-1901596.000000,-0.467000,1.000000,0.000000,,0.000000,103392.000000,-23526038.000000,,0.000000,0.000000,0.000000,0.000000,30608365.000000,27708696.000000,2899669.000000,248158.000000,0.000000,0.000000,2500000.000000,0.000000,2149754.000000,0.000000,0.000000,-1901596.000000,0.000000,-27366656.000000,-27366656.000000,-27366656.000000,0.000000,0.000000,,23719285.000000,-23719285.000000,1879414.000000,0.000000,,,,0.000000,0.000000,,,,0.000000,-27852872.000000,0.000000,0.000000,22312042.000000,,,,,6257.000000,1407243.000000,1.000000,8654329.000000,4073609.000000,4073609.000000,0.000000,2769322.000000,0.000000,0.000000,0.000000,0.680000
MRT,2015-06-30,2015-06-30,2015-06-30,2015-Q2,17393539.000000,69852848.000000,2025-04-28,-12461.000000,22269649.000000,,22269649.000000,0.000000,,2.372000,0.000000,9497200.000000,9497200.000000,0.000000,-12448935.000000,4.567000,0.280000,1670509.000000,1670509.000000,0.000000,1670509.000000,0.000000,0.000000,0.000000,0.000000,0.000000,-12325247.000000,-12325247.000000,,-12325247.000000,-12325247.000000,-12448935.000000,-1.920000,-1.920000,-1.920000,17393539.000000,,17393539.000000,71266184.000000,-6.000000,-5.782000,-3082438.000000,-0.420000,1.000000,0.000000,,0.000000,123688.000000,9566848.000000,,0.000000,12162251.000000,12162251.000000,0.000000,4876110.000000,4876110.000000,0.000000,8605720.000000,0.000000,25392116.000000,1250000.000000,0.000000,23862225.000000,-12174067.000000,-12174067.000000,-3082438.000000,0.000000,-12448935.000000,-12448935.000000,-12448935.000000,0.000000,0.000000,,4590568.000000,-4590568.000000,1008277.000000,0.000000,4.016000,-5.611000,-3.719000,0.000000,0.000000,7.140000,,,0.000000,-35717938.000000,0.000000,0.000000,2171308.000000,,,,,1476717.000000,2419260.000000,1.000000,9783312.000000,7331861.000000,7331861.000000,0.000000,22269649.000000,0.000000,0.000000,0.000000,3.037000
MRT,2015-09-30,2015-09-30,2015-09-30,2015-Q3,13209700.000000,57325317.000000,2025-04-28,-4848.000000,19012251.000000,11773589.000000,18932251.000000,80000.000000,0.000000,1.483000,0.000000,2140115.000000,2140115.000000,0.000000,-16923678.000000,3.308000,0.433000,1911024.000000,1911024.000000,0.000000,1911024.000000,0.000000,0.000000,0.000000,0.000000,0.000000,-16814715.000000,-16814715.000000,,-16814715.000000,-16814715.000000,-16923678.000000,-2.390000,-2.390000,-2.390000,13270551.000000,-4825871.000000,13270551.000000,49498626.000000,-3.000000,-2.944000,-5873070.000000,-0.656000,1.000000,0.000000,,0.000000,108963.000000,13060609.000000,-4890193.000000,0.000000,15349507.000000,15349507.000000,0.000000,5741700.000000,5722551.000000,19149.000000,1345700.000000,0.000000,25394614.000000,500000.000000,0.000000,22644812.000000,-15426042.000000,-15426042.000000,-5873070.000000,0.000000,-16923678.000000,-16923678.000000,-16923678.000000,0.000000,0.000000,,7729740.000000,-7729740.000000,401672.000000,0.000000,4.320000,-3.387000,-2.452000,0.000000,0.000000,5.859000,,,0.000000,-40454482.000000,0.000000,0.000000,3890215.000000,-1.437000,3.507000,3.438000,,2074907.000000,3839525.000000,1.000000,9783312.000000,8947480.000000,8947480.000000,0.000000,19012251.000000,0.000000,0.000000,0.000000,2.125000
MRT,2015-12-31,2015-12-31,2015-12-31,2015-Q4,13224836.000000,33003044.000000,2025-04-28,-7370.000000,15439103.000000,14872581.000000,15201648.000000,237455.000000,0.000000,1.373000,0.000000,848550.000000,848550.000000,0.000000,-23403988.000000,7.690000,0.770000,2151540.000000,0.000000,2151540.000000,2151540.000000,0.000000,0.000000,0.000000,0.000000,0.000000,-23315306.000000,-23315306.000000,,-23315306.000000,-23315306.000000,-23403988.000000,-3.680000,-3.680000,-3.680000,8724998.000000,2887511.000000,8724998.000000,32773953.000000,-1.000000,-1.406000,-8731494.000000,-1.374000,1.000000,0.000000,,0.000000,88682.000000,14765281.000000,3466675.000000,0.000000,13335499.000000,13335499.000000,0.000000,6714105.000000,1976812.000000,4737293.000000,12693.000000,0.000000,25415103.000000,0.000000,0.000000,22214229.000000,-13470042.000000,-13470042.000000,-8731494.000000,0.000000,-23403988.000000,-23403988.000000,-23403988.000000,0.000000,0.000000,,11996478.000000,-11996478.000000,592414.000000,0.000000,3.783000,-1.410000,-0.927000,0.000000,0.000000,3.410000,,,0.000000,-45545445.000000,0.000000,0.000000,6966842.000000,-1.574000,-8.105000,-6.726000,,2601448.000000,5029636.000000,1.000000,9678312.000000,6355869.000000,6355869.000000,0.000000,15439103.000000,0.000000,0.000000,0.000000,2.429000
MRT,2016-03-31,2016-03-31,2016-03-31,2016-Q1,10243396.000000,13750912.000000,2025-04-28,-195.000000,12756902.000000,17369476.000000,12161521.000000,595381.000000,0.000000,0.640000,0.000000,4038763.000000,4038763.000000,0.000000,-21279561.000000,6.340000,1.211000,3139861.000000,0.000000,3139861.000000,3139861.000000,0.000000,0.000000,0.000000,0.000000,0.000000,-21210671.000000,-21210671.000000,,-21210671.000000,-21210671.000000,-21279561.000000,-2.990000,-2.990000,-2.990000,5769739.000000,11289707.000000,5769739.000000,15053902.000000,-1.000000,-0.710000,-11045677.000000,-1.225000,1.000000,0.000000,,0.000000,68890.000000,9939875.000000,11833153.000000,0.000000,7292863.000000,7292863.000000,0.000000,6987163.000000,1918125.000000,5069038.000000,3631756.000000,0.000000,25415103.000000,0.000000,0.000000,22174835.000000,-7497402.000000,-7497402.000000,-11045677.000000,0.000000,-21279561.000000,-21279561.000000,-21279561.000000,0.000000,0.000000,,14802855.000000,-14802855.000000,1172351.000000,0.000000,2.383000,-0.646000,-0.475000,0.000000,0.000000,1.420000,,,0.000000,-49132433.000000,0.000000,0.000000,8705051.000000,-1.225000,-1.885000,-1.792000,,3225099.000000,6097804.000000,1.000000,9683741.000000,9015778.000000,9015778.000000,0.000000,12756902.000000,0.000000,0.000000,0.000000,1.415000
MRT,2016-06-30,2016-06-30,2016-06-30,2016-Q2,12571273.000000,24278614.000000,2025-04-28,-6786.000000,18549007.000000,16439316.000000,18310165.000000,238842.000000,0.000000,0.747000,0.000000,5239930.000000,5239930.000000,0.000000,-17107288.000000,3.191000,0.451000,2382688.000000,2382688.000000,0.000000,2382688.000000,0.000000,0.000000,0.000000,0.000000,0.000000,-17066399.000000,-17066399.000000,,-17066399.000000,-17066399.000000,-17107288.000000,-2.140000,-2.140000,-2.140000,12785469.000000,10137689.000000,12785469.000000,23379712.000000,-1.000000,-1.370000,-12651808.000000,-0.740000,1.000000,0.000000,,0.000000,40889.000000,9952873.000000,11929660.000000,0.000000,12036539.000000,12036539.000000,0.000000,5763538.000000,5738892.000000,24646.000000,-4337270.000000,0.000000,9950182.000000,-94861.000000,0.000000,8468992.000000,-154454.000000,-154454.000000,-12651808.000000,0.000000,-17107288.000000,-17107288.000000,-17107288.000000,0.000000,0.000000,,15753994.000000,-15753994.000000,1206384.000000,0.000000,1.899000,-1.419000,-0.589000,0.000000,0.000000,1.260000,,,0.000000,-52825226.000000,0.000000,0.000000,9975203.000000,-1.041000,-1.687000,-1.431000,,2243835.000000,5778791.000000,1.000000,19268741.000000,17105374.000000,17105374.000000,0.000000,18549007.000000,0.000000,0.000000,0.000000,1.084000
MRT,2016-09-30,2016-09-30,2016-09-30,2016-Q3,9545621.000000,27009917.000000,2025-04-28,-6137.000000,16317693.000000,15765676.000000,15623313.000000,694380.000000,0.000000,0.538000,0.000000,3134892.000000,3134892.000000,0.000000,-16178175.000000,2.571000,0.597000,2826135.000000,2826135.000000,0.000000,2826135.000000,0.000000,0.000000,0.000000,0.000000,0.000000,-16146042.000000,-16146042.000000,,-16146042.000000,-16146042.000000,-16178175.000000,-1.810000,-1.810000,-1.810000,10219525.000000,9374933.000000,10219525.000000,24152675.000000,-1.000000,-1.496000,-11905769.000000,-0.627000,1.000000,0.000000,,0.000000,32133.000000,9931244.000000,11147318.000000,0.000000,11562950.000000,11562950.000000,0.000000,6098168.000000,6077692.000000,20476.000000,914777.000000,0.000000,10475954.000000,-94861.000000,0.000000,9281997.000000,3538549.000000,3538549.000000,-11905769.000000,0.000000,-16178175.000000,-16178175.000000,-16178175.000000,0.000000,0.000000,,14730055.000000,-14730055.000000,881311.000000,0.000000,2.643000,-1.670000,-0.774000,0.000000,0.000000,1.401000,,,0.000000,-56632658.000000,0.000000,0.000000,9572444.000000,-1.026000,-1.726000,-1.448000,,1963196.000000,5157611.000000,1.000000,19277651.000000,18991971.000000,18991971.000000,0.000000,16317693.000000,0.000000,0.000000,0.000000,0.859000
MRT,2016-12-31,2016-12-31,2016-12-31,2016-Q4,7498295.000000,24002614.000000,2025-04-28,-6892.000000,14535708.000000,15539828.000000,13974829.000000,560879.000000,0.000000,0.494000,0.000000,3114843.000000,3114843.000000,0.000000,-14731822.000000,2.158000,0.807000,3269582.000000,3269582.000000,0.000000,3269582.000000,0.000000,0.000000,0.000000,0.000000,0.000000,-14709894.000000,-14709894.000000,,-14709894.000000,-14709894.000000,-14731822.000000,-0.900000,-0.900000,-0.900000,8042867.000000,9204400.000000,8042867.000000,23693857.000000,-2.000000,-1.611000,-11071263.000000,-0.680000,1.000000,0.000000,,0.000000,21928.000000,8213913.000000,9509476.000000,0.000000,10075058.000000,10075058.000000,0.000000,6492841.000000,6476534.000000,16307.000000,2306952.000000,0.000000,11570577.000000,-94861.000000,0.000000,10348450.000000,3029765.000000,3029765.000000,-11071263.000000,0.000000,-14731822.000000,-14731822.000000,-14731822.000000,0.000000,0.000000,,13847275.000000,-13847275.000000,1203888.000000,0.000000,2.984000,-1.629000,-1.322000,0.000000,0.000000,1.190000,,,0.000000,-60277267.000000,0.000000,0.000000,9000499.000000,-0.948000,-1.601000,-1.547000,,1794327.000000,4846776.000000,1.000000,20170264.000000,16278292.000000,16278292.000000,0.000000,14535708.000000,0.000000,0.000000,0.000000,0.893000
MRT,2017-03-31,2017-03-31,2017-03-31,2017-Q1,11291751.000000,34785120.000000,2025-04-28,-7499.000000,15152607.000000,16138754.000000,14673917.000000,478690.000000,0.000000,0.338000,0.000000,4398387.000000,4398387.000000,0.000000,-16366833.000000,4.339000,1.008000,3713029.000000,0.000000,3713029.000000,3713029.000000,0.000000,0.000000,0.000000,0.000000,0.000000,-16362368.000000,-16362368.000000,,-16362368.000000,-16362368.000000,-16366833.000000,-0.810000,-0.810000,-0.810000,7546087.000000,9648487.000000,7546087.000000,34939860.000000,-2.000000,-2.135000,-11626139.000000,-0.520000,1.000000,0.000000,,0.000000,4465.000000,11085083.000000,9795778.000000,0.000000,7954240.000000,7954240.000000,0.000000,7606520.000000,3382166.000000,4224354.000000,399739.000000,0.000000,14110577.000000,-94861.000000,0.000000,12929753.000000,-903875.000000,-903875.000000,-11626139.000000,0.000000,-16366833.000000,-16366833.000000,-16366833.000000,0.000000,0.000000,,15548859.000000,-15548859.000000,1726824.000000,0.000000,4.610000,-2.125000,-1.802000,0.000000,0.000000,1.460000,,,0.000000,-65499167.000000,0.000000,0.000000,10651321.000000,-1.014000,-1.696000,-1.670000,,1571773.000000,4897538.000000,1.000000,23825425.000000,22353000.000000,22353000.000000,0.000000,15152607.000000,0.000000,0.000000,0.000000,0.678000
MRT,2017-06-30,2017-06-30,2017-06-30,2017-Q2,6537024.000000,25839459.000000,2025-04-28,-5999.000000,14320911.000000,15081730.000000,14264002.000000,56909.000000,0.000000,0.273000,0.000000,3432992.000000,3432992.000000,0.000000,-17846040.000000,1.846000,1.174000,3050427.000000,3050427.000000,0.000000,3050427.000000,0.000000,0.000000,0.000000,0.000000,0.000000,-17844388.000000,-17844388.000000,,-17844388.000000,-17844388.000000,-17846040.000000,-0.800000,-0.800000,-0.800000,6587879.000000,8099090.000000,6587879.000000,25154101.000000,-1.000000,-1.410000,-12601299.000000,-0.522000,1.000000,0.000000,,0.000000,1652.000000,6211368.000000,8860402.000000,0.000000,8689630.000000,8689630.000000,0.000000,7733032.000000,7726978.000000,6054.000000,-1766428.000000,0.000000,8242884.000000,0.000000,0.000000,7672627.000000,3162244.000000,3162244.000000,-12601299.000000,0.000000,-17846040.000000,-17846040.000000,-17846040.000000,0.000000,0.000000,,16953806.000000,-16953806.000000,1304711.000000,0.000000,3.922000,-1.448000,-1.350000,0.000000,0.000000,1.080000,,,0.000000,-70670801.000000,0.000000,0.000000,11996263.000000,-1.183000,-2.203000,-2.014000,,1422528.000000,4957543.000000,1.000000,23925425.000000,24119000.000000,24119000.000000,0.000000,14320911.000000,0.000000,0.000000,0.000000,0.594000
MRT,2017-09-30,2017-09-30,2017-09-30,2017-Q3,1911591.000000,52901812.000000,2025-04-28,-3558.000000,11839444.000000,13962168.000000,11525074.000000,314370.000000,0.000000,0.081000,0.000000,2607404.000000,2607404.000000,0.000000,-20137609.000000,1.199000,4.319000,3180411.000000,3180411.000000,0.000000,3180411.000000,0.000000,0.000000,0.000000,0.000000,0.000000,-20135513.000000,-20135513.000000,,-20135513.000000,-20135513.000000,-20137609.000000,-0.820000,-0.820000,-0.820000,2225961.000000,6100698.000000,2225961.000000,52519247.000000,-3.000000,-2.608000,-13275884.000000,-0.483000,1.000000,0.000000,,0.000000,2096.000000,2798968.000000,7077333.000000,0.000000,7270719.000000,7270719.000000,0.000000,9613483.000000,9613483.000000,0.000000,-487390.000000,0.000000,8967112.000000,-77000.000000,0.000000,8675278.000000,4113216.000000,4113216.000000,-13275884.000000,0.000000,-20137609.000000,-20137609.000000,-20137609.000000,0.000000,0.000000,,18381524.000000,-18381524.000000,1555472.000000,0.000000,23.766000,-2.627000,-2.329000,0.000000,0.000000,1.910000,,,0.000000,-76770459.000000,0.000000,0.000000,13356469.000000,-1.442000,-3.301000,-2.845000,,1446575.000000,5025055.000000,1.000000,27697284.000000,27470000.000000,27470000.000000,0.000000,11839444.000000,0.000000,0.000000,0.000000,0.431000
MRT,2017-12-31,2017-12-31,2017-12-31,2017-Q4,13194000.000000,115705319.000000,2025-04-28,-20000.000000,22121000.000000,15858490.000000,21851000.000000,270000.000000,0.000000,0.518000,0.000000,8988000.000000,8988000.000000,0.000000,-20578000.000000,2.524000,0.643000,3451000.000000,3451000.000000,0.000000,3451000.000000,0.000000,0.000000,0.000000,0.000000,0.000000,-20578000.000000,-20578000.000000,,-20578000.000000,-20578000.000000,-20578000.000000,-0.790000,-0.790000,-0.790000,13464000.000000,7455982.000000,13464000.000000,116278326.000000,-6.000000,-5.651000,-14758000.000000,-0.568000,1.000000,0.000000,,0.000000,0.000000,7927000.000000,7005605.000000,0.000000,11587000.000000,11587000.000000,0.000000,8657000.000000,8657000.000000,0.000000,5912000.000000,0.000000,22999000.000000,-77000.000000,0.000000,22400000.000000,-1730000.000000,-1730000.000000,-14758000.000000,0.000000,-20578000.000000,-20578000.000000,-20578000.000000,0.000000,0.000000,,19070000.000000,-19070000.000000,1529000.000000,0.000000,8.594000,-5.623000,-5.139000,0.000000,0.000000,4.060000,,,0.000000,-80855000.000000,0.000000,0.000000,13741000.000000,-1.298000,-2.760000,-2.937000,,1451000.000000,5329000.000000,1.000000,28498847.000000,25978000.000000,25978000.000000,0.000000,22121000.000000,0.000000,0.000000,0.000000,0.852000
MRT,2018-03-31,2018-03-31,2018-03-31,2018-Q1,72392000.000000,222427765.000000,2025-04-28,-109000.000000,78971000.000000,31813089.000000,78731000.000000,240000.000000,0.000000,1.627000,0.000000,36356000.000000,36356000.000000,0.000000,-18907000.000000,12.420000,0.087000,3721000.000000,3721000.000000,0.000000,3721000.000000,0.000000,0.000000,0.000000,0.000000,0.000000,-18724000.000000,-18724000.000000,,-18724000.000000,-18724000.000000,-18907000.000000,-0.630000,-0.650000,-0.630000,72632000.000000,23727460.000000,72632000.000000,216889827.000000,-12.000000,-11.584000,-16781000.000000,-0.376000,1.000000,0.000000,,0.000000,183000.000000,39997000.000000,14233584.000000,0.000000,41112000.000000,41112000.000000,0.000000,6339000.000000,6339000.000000,0.000000,31997000.000000,0.000000,82903000.000000,-77000.000000,0.000000,82174000.000000,-33396000.000000,-33396000.000000,-16781000.000000,0.000000,-18907000.000000,-18907000.000000,-18907000.000000,0.000000,0.000000,,18907000.000000,-18907000.000000,658000.000000,0.000000,3.062000,-11.764000,-6.937000,0.000000,0.000000,4.370000,,,0.000000,-84406000.000000,0.000000,0.000000,13257000.000000,-0.594000,-0.797000,-1.315000,,1659000.000000,5650000.000000,1.000000,50898802.000000,44649000.000000,45306000.000000,0.000000,78971000.000000,0.000000,0.000000,0.000000,1.769000
MRT,2018-06-30,2018-06-30,2018-06-30,2018-Q2,140153000.000000,483356021.000000,2025-04-28,-147000.000000,144468000.000000,64349861.000000,144258000.000000,210000.000000,0.000000,2.660000,0.000000,34610000.000000,34610000.000000,0.000000,-20407000.000000,35.142000,0.029000,0.000000,0.000000,0.000000,0.000000,0.000000,0.000000,0.000000,0.000000,0.000000,-20223000.000000,-20223000.000000,,-20223000.000000,-20223000.000000,-20407000.000000,-0.550000,-0.570000,-0.550000,140363000.000000,57171240.000000,140363000.000000,450721021.000000,-22.000000,-22.288000,-17849000.000000,-0.338000,1.000000,0.000000,,0.000000,184000.000000,105753000.000000,39118992.000000,0.000000,107556000.000000,107556000.000000,0.000000,4105000.000000,4105000.000000,0.000000,31216000.000000,0.000000,153042000.000000,-3910000.000000,0.000000,148321000.000000,-99256000.000000,-99256000.000000,-17849000.000000,0.000000,-20407000.000000,-20407000.000000,-20407000.000000,0.000000,0.000000,,20849000.000000,-20849000.000000,1493000.000000,0.000000,3.444000,-23.686000,-17.255000,0.000000,0.000000,9.490000,,,0.000000,-91078000.000000,0.000000,0.000000,14762000.000000,-0.317000,-0.357000,-0.517000,,1949000.000000,6087000.000000,1.000000,50933195.000000,52767000.000000,52767000.000000,0.000000,144468000.000000,0.000000,0.000000,0.000000,2.738000
MRT,2018-09-30,2018-09-30,2018-09-30,2018-Q3,301873000.000000,1056658771.000000,2025-04-28,-117000.000000,306796000.000000,138089000.000000,306616000.000000,180000.000000,0.000000,4.933000,0.000000,169506000.000000,169506000.000000,0.000000,-20908000.000000,64.646000,0.016000,0.000000,0.000000,0.000000,0.000000,0.000000,0.000000,0.000000,0.000000,0.000000,-20726000.000000,-20726000.000000,,-20726000.000000,-20726000.000000,-20908000.000000,-0.440000,-0.460000,-0.440000,302053000.000000,132128000.000000,302053000.000000,1022048771.000000,-49.000000,-49.312000,-20023000.000000,-0.327000,1.000000,0.000000,,0.000000,182000.000000,132547000.000000,71556000.000000,0.000000,134656000.000000,134656000.000000,0.000000,4743000.000000,4743000.000000,0.000000,166938000.000000,0.000000,319495000.000000,-3833000.000000,0.000000,314695000.000000,-127734000.000000,-127734000.000000,-20023000.000000,0.000000,-20908000.000000,-20908000.000000,-20908000.000000,0.000000,0.000000,,23551000.000000,-23551000.000000,1215000.000000,0.000000,3.498000,-50.538000,-39.591000,0.000000,0.000000,17.420000,,,0.000000,-97678000.000000,0.000000,0.000000,16984000.000000,-0.151000,-0.158000,-0.290000,,2354000.000000,6567000.000000,1.000000,60657794.000000,61232000.000000,61232000.000000,0.000000,306796000.000000,0.000000,0.000000,0.000000,5.010000
MRT,2018-12-31,2018-12-31,2018-12-31,2018-Q4,297583000.000000,546667906.000000,2025-04-28,-423000.000000,302312000.000000,208136750.000000,302133000.000000,179000.000000,0.000000,5.171000,0.000000,24808000.000000,24808000.000000,0.000000,-22063000.000000,66.403000,0.015000,0.000000,0.000000,0.000000,0.000000,0.000000,0.000000,0.000000,0.000000,0.000000,-22063000.000000,-22063000.000000,,-22063000.000000,-22063000.000000,-22063000.000000,-0.380000,-0.380000,-0.380000,297750000.000000,203199500.000000,297750000.000000,377161906.000000,-17.000000,-17.095000,-18755000.000000,-0.326000,1.000000,0.000000,,0.000000,0.000000,272954000.000000,137812750.000000,0.000000,276741000.000000,276741000.000000,0.000000,4562000.000000,4550000.000000,12000.000000,15791000.000000,0.000000,305000000.000000,-3833000.000000,0.000000,300275000.000000,-265729000.000000,-265729000.000000,-18755000.000000,0.000000,-22063000.000000,-22063000.000000,-22063000.000000,0.000000,0.000000,,26161000.000000,-26161000.000000,959000.000000,0.000000,1.836000,-24.778000,-20.132000,0.000000,0.000000,7.650000,,,0.000000,-102918000.000000,0.000000,0.000000,19040000.000000,-0.106000,-0.109000,-0.160000,,2608000.000000,7121000.000000,1.000000,71459857.000000,57580000.000000,57580000.000000,0.000000,302312000.000000,0.000000,0.000000,0.000000,5.250000
MRT,2019-03-31,2019-03-31,2019-03-31,2019-Q1,294219000.000000,715541059.000000,2025-04-28,-49000.000000,300080000.000000,263414000.000000,299137000.000000,943000.000000,0.000000,4.105000,0.000000,14372000.000000,14372000.000000,0.000000,-23436000.000000,60.825000,0.019000,869000.000000,281000.000000,588000.000000,869000.000000,0.000000,64000.000000,0.000000,0.000000,0.000000,-23436000.000000,-23372000.000000,,-23372000.000000,-23436000.000000,-23436000.000000,-0.370000,-0.370000,-0.370000,294574000.000000,258685000.000000,294574000.000000,690733059.000000,-29.000000,-29.554000,-16604000.000000,-0.231000,1.000000,0.000000,,0.000000,0.000000,281659000.000000,198228250.000000,0.000000,284375000.000000,284375000.000000,0.000000,5506000.000000,4918000.000000,588000.000000,-22013000.000000,0.000000,242965000.000000,-3833000.000000,0.000000,238302000.000000,-243711000.000000,-243711000.000000,-16604000.000000,0.000000,-23436000.000000,-23436000.000000,-23436000.000000,0.000000,0.000000,,28162000.000000,-28162000.000000,1676000.000000,0.000000,2.429000,-30.532000,-26.865000,794000.000000,0.000000,9.940000,,,0.000000,-107842000.000000,0.000000,0.000000,20493000.000000,-0.089000,-0.091000,-0.118000,,3032000.000000,7669000.000000,1.000000,71986022.000000,71755000.000000,71755000.000000,0.000000,300080000.000000,0.000000,0.000000,0.000000,4.182000
MRT,2019-06-30,2019-06-30,2019-06-30,2019-Q2,288018000.000000,597995553.000000,2025-04-28,239000.000000,294493000.000000,300920250.000000,293644000.000000,849000.000000,0.000000,4.009000,0.000000,19152000.000000,19152000.000000,0.000000,-24438000.000000,52.194000,0.021000,801000.000000,288000.000000,513000.000000,801000.000000,0.000000,128000.000000,0.000000,0.000000,0.000000,-24438000.000000,-24310000.000000,,-24310000.000000,-24438000.000000,-24438000.000000,-0.350000,-0.350000,-0.350000,288354000.000000,295682750.000000,288354000.000000,584492553.000000,-24.000000,-24.043000,-17793000.000000,-0.247000,1.000000,0.000000,,0.000000,0.000000,270516000.000000,239419000.000000,0.000000,273513000.000000,273513000.000000,0.000000,6139000.000000,5626000.000000,513000.000000,-15487000.000000,0.000000,169062000.000000,0.000000,0.000000,168413000.000000,-166107000.000000,-166107000.000000,-17793000.000000,0.000000,-24438000.000000,-24438000.000000,-24438000.000000,0.000000,0.000000,,30806000.000000,-30806000.000000,1870000.000000,0.000000,2.074000,-24.470000,-23.714000,730000.000000,0.000000,8.300000,,,0.000000,-115516000.000000,0.000000,0.000000,22605000.000000,-0.081000,-0.083000,-0.102000,,3323000.000000,8201000.000000,1.000000,72047657.000000,71921000.000000,71921000.000000,0.000000,294493000.000000,0.000000,0.000000,0.000000,4.095000
MRT,2019-09-30,2019-09-30,2019-09-30,2019-Q3,283064000.000000,496809134.000000,2025-04-28,157000.000000,290122000.000000,296751750.000000,289256000.000000,866000.000000,0.000000,3.935000,0.000000,30981000.000000,30981000.000000,0.000000,-23569000.000000,46.714000,0.023000,733000.000000,295000.000000,438000.000000,733000.000000,0.000000,194000.000000,0.000000,0.000000,0.000000,-23569000.000000,-23375000.000000,,-23375000.000000,-23569000.000000,-23569000.000000,-0.320000,-0.320000,-0.320000,283492000.000000,291042500.000000,283492000.000000,478458134.000000,-20.000000,-20.469000,-15688000.000000,-0.218000,1.000000,0.000000,,0.000000,0.000000,253682000.000000,269702750.000000,0.000000,257120000.000000,257120000.000000,0.000000,6630000.000000,6192000.000000,438000.000000,-138554000.000000,0.000000,1500000.000000,0.000000,0.000000,1001000.000000,-123867000.000000,-123867000.000000,-15688000.000000,0.000000,-23569000.000000,-23569000.000000,-23569000.000000,0.000000,0.000000,,30851000.000000,-30851000.000000,2095000.000000,0.000000,1.752000,-21.079000,-21.500000,664000.000000,0.000000,6.880000,,,0.000000,-121247000.000000,0.000000,0.000000,22197000.000000,-0.079000,-0.081000,-0.087000,,3384000.000000,8654000.000000,1.000000,72210630.000000,72040000.000000,72040000.000000,0.000000,290122000.000000,0.000000,0.000000,0.000000,4.027000
MRT,2019-12-31,2019-12-31,2019-12-31,2019-Q4,276724000.000000,579553398.000000,2025-04-28,12000.000000,284256000.000000,292237750.000000,283501000.000000,755000.000000,0.000000,3.851000,0.000000,8406000.000000,8406000.000000,0.000000,-25779000.000000,41.833000,0.026000,662000.000000,302000.000000,360000.000000,662000.000000,0.000000,260000.000000,0.000000,0.000000,0.000000,-25779000.000000,-25519000.000000,,-25519000.000000,-25779000.000000,-25779000.000000,-0.360000,-0.360000,-0.360000,277119000.000000,285884750.000000,277119000.000000,549305398.000000,-21.000000,-21.525000,-24752000.000000,-0.344000,1.000000,0.000000,,0.000000,0.000000,269735000.000000,268898000.000000,0.000000,267261000.000000,267261000.000000,0.000000,7137000.000000,6777000.000000,360000.000000,-16402000.000000,0.000000,1111000.000000,0.000000,0.000000,887000.000000,7463000.000000,7463000.000000,-24752000.000000,0.000000,-25779000.000000,-25779000.000000,-25779000.000000,0.000000,0.000000,,32687000.000000,-32687000.000000,2431000.000000,0.000000,2.091000,-22.482000,-22.278000,598000.000000,0.000000,8.020000,,,0.000000,-128697000.000000,0.000000,0.000000,23559000.000000,-0.088000,-0.090000,-0.096000,,3743000.000000,9128000.000000,1.000000,72263516.000000,71959000.000000,71959000.000000,0.000000,284256000.000000,0.000000,0.000000,0.000000,3.950000
MRT,2020-03-31,2020-03-31,2020-03-31,2020-Q1,267904000.000000,339594199.000000,2025-04-28,-812000.000000,277104000.000000,286493750.000000,276446000.000000,658000.000000,0.000000,3.708000,0.000000,15289000.000000,15289000.000000,0.000000,-30542000.000000,32.363000,0.033000,588000.000000,309000.000000,279000.000000,588000.000000,0.000000,264000.000000,0.000000,0.000000,0.000000,-30542000.000000,-30278000.000000,,-30278000.000000,-30542000.000000,-30542000.000000,-0.430000,-0.430000,-0.430000,268283000.000000,279312000.000000,268283000.000000,331850199.000000,-11.000000,-10.960000,-25902000.000000,-0.358000,1.000000,0.000000,,0.000000,0.000000,253861000.000000,261948500.000000,0.000000,253901000.000000,253901000.000000,0.000000,8821000.000000,8542000.000000,279000.000000,917000.000000,0.000000,862000.000000,0.000000,0.000000,595000.000000,26224000.000000,26224000.000000,-25902000.000000,0.000000,-30542000.000000,-30542000.000000,-30542000.000000,0.000000,0.000000,,36829000.000000,-36829000.000000,3098000.000000,0.000000,1.266000,-11.119000,-10.884000,530000.000000,0.000000,4.680000,,,0.000000,-138384000.000000,0.000000,0.000000,27050000.000000,-0.107000,-0.109000,-0.117000,,4361000.000000,9779000.000000,1.000000,72562863.000000,72356000.000000,72356000.000000,0.000000,277104000.000000,0.000000,0.000000,0.000000,3.830000
MRT,2020-06-30,2020-06-30,2020-06-30,2020-Q2,261565000.000000,523420390.000000,2025-04-28,333000.000000,271198000.000000,280670000.000000,270618000.000000,580000.000000,0.000000,3.614000,0.000000,18819000.000000,18819000.000000,0.000000,-32440000.000000,29.893000,0.035000,514000.000000,316000.000000,198000.000000,514000.000000,0.000000,268000.000000,0.000000,0.000000,0.000000,-32440000.000000,-32172000.000000,,-32172000.000000,-32440000.000000,-32440000.000000,-0.450000,-0.450000,-0.450000,261947000.000000,272710250.000000,261947000.000000,508719390.000000,-16.000000,-15.812000,-26109000.000000,-0.360000,1.000000,0.000000,,0.000000,0.000000,243840000.000000,255279500.000000,0.000000,244212000.000000,244212000.000000,0.000000,9251000.000000,9053000.000000,198000.000000,-333000.000000,0.000000,1006000.000000,0.000000,0.000000,751000.000000,25025000.000000,25025000.000000,-26109000.000000,0.000000,-32440000.000000,-32440000.000000,-32440000.000000,0.000000,0.000000,,37866000.000000,-37866000.000000,3209000.000000,0.000000,1.998000,-16.135000,-16.022000,462000.000000,0.000000,7.210000,,,0.000000,-147956000.000000,0.000000,0.000000,27497000.000000,-0.116000,-0.119000,-0.127000,,5088000.000000,10369000.000000,1.000000,72596448.000000,72487000.000000,72487000.000000,0.000000,271198000.000000,0.000000,0.000000,0.000000,3.741000
MRT,2020-09-30,2020-09-30,2020-09-30,2020-Q3,253419000.000000,423453550.000000,2025-04-28,-46000.000000,263623000.000000,274045250.000000,263134000.000000,489000.000000,0.000000,3.494000,0.000000,3899000.000000,3899000.000000,0.000000,-35997000.000000,27.085000,0.039000,438000.000000,323000.000000,115000.000000,438000.000000,0.000000,272000.000000,0.000000,0.000000,0.000000,-35997000.000000,-35725000.000000,,-35725000.000000,-35997000.000000,-35997000.000000,-0.500000,-0.500000,-0.500000,253793000.000000,265285500.000000,253793000.000000,405148550.000000,-11.000000,-11.341000,-28034000.000000,-0.386000,1.000000,0.000000,,0.000000,0.000000,250447000.000000,254470750.000000,0.000000,251434000.000000,251434000.000000,0.000000,9830000.000000,9715000.000000,115000.000000,-27082000.000000,0.000000,1071000.000000,0.000000,0.000000,715000.000000,237000.000000,237000.000000,-28034000.000000,0.000000,-35997000.000000,-35997000.000000,-35997000.000000,0.000000,0.000000,,40270000.000000,-40270000.000000,2756000.000000,0.000000,1.668000,-11.764000,-11.640000,392000.000000,0.000000,5.820000,,,0.000000,-157244000.000000,0.000000,0.000000,29334000.000000,-0.131000,-0.136000,-0.141000,,5752000.000000,10936000.000000,1.000000,72758342.000000,72643000.000000,72643000.000000,0.000000,263623000.000000,0.000000,0.000000,0.000000,3.629000
MRT,2020-12-31,2020-12-31,2020-12-31,2020-Q4,243975000.000000,410719602.000000,2025-04-28,-54000.000000,256502000.000000,267106750.000000,256104000.000000,398000.000000,0.000000,3.366000,0.000000,29146000.000000,29146000.000000,0.000000,-39495000.000000,21.115000,0.050000,359000.000000,330000.000000,29000.000000,359000.000000,0.000000,277000.000000,0.000000,0.000000,0.000000,-39495000.000000,-39218000.000000,,-39218000.000000,-39495000.000000,-39495000.000000,-0.540000,-0.540000,-0.540000,244344000.000000,257091750.000000,244344000.000000,407258602.000000,-10.000000,-10.384000,-21777000.000000,-0.300000,1.000000,0.000000,,0.000000,0.000000,215586000.000000,240933500.000000,0.000000,219269000.000000,219269000.000000,0.000000,12158000.000000,12129000.000000,29000.000000,20740000.000000,0.000000,1272000.000000,0.000000,0.000000,950000.000000,41567000.000000,41567000.000000,-21777000.000000,0.000000,-39495000.000000,-39495000.000000,-39495000.000000,0.000000,0.000000,,42662000.000000,-42662000.000000,3988000.000000,0.000000,1.681000,-10.399000,-10.426000,321000.000000,0.000000,5.630000,,,0.000000,-168192000.000000,0.000000,0.000000,31931000.000000,-0.148000,-0.154000,-0.164000,,5818000.000000,10731000.000000,1.000000,72951972.000000,72597000.000000,72597000.000000,0.000000,256502000.000000,0.000000,0.000000,0.000000,3.533000
MRT,2021-03-31,2021-03-31,2021-03-31,2021-Q1,236947000.000000,468891990.000000,2025-04-28,-104000.000000,250139000.000000,260365500.000000,249863000.000000,276000.000000,0.000000,3.172000,0.000000,16805000.000000,16805000.000000,0.000000,-43818000.000000,19.345000,0.054000,279000.000000,279000.000000,0.000000,279000.000000,0.000000,281000.000000,0.000000,0.000000,0.000000,-43818000.000000,-43537000.000000,,-43537000.000000,-43818000.000000,-43818000.000000,-0.600000,-0.600000,-0.600000,237223000.000000,249326750.000000,237223000.000000,440104990.000000,-10.000000,-10.109000,-28351000.000000,-0.379000,1.000000,0.000000,,0.000000,0.000000,220697000.000000,232642500.000000,0.000000,224874000.000000,224874000.000000,0.000000,12916000.000000,12916000.000000,0.000000,1545000.000000,0.000000,6776000.000000,0.000000,0.000000,6108000.000000,23788000.000000,23788000.000000,-28351000.000000,0.000000,-43818000.000000,-43818000.000000,-43818000.000000,0.000000,0.000000,,45943000.000000,-45943000.000000,4848000.000000,0.000000,1.977000,-10.701000,-10.542000,249000.000000,0.000000,6.325000,,,0.000000,-182202000.000000,0.000000,0.000000,35480000.000000,-0.168000,-0.176000,-0.188000,,5743000.000000,10463000.000000,1.000000,74133121.000000,74782000.000000,74782000.000000,0.000000,250139000.000000,0.000000,0.000000,0.000000,3.345000
MRT,2021-06-30,2021-06-30,2021-06-30,2021-Q2,224791000.000000,467820006.000000,2025-04-28,-189000.000000,237845000.000000,252027250.000000,237662000.000000,183000.000000,0.000000,2.888000,0.000000,8829000.000000,8829000.000000,0.000000,-49627000.000000,18.465000,0.057000,198000.000000,198000.000000,0.000000,198000.000000,0.000000,286000.000000,0.000000,0.000000,0.000000,-49627000.000000,-49341000.000000,,-49341000.000000,-49627000.000000,-49627000.000000,-0.670000,-0.670000,-0.670000,224974000.000000,240083500.000000,224974000.000000,451294006.000000,-9.000000,-9.146000,-35119000.000000,-0.451000,1.000000,0.000000,,0.000000,0.000000,216343000.000000,225768250.000000,0.000000,219429000.000000,219429000.000000,0.000000,12871000.000000,12871000.000000,0.000000,-9961000.000000,0.000000,8232000.000000,0.000000,0.000000,7590000.000000,17568000.000000,17568000.000000,-35119000.000000,0.000000,-49627000.000000,-49627000.000000,-49627000.000000,0.000000,0.000000,,50878000.000000,-50878000.000000,4210000.000000,0.000000,2.079000,-9.427000,-8.940000,176000.000000,0.000000,5.990000,,,0.000000,-197583000.000000,0.000000,0.000000,40504000.000000,-0.197000,-0.207000,-0.220000,,5585000.000000,10374000.000000,1.000000,78100168.000000,77897000.000000,77897000.000000,0.000000,237845000.000000,0.000000,0.000000,0.000000,3.053000
MRT,2021-09-30,2021-09-30,2021-09-30,2021-Q3,212932000.000000,491032032.000000,2025-04-28,-170000.000000,224474000.000000,242240000.000000,224285000.000000,189000.000000,0.000000,2.732000,0.000000,11264000.000000,11264000.000000,0.000000,-53582000.000000,19.756000,0.053000,115000.000000,115000.000000,0.000000,115000.000000,0.000000,291000.000000,0.000000,0.000000,0.000000,-53582000.000000,-53291000.000000,,-53291000.000000,-53582000.000000,-53582000.000000,-0.710000,-0.710000,-0.710000,213121000.000000,229915500.000000,213121000.000000,482401032.000000,-9.000000,-9.052000,-40722000.000000,-0.522000,1.000000,0.000000,,0.000000,0.000000,201972000.000000,213649500.000000,0.000000,204871000.000000,204871000.000000,0.000000,11353000.000000,11353000.000000,0.000000,7394000.000000,0.000000,8031000.000000,0.000000,0.000000,7297000.000000,40819000.000000,40819000.000000,-40722000.000000,0.000000,-53582000.000000,-53582000.000000,-53582000.000000,0.000000,0.000000,,54438000.000000,-54438000.000000,2852000.000000,0.000000,2.304000,-9.164000,-8.845000,101000.000000,0.000000,6.280000,,,0.000000,-210826000.000000,0.000000,0.000000,44183000.000000,-0.221000,-0.233000,-0.251000,,5709000.000000,10255000.000000,1.000000,78189814.000000,78009000.000000,78009000.000000,0.000000,224474000.000000,0.000000,0.000000,0.000000,2.878000
MRT,2021-12-31,2021-12-31,2021-12-31,2021-Q4,201750000.000000,359880489.000000,2025-04-28,-549000.000000,210662000.000000,230780000.000000,210528000.000000,134000.000000,0.000000,2.615000,0.000000,26404000.000000,26404000.000000,0.000000,-54990000.000000,23.984000,0.043000,29000.000000,29000.000000,0.000000,29000.000000,0.000000,296000.000000,0.000000,0.000000,0.000000,-54990000.000000,-54694000.000000,,-54694000.000000,-54990000.000000,-54990000.000000,-0.710000,-0.710000,-0.710000,201884000.000000,219300500.000000,201884000.000000,348731489.000000,-6.000000,-6.376000,-47586000.000000,-0.616000,1.000000,0.000000,,0.000000,0.000000,175509000.000000,203630250.000000,0.000000,175732000.000000,175732000.000000,0.000000,8778000.000000,8778000.000000,0.000000,-2746000.000000,0.000000,7587000.000000,0.000000,0.000000,6880000.000000,37960000.000000,37960000.000000,-47586000.000000,0.000000,-54990000.000000,-54990000.000000,-54990000.000000,0.000000,0.000000,,55682000.000000,-55682000.000000,1444000.000000,0.000000,1.783000,-6.544000,-6.479000,25000.000000,0.000000,4.600000,,,0.000000,-223182000.000000,0.000000,0.000000,44981000.000000,-0.238000,-0.251000,-0.270000,,6100000.000000,10701000.000000,1.000000,78234889.000000,77198000.000000,77198000.000000,0.000000,210662000.000000,0.000000,0.000000,0.000000,2.729000
MRT,2022-03-31,2022-03-31,2022-03-31,2022-Q1,182031000.000000,235088712.000000,2025-04-28,-1411000.000000,195028000.000000,217002250.000000,193299000.000000,1729000.000000,0.000000,2.355000,0.000000,12487000.000000,12487000.000000,0.000000,-57083000.000000,17.155000,0.070000,1640000.000000,150000.000000,1490000.000000,1640000.000000,0.000000,301000.000000,0.000000,0.000000,0.000000,-57083000.000000,-56782000.000000,,-56782000.000000,-57083000.000000,-57083000.000000,-0.740000,-0.740000,-0.740000,182270000.000000,205562250.000000,182270000.000000,208713712.000000,-4.000000,-3.676000,-47240000.000000,-0.610000,1.000000,0.000000,,0.000000,0.000000,172913000.000000,191684250.000000,0.000000,172445000.000000,172445000.000000,0.000000,12758000.000000,11268000.000000,1490000.000000,-4351000.000000,0.000000,-2584000.000000,0.000000,0.000000,-3317000.000000,46206000.000000,46206000.000000,-47240000.000000,0.000000,-57083000.000000,-57083000.000000,-57083000.000000,0.000000,0.000000,,57699000.000000,-57699000.000000,3119000.000000,0.000000,1.290000,-4.118000,-4.054000,1632000.000000,0.000000,3.000000,,,0.000000,-239285000.000000,0.000000,0.000000,46001000.000000,-0.263000,-0.278000,-0.298000,,6880000.000000,11698000.000000,1.000000,78362904.000000,77413000.000000,77413000.000000,0.000000,195028000.000000,0.000000,0.000000,0.000000,2.519000
MRT,2022-06-30,2022-06-30,2022-06-30,2022-Q2,164999000.000000,223610028.000000,2025-04-28,-1649000.000000,181508000.000000,202918000.000000,179863000.000000,1645000.000000,0.000000,2.150000,0.000000,16259000.000000,16259000.000000,0.000000,-59134000.000000,12.101000,0.099000,1652000.000000,238000.000000,1414000.000000,1652000.000000,0.000000,228000.000000,0.000000,0.000000,0.000000,-59134000.000000,-58906000.000000,,-58906000.000000,-59134000.000000,-59134000.000000,-0.770000,-0.770000,-0.770000,165230000.000000,190626250.000000,165230000.000000,212763028.000000,-4.000000,-3.612000,-47248000.000000,-0.615000,1.000000,0.000000,,0.000000,0.000000,152037000.000000,175607750.000000,0.000000,152691000.000000,152691000.000000,0.000000,16278000.000000,14864000.000000,1414000.000000,7573000.000000,0.000000,-6072000.000000,0.000000,0.000000,-6805000.000000,61626000.000000,61626000.000000,-47248000.000000,-176000.000000,-59134000.000000,-59134000.000000,-59134000.000000,0.000000,0.000000,,59789000.000000,-59789000.000000,6104000.000000,0.000000,1.353000,-3.781000,-3.753000,1560000.000000,0.000000,2.890000,,,0.000000,-256717000.000000,0.000000,0.000000,46739000.000000,-0.291000,-0.310000,-0.337000,,7609000.000000,13050000.000000,1.000000,77373712.000000,76842000.000000,76842000.000000,0.000000,181508000.000000,0.000000,0.000000,0.000000,2.362000
MRT,2022-09-30,2022-09-30,2022-09-30,2022-Q3,151085000.000000,208592660.000000,2025-04-28,-1761000.000000,166683000.000000,188470250.000000,165146000.000000,1537000.000000,0.000000,1.977000,0.000000,29441000.000000,29441000.000000,0.000000,-61664000.000000,11.745000,0.102000,1636000.000000,299000.000000,1337000.000000,1636000.000000,0.000000,295000.000000,0.000000,0.000000,0.000000,-61664000.000000,-61369000.000000,,-61369000.000000,-61664000.000000,-61664000.000000,-0.810000,-0.810000,-0.810000,151285000.000000,175167250.000000,151285000.000000,193985660.000000,-3.000000,-3.161000,-49821000.000000,-0.651000,1.000000,0.000000,,0.000000,0.000000,124817000.000000,156319000.000000,0.000000,125615000.000000,125615000.000000,0.000000,15398000.000000,14061000.000000,1337000.000000,18543000.000000,0.000000,-6067000.000000,0.000000,0.000000,-6539000.000000,74903000.000000,74903000.000000,-49821000.000000,-399000.000000,-61664000.000000,-61664000.000000,-61664000.000000,0.000000,0.000000,,62582000.000000,-62582000.000000,3142000.000000,0.000000,1.379000,-3.383000,-3.358000,1489000.000000,0.000000,2.720000,,,0.000000,-272490000.000000,0.000000,0.000000,47903000.000000,-0.327000,-0.352000,-0.394000,,7950000.000000,14679000.000000,1.000000,76688478.000000,76505000.000000,76505000.000000,0.000000,166683000.000000,0.000000,0.000000,0.000000,2.179000
MRT,2022-12-31,2022-12-31,2022-12-31,2022-Q4,145093000.000000,720871693.000000,2025-04-28,-1102000.000000,168529000.000000,177937000.000000,167040000.000000,1489000.000000,0.000000,1.891000,0.000000,36665000.000000,36665000.000000,0.000000,-68867000.000000,7.611000,0.160000,1564000.000000,304000.000000,1260000.000000,1564000.000000,0.000000,291000.000000,0.000000,0.000000,0.000000,-68867000.000000,-68576000.000000,,-68576000.000000,-68867000.000000,-68867000.000000,-0.900000,-0.900000,-0.900000,145322000.000000,161026750.000000,145322000.000000,693066693.000000,-10.000000,-10.107000,-48397000.000000,-0.630000,1.000000,0.000000,,0.000000,0.000000,111481000.000000,140312000.000000,0.000000,118853000.000000,118853000.000000,0.000000,23207000.000000,21947000.000000,1260000.000000,10519000.000000,0.000000,5696000.000000,0.000000,0.000000,4163000.000000,54753000.000000,54753000.000000,-48397000.000000,-258000.000000,-68867000.000000,-68867000.000000,-68867000.000000,0.000000,0.000000,,70355000.000000,-70355000.000000,8529000.000000,0.000000,4.961000,-10.468000,-10.444000,1418000.000000,0.000000,9.400000,,,0.000000,-292049000.000000,0.000000,0.000000,54234000.000000,-0.387000,-0.428000,-0.491000,,8673000.000000,16121000.000000,1.000000,76688478.000000,76834000.000000,76834000.000000,0.000000,168529000.000000,0.000000,0.000000,0.000000,2.193000
MRT,2023-03-31,2023-03-31,2023-03-31,2023-Q1,133819000.000000,1305668508.000000,2025-04-28,-618000.000000,150895000.000000,166903750.000000,149468000.000000,1427000.000000,0.000000,1.711000,0.000000,18395000.000000,18395000.000000,0.000000,-72295000.000000,9.551000,0.126000,1490000.000000,309000.000000,1181000.000000,1490000.000000,0.000000,286000.000000,0.000000,0.000000,0.000000,-72295000.000000,-72009000.000000,,-72009000.000000,-72295000.000000,-72295000.000000,-0.950000,-0.950000,-0.950000,134065000.000000,148975500.000000,134065000.000000,1270567508.000000,-18.000000,-17.645000,-62510000.000000,-0.798000,1.000000,0.000000,,0.000000,0.000000,118341000.000000,126669000.000000,0.000000,117302000.000000,117302000.000000,0.000000,16830000.000000,15649000.000000,1181000.000000,6175000.000000,0.000000,16101000.000000,0.000000,0.000000,13353000.000000,55332000.000000,55332000.000000,-62510000.000000,-267000.000000,-72295000.000000,-72295000.000000,-72295000.000000,0.000000,0.000000,,74647000.000000,-74647000.000000,3799000.000000,0.000000,9.739000,-18.060000,-17.526000,1346000.000000,0.000000,16.650000,,,0.000000,-311580000.000000,0.000000,0.000000,52687000.000000,-0.433000,-0.485000,-0.571000,,9885000.000000,21960000.000000,1.000000,78418529.000000,78352000.000000,78352000.000000,0.000000,150895000.000000,0.000000,0.000000,0.000000,1.926000
MRT,2023-06-30,2023-06-30,2023-06-30,2023-Q2,385893000.000000,1614219244.000000,2025-04-28,-1040000.000000,400693000.000000,221700000.000000,399371000.000000,1322000.000000,0.000000,3.900000,0.000000,69552000.000000,69552000.000000,0.000000,-74088000.000000,29.631000,0.038000,1414000.000000,314000.000000,1100000.000000,1414000.000000,0.000000,359000.000000,0.000000,0.000000,0.000000,-74088000.000000,-73729000.000000,,-73729000.000000,-74088000.000000,-74088000.000000,-0.910000,-0.910000,-0.910000,386115000.000000,204196750.000000,386115000.000000,1597314244.000000,-22.000000,-21.665000,-60503000.000000,-0.611000,1.000000,0.000000,,0.000000,0.000000,319077000.000000,168429000.000000,0.000000,323401000.000000,323401000.000000,0.000000,14578000.000000,13478000.000000,1100000.000000,53387000.000000,0.000000,290176000.000000,0.000000,0.000000,282021000.000000,-168131000.000000,-168131000.000000,-60503000.000000,-94000.000000,-74088000.000000,-74088000.000000,-74088000.000000,0.000000,0.000000,,80756000.000000,-80756000.000000,5611000.000000,0.000000,4.181000,-21.788000,-17.813000,1273000.000000,0.000000,16.210000,,,0.000000,-330805000.000000,0.000000,0.000000,53062000.000000,-0.334000,-0.363000,-0.440000,,12285000.000000,27694000.000000,1.000000,99581693.000000,99010000.000000,99010000.000000,0.000000,400693000.000000,0.000000,0.000000,0.000000,4.047000
MRT,2023-09-30,2023-09-30,2023-09-30,2023-Q3,367895000.000000,1107319126.000000,2025-04-28,-905000.000000,382663000.000000,275695000.000000,381300000.000000,1363000.000000,0.000000,3.688000,0.000000,37218000.000000,37218000.000000,0.000000,-80849000.000000,28.445000,0.039000,1337000.000000,319000.000000,1018000.000000,1337000.000000,0.000000,290000.000000,0.000000,0.000000,0.000000,-80849000.000000,-80559000.000000,,-80559000.000000,-80849000.000000,-80849000.000000,-0.930000,-0.930000,-0.930000,368240000.000000,258435500.000000,368240000.000000,1039181126.000000,-13.000000,-12.900000,-66662000.000000,-0.668000,1.000000,0.000000,,0.000000,0.000000,333377000.000000,220569000.000000,0.000000,339056000.000000,339056000.000000,0.000000,14423000.000000,13405000.000000,1018000.000000,7716000.000000,0.000000,290092000.000000,0.000000,0.000000,281937000.000000,-207559000.000000,-207559000.000000,-66662000.000000,61000.000000,-80849000.000000,-80849000.000000,-80849000.000000,0.000000,0.000000,,91825000.000000,-91825000.000000,5711000.000000,0.000000,3.007000,-13.696000,-11.903000,1200000.000000,0.000000,11.070000,,,0.000000,-353339000.000000,0.000000,0.000000,59482000.000000,-0.293000,-0.313000,-0.367000,,14826000.000000,32343000.000000,1.000000,100028828.000000,99846000.000000,99846000.000000,0.000000,382663000.000000,0.000000,0.000000,0.000000,3.833000
MRT,2023-12-31,2023-12-31,2023-12-31,2023-Q4,348090000.000000,1861538815.000000,2025-04-28,-389000.000000,368490000.000000,325685250.000000,367225000.000000,1265000.000000,0.000000,3.693000,0.000000,55549000.000000,55549000.000000,0.000000,-85895000.000000,19.191000,0.058000,1260000.000000,324000.000000,936000.000000,1260000.000000,0.000000,292000.000000,0.000000,0.000000,0.000000,-85895000.000000,-85603000.000000,,-85603000.000000,-85895000.000000,-85895000.000000,-0.910000,-0.910000,-0.910000,348419000.000000,309209750.000000,348419000.000000,1825657815.000000,-21.000000,-21.327000,-73376000.000000,-0.778000,1.000000,0.000000,,0.000000,0.000000,295066000.000000,266465250.000000,0.000000,306563000.000000,306563000.000000,0.000000,20071000.000000,19135000.000000,936000.000000,18914000.000000,0.000000,278497000.000000,0.000000,0.000000,271376000.000000,-179086000.000000,-179086000.000000,-73376000.000000,-30000.000000,-85895000.000000,-85895000.000000,-85895000.000000,0.000000,0.000000,,100827000.000000,-100827000.000000,7512000.000000,0.000000,5.343000,-21.672000,-20.451000,1126000.000000,0.000000,18.610000,,,0.000000,-377944000.000000,0.000000,0.000000,63806000.000000,-0.264000,-0.278000,-0.322000,,16750000.000000,37021000.000000,1.000000,100028953.000000,94347000.000000,94347000.000000,0.000000,368490000.000000,0.000000,0.000000,0.000000,3.906000
MRT,2024-03-31,2024-03-31,2024-03-31,2024-Q1,933561000.000000,8240043798.000000,2025-04-28,-1599000.000000,967518000.000000,529841000.000000,966335000.000000,1183000.000000,0.000000,9.027000,0.000000,195612000.000000,195612000.000000,0.000000,-93720000.000000,29.485000,0.036000,1181000.000000,329000.000000,852000.000000,1181000.000000,0.000000,294000.000000,0.000000,0.000000,0.000000,-93720000.000000,-93426000.000000,,-93426000.000000,-93720000.000000,-93720000.000000,-0.930000,-0.930000,-0.930000,933892000.000000,509166500.000000,933892000.000000,8185754798.000000,-87.000000,-87.618000,-54867000.000000,-0.530000,1.000000,0.000000,,0.000000,0.000000,740313000.000000,421958250.000000,0.000000,767397000.000000,767397000.000000,0.000000,33626000.000000,32774000.000000,852000.000000,177286000.000000,0.000000,920737000.000000,0.000000,0.000000,873229000.000000,-641076000.000000,-641076000.000000,-54867000.000000,-69000.000000,-93720000.000000,-93720000.000000,-93720000.000000,0.000000,0.000000,,114363000.000000,-114363000.000000,5225000.000000,0.000000,8.823000,-87.922000,-88.172000,1052000.000000,0.000000,82.000000,,,0.000000,-405299000.000000,0.000000,0.000000,76901000.000000,-0.177000,-0.184000,-0.222000,,21162000.000000,37462000.000000,1.000000,100488339.000000,103457000.000000,103457000.000000,0.000000,967518000.000000,0.000000,0.000000,0.000000,9.352000
MRT,2024-06-30,2024-06-30,2024-06-30,2024-Q2,920631000.000000,5845317812.000000,2025-04-28,-2272000.000000,946839000.000000,666377500.000000,945724000.000000,1115000.000000,0.000000,8.343000,0.000000,43948000.000000,43948000.000000,0.000000,-96745000.000000,37.689000,0.028000,1100000.000000,334000.000000,766000.000000,1100000.000000,0.000000,296000.000000,0.000000,0.000000,0.000000,-96745000.000000,-96449000.000000,,-96449000.000000,-96745000.000000,-96745000.000000,-0.940000,-0.940000,-0.940000,920980000.000000,642882750.000000,920980000.000000,5650886812.000000,-58.000000,-58.589000,-71945000.000000,-0.652000,1.000000,0.000000,,0.000000,0.000000,878898000.000000,561913500.000000,0.000000,898348000.000000,898348000.000000,0.000000,25859000.000000,25093000.000000,766000.000000,-25541000.000000,0.000000,651157000.000000,0.000000,0.000000,609056000.000000,-562652000.000000,-562652000.000000,-71945000.000000,-63000.000000,-96745000.000000,-96745000.000000,-96745000.000000,0.000000,0.000000,,124677000.000000,-124677000.000000,11090000.000000,0.000000,6.347000,-60.420000,-56.394000,977000.000000,0.000000,53.010000,,,0.000000,-427550000.000000,0.000000,0.000000,86753000.000000,-0.145000,-0.150000,-0.172000,,23624000.000000,37924000.000000,1.000000,110268210.000000,110390000.000000,110390000.000000,0.000000,946839000.000000,0.000000,0.000000,0.000000,8.577000
MRT,2024-09-30,2024-09-30,2024-09-30,2024-Q3,910964000.000000,7014507422.000000,2025-04-28,1632000.000000,937888000.000000,805183750.000000,936649000.000000,1239000.000000,0.000000,8.218000,0.000000,50393000.000000,50393000.000000,0.000000,-99151000.000000,36.467000,0.029000,1235000.000000,480000.000000,755000.000000,1235000.000000,0.000000,310000.000000,0.000000,0.000000,0.000000,-99151000.000000,-98841000.000000,,-98841000.000000,-99151000.000000,-99151000.000000,-0.930000,-0.930000,-0.930000,911448000.000000,778684750.000000,911448000.000000,6971659422.000000,-70.000000,-70.534000,-74249000.000000,-0.669000,1.000000,0.000000,,0.000000,0.000000,863045000.000000,694330500.000000,0.000000,880093000.000000,880093000.000000,0.000000,26440000.000000,25685000.000000,755000.000000,13186000.000000,0.000000,653753000.000000,0.000000,0.000000,611652000.000000,-524217000.000000,-524217000.000000,-74249000.000000,-24000.000000,-99151000.000000,-99151000.000000,-99151000.000000,0.000000,0.000000,,133968000.000000,-133968000.000000,254000.000000,0.000000,7.696000,-70.746000,-68.075000,1113000.000000,0.000000,63.310000,,,0.000000,-452490000.000000,0.000000,0.000000,91159000.000000,-0.123000,-0.127000,-0.143000,,28125000.000000,42809000.000000,1.000000,110796200.000000,110911000.000000,110911000.000000,0.000000,937888000.000000,0.000000,0.000000,0.000000,8.456000
MRT,2024-12-31,2024-12-31,2024-12-31,2024-Q4,879803000.000000,4484200092.000000,2025-04-28,-788000.000000,908321000.000000,940141500.000000,907216000.000000,1105000.000000,0.000000,8.073000,0.000000,26722000.000000,26722000.000000,0.000000,-109963000.000000,33.094000,0.032000,1119000.000000,489000.000000,630000.000000,1119000.000000,0.000000,346000.000000,0.000000,0.000000,0.000000,-109963000.000000,-109617000.000000,,-109617000.000000,-109963000.000000,-109963000.000000,-1.010000,-1.010000,-1.010000,880278000.000000,911649500.000000,880278000.000000,4435042092.000000,-40.000000,-40.459000,-87790000.000000,-0.805000,1.000000,0.000000,,0.000000,0.000000,855305000.000000,834390250.000000,0.000000,875936000.000000,875936000.000000,0.000000,28043000.000000,27413000.000000,630000.000000,-28692000.000000,0.000000,654565000.000000,0.000000,0.000000,612464000.000000,-553366000.000000,-553366000.000000,-87790000.000000,-148000.000000,-109963000.000000,-109963000.000000,-109963000.000000,0.000000,0.000000,,150921000.000000,-150921000.000000,9813000.000000,0.000000,5.094000,-40.779000,-39.842000,1003000.000000,0.000000,40.240000,,,0.000000,-487907000.000000,0.000000,0.000000,101644000.000000,-0.117000,-0.121000,-0.132000,,29712000.000000,49277000.000000,1.000000,111436384.000000,109037000.000000,109037000.000000,0.000000,908321000.000000,0.000000,0.000000,0.000000,8.330000
MRT,2025-03-31,2025-03-31,2025-03-31,2025-Q1,846450000.000000,2710784587.000000,2025-04-28,-216000.000000,866993000.000000,915010250.000000,866023000.000000,970000.000000,0.000000,7.557000,0.000000,37986000.000000,37986000.000000,0.000000,-128236000.000000,44.246000,0.024000,1000000.000000,498000.000000,502000.000000,1000000.000000,0.000000,383000.000000,0.000000,0.000000,0.000000,-128236000.000000,-127853000.000000,,-127853000.000000,-128236000.000000,-128236000.000000,-1.150000,-1.150000,-1.150000,846918000.000000,889906000.000000,846918000.000000,2685181587.000000,-21.000000,-21.002000,-133987000.000000,-1.196000,1.000000,0.000000,,0.000000,0.000000,810434000.000000,851920500.000000,0.000000,813918000.000000,813918000.000000,0.000000,20075000.000000,19573000.000000,502000.000000,-157540000.000000,0.000000,6776000.000000,0.000000,0.000000,6776000.000000,-30329000.000000,-30329000.000000,-133987000.000000,-99000.000000,-128236000.000000,-128236000.000000,-128236000.000000,0.000000,0.000000,,172317000.000000,-172317000.000000,7702000.000000,0.000000,3.201000,-21.139000,-21.000000,892000.000000,0.000000,24.150000,,,0.000000,-533536000.000000,0.000000,0.000000,118932000.000000,-0.140000,-0.144000,-0.151000,,33079000.000000,53385000.000000,1.000000,112247809.000000,112069000.000000,112069000.000000,0.000000,866993000.000000,0.000000,0.000000,0.000000,7.736000
MRY,2013-12-31,2013-12-31,2013-12-31,2013-FY,52127.000000,,2025-04-28,0.000000,180394.000000,,179619.000000,775.000000,,-0.123000,0.000000,180394.000000,180394.000000,0.000000,-146247.000000,1.409000,-1.720000,278745.000000,46894.000000,231851.000000,278745.000000,0.000000,0.000000,0.000000,,0.000000,-140090.000000,-140090.000000,,-140090.000000,-140090.000000,-146247.000000,-0.070000,-0.070000,-0.070000,-250604.000000,,-250604.000000,,,,-78235.000000,-0.038000,1.000000,0.000000,,0.000000,6157.000000,151253.000000,,0.000000,0.000000,0.000000,0.000000,430998.000000,127492.000000,303506.000000,179619.000000,0.000000,-2496.000000,260350.000000,0.000000,257854.000000,0.000000,0.000000,-78235.000000,0.000000,-146247.000000,-146247.000000,-146247.000000,0.000000,0.000000,,101076.000000,-101076.000000,74091.000000,0.000000,,,,0.000000,0.000000,,,,0.000000,-257274.000000,0.000000,0.000000,11613.000000,,,,,3554.000000,89463.000000,1.000000,,2043295.000000,2043295.000000,0.000000,180394.000000,0.000000,0.000000,0.000000,0.088000
MRY,2014-12-31,2014-12-31,2014-12-31,2014-FY,-21743398.000000,,2025-04-28,0.000000,3043134.000000,1611764.000000,773684.000000,2269450.000000,0.000000,-5.285000,0.000000,756632.000000,756632.000000,0.000000,-21884183.000000,0.034000,-1.138000,1568388.000000,304274.000000,1264114.000000,1568388.000000,0.000000,0.000000,0.000000,,0.000000,-21813468.000000,-21813468.000000,,-21813468.000000,-21813468.000000,-21884183.000000,-5.230000,-5.230000,-5.230000,-22128531.000000,-11189568.000000,-22128531.000000,,,,-1591423.000000,-0.380000,1.000000,0.000000,,0.000000,70715.000000,-18662192.000000,-9255470.000000,0.000000,0.000000,0.000000,0.000000,25171665.000000,22517082.000000,2654583.000000,576238.000000,0.000000,-2.000000,2500000.000000,0.000000,2167661.000000,0.000000,0.000000,-1591423.000000,0.000000,-21884183.000000,-21884183.000000,-21884183.000000,0.000000,0.000000,,23467983.000000,-23467983.000000,1830724.000000,0.000000,,,,0.000000,0.000000,,,,0.000000,-22141457.000000,0.000000,0.000000,22223073.000000,-13.578000,1.956000,2.357000,,6258.000000,1244910.000000,1.000000,8654329.000000,4187415.000000,4187415.000000,0.000000,3043134.000000,0.000000,0.000000,0.000000,0.727000
MRY,2015-12-31,2015-12-31,2015-12-31,2015-FY,13224836.000000,33003044.000000,2025-04-28,-7370.000000,15439103.000000,14872581.000000,15201648.000000,237455.000000,0.000000,1.373000,0.000000,848550.000000,848550.000000,0.000000,-23403988.000000,7.690000,0.770000,2151540.000000,0.000000,2151540.000000,2151540.000000,0.000000,0.000000,0.000000,0.000000,0.000000,-23315306.000000,-23315306.000000,,-23315306.000000,-23315306.000000,-23403988.000000,-3.680000,-3.680000,-3.680000,8724998.000000,2887511.000000,8724998.000000,32773953.000000,-1.000000,-1.406000,-8731494.000000,-1.374000,1.000000,0.000000,,0.000000,88682.000000,14765281.000000,3466675.000000,0.000000,13335499.000000,13335499.000000,0.000000,6714105.000000,1976812.000000,4737293.000000,12693.000000,0.000000,25415103.000000,0.000000,0.000000,22214229.000000,-13470042.000000,-13470042.000000,-8731494.000000,0.000000,-23403988.000000,-23403988.000000,-23403988.000000,0.000000,0.000000,,11996478.000000,-11996478.000000,592414.000000,0.000000,3.783000,-1.410000,-0.927000,0.000000,0.000000,3.410000,,,0.000000,-45545445.000000,0.000000,0.000000,6966842.000000,-1.574000,-8.105000,-6.726000,,2601448.000000,5029636.000000,1.000000,9678312.000000,6355869.000000,6355869.000000,0.000000,15439103.000000,0.000000,0.000000,0.000000,2.429000
MRY,2016-12-31,2016-12-31,2016-12-31,2016-FY,7498295.000000,24002614.000000,2025-04-28,-6892.000000,14535708.000000,15539828.000000,13974829.000000,560879.000000,0.000000,0.494000,0.000000,3114843.000000,3114843.000000,0.000000,-14731822.000000,2.158000,0.807000,3269582.000000,3269582.000000,0.000000,3269582.000000,0.000000,0.000000,0.000000,0.000000,0.000000,-14709894.000000,-14709894.000000,,-14709894.000000,-14709894.000000,-14731822.000000,-0.900000,-0.900000,-0.900000,8042867.000000,9204400.000000,8042867.000000,23693857.000000,-2.000000,-1.611000,-11071263.000000,-0.680000,1.000000,0.000000,,0.000000,21928.000000,8213913.000000,9509476.000000,0.000000,10075058.000000,10075058.000000,0.000000,6492841.000000,6476534.000000,16307.000000,2306952.000000,0.000000,11570577.000000,-94861.000000,0.000000,10348450.000000,3029765.000000,3029765.000000,-11071263.000000,0.000000,-14731822.000000,-14731822.000000,-14731822.000000,0.000000,0.000000,,13847275.000000,-13847275.000000,1203888.000000,0.000000,2.984000,-1.629000,-1.322000,0.000000,0.000000,1.190000,,,0.000000,-60277267.000000,0.000000,0.000000,9000499.000000,-0.948000,-1.601000,-1.547000,,1794327.000000,4846776.000000,1.000000,20170264.000000,16278292.000000,16278292.000000,0.000000,14535708.000000,0.000000,0.000000,0.000000,0.893000
MRY,2017-12-31,2017-12-31,2017-12-31,2017-FY,13194000.000000,115705319.000000,2025-04-28,-20000.000000,22121000.000000,15858490.000000,21851000.000000,270000.000000,0.000000,0.518000,0.000000,8988000.000000,8988000.000000,0.000000,-20578000.000000,2.524000,0.643000,3451000.000000,3451000.000000,0.000000,3451000.000000,0.000000,0.000000,0.000000,0.000000,0.000000,-20578000.000000,-20578000.000000,,-20578000.000000,-20578000.000000,-20578000.000000,-0.790000,-0.790000,-0.790000,13464000.000000,7455982.000000,13464000.000000,116278326.000000,-6.000000,-5.651000,-14758000.000000,-0.568000,1.000000,0.000000,,0.000000,0.000000,7927000.000000,7005605.000000,0.000000,11587000.000000,11587000.000000,0.000000,8657000.000000,8657000.000000,0.000000,5912000.000000,0.000000,22999000.000000,-77000.000000,0.000000,22400000.000000,-1730000.000000,-1730000.000000,-14758000.000000,0.000000,-20578000.000000,-20578000.000000,-20578000.000000,0.000000,0.000000,,19070000.000000,-19070000.000000,1529000.000000,0.000000,8.594000,-5.623000,-5.139000,0.000000,0.000000,4.060000,,,0.000000,-80855000.000000,0.000000,0.000000,13741000.000000,-1.298000,-2.760000,-2.937000,,1451000.000000,5329000.000000,1.000000,28498847.000000,25978000.000000,25978000.000000,0.000000,22121000.000000,0.000000,0.000000,0.000000,0.852000
MRY,2018-12-31,2018-12-31,2018-12-31,2018-FY,297583000.000000,546667906.000000,2025-04-28,-423000.000000,302312000.000000,208136750.000000,302133000.000000,179000.000000,0.000000,5.171000,0.000000,24808000.000000,24808000.000000,0.000000,-22063000.000000,66.403000,0.015000,0.000000,0.000000,0.000000,0.000000,0.000000,0.000000,0.000000,0.000000,0.000000,-22063000.000000,-22063000.000000,,-22063000.000000,-22063000.000000,-22063000.000000,-0.380000,-0.380000,-0.380000,297750000.000000,203199500.000000,297750000.000000,377161906.000000,-17.000000,-17.095000,-18755000.000000,-0.326000,1.000000,0.000000,,0.000000,0.000000,272954000.000000,137812750.000000,0.000000,276741000.000000,276741000.000000,0.000000,4562000.000000,4550000.000000,12000.000000,15791000.000000,0.000000,305000000.000000,-3833000.000000,0.000000,300275000.000000,-265729000.000000,-265729000.000000,-18755000.000000,0.000000,-22063000.000000,-22063000.000000,-22063000.000000,0.000000,0.000000,,26161000.000000,-26161000.000000,959000.000000,0.000000,1.836000,-24.778000,-20.132000,0.000000,0.000000,7.650000,,,0.000000,-102918000.000000,0.000000,0.000000,19040000.000000,-0.106000,-0.109000,-0.160000,,2608000.000000,7121000.000000,1.000000,71459857.000000,57580000.000000,57580000.000000,0.000000,302312000.000000,0.000000,0.000000,0.000000,5.250000
MRY,2019-12-31,2019-12-31,2019-12-31,2019-FY,276724000.000000,579553398.000000,2025-04-28,12000.000000,284256000.000000,292237750.000000,283501000.000000,755000.000000,0.000000,3.851000,0.000000,8406000.000000,8406000.000000,0.000000,-25779000.000000,41.833000,0.026000,662000.000000,302000.000000,360000.000000,662000.000000,0.000000,260000.000000,0.000000,0.000000,0.000000,-25779000.000000,-25519000.000000,,-25519000.000000,-25779000.000000,-25779000.000000,-0.360000,-0.360000,-0.360000,277119000.000000,285884750.000000,277119000.000000,549305398.000000,-21.000000,-21.525000,-24752000.000000,-0.344000,1.000000,0.000000,,0.000000,0.000000,269735000.000000,268898000.000000,0.000000,267261000.000000,267261000.000000,0.000000,7137000.000000,6777000.000000,360000.000000,-16402000.000000,0.000000,1111000.000000,0.000000,0.000000,887000.000000,7463000.000000,7463000.000000,-24752000.000000,0.000000,-25779000.000000,-25779000.000000,-25779000.000000,0.000000,0.000000,,32687000.000000,-32687000.000000,2431000.000000,0.000000,2.091000,-22.482000,-22.278000,598000.000000,0.000000,8.020000,,,0.000000,-128697000.000000,0.000000,0.000000,23559000.000000,-0.088000,-0.090000,-0.096000,,3743000.000000,9128000.000000,1.000000,72263516.000000,71959000.000000,71959000.000000,0.000000,284256000.000000,0.000000,0.000000,0.000000,3.950000
MRY,2020-12-31,2020-12-31,2020-12-31,2020-FY,243975000.000000,410719602.000000,2025-04-28,-54000.000000,256502000.000000,267106750.000000,256104000.000000,398000.000000,0.000000,3.366000,0.000000,29146000.000000,29146000.000000,0.000000,-39495000.000000,21.115000,0.050000,359000.000000,330000.000000,29000.000000,359000.000000,0.000000,277000.000000,0.000000,0.000000,0.000000,-39495000.000000,-39218000.000000,,-39218000.000000,-39495000.000000,-39495000.000000,-0.540000,-0.540000,-0.540000,244344000.000000,257091750.000000,244344000.000000,407258602.000000,-10.000000,-10.384000,-21777000.000000,-0.300000,1.000000,0.000000,,0.000000,0.000000,215586000.000000,240933500.000000,0.000000,219269000.000000,219269000.000000,0.000000,12158000.000000,12129000.000000,29000.000000,20740000.000000,0.000000,1272000.000000,0.000000,0.000000,950000.000000,41567000.000000,41567000.000000,-21777000.000000,0.000000,-39495000.000000,-39495000.000000,-39495000.000000,0.000000,0.000000,,42662000.000000,-42662000.000000,3988000.000000,0.000000,1.681000,-10.399000,-10.426000,321000.000000,0.000000,5.630000,,,0.000000,-168192000.000000,0.000000,0.000000,31931000.000000,-0.148000,-0.154000,-0.164000,,5818000.000000,10731000.000000,1.000000,72951972.000000,72597000.000000,72597000.000000,0.000000,256502000.000000,0.000000,0.000000,0.000000,3.533000
MRY,2021-12-31,2021-12-31,2021-12-31,2021-FY,201750000.000000,359880489.000000,2025-04-28,-549000.000000,210662000.000000,230780000.000000,210528000.000000,134000.000000,0.000000,2.615000,0.000000,26404000.000000,26404000.000000,0.000000,-54990000.000000,23.984000,0.043000,29000.000000,29000.000000,0.000000,29000.000000,0.000000,296000.000000,0.000000,0.000000,0.000000,-54990000.000000,-54694000.000000,,-54694000.000000,-54990000.000000,-54990000.000000,-0.710000,-0.710000,-0.710000,201884000.000000,219300500.000000,201884000.000000,348731489.000000,-6.000000,-6.376000,-47586000.000000,-0.616000,1.000000,0.000000,,0.000000,0.000000,175509000.000000,203630250.000000,0.000000,175732000.000000,175732000.000000,0.000000,8778000.000000,8778000.000000,0.000000,-2746000.000000,0.000000,7587000.000000,0.000000,0.000000,6880000.000000,37960000.000000,37960000.000000,-47586000.000000,0.000000,-54990000.000000,-54990000.000000,-54990000.000000,0.000000,0.000000,,55682000.000000,-55682000.000000,1444000.000000,0.000000,1.783000,-6.544000,-6.479000,25000.000000,0.000000,4.600000,,,0.000000,-223182000.000000,0.000000,0.000000,44981000.000000,-0.238000,-0.251000,-0.270000,,6100000.000000,10701000.000000,1.000000,78234889.000000,77198000.000000,77198000.000000,0.000000,210662000.000000,0.000000,0.000000,0.000000,2.729000
MRY,2022-12-31,2022-12-31,2022-12-31,2022-FY,145093000.000000,720871693.000000,2025-04-28,-1102000.000000,168529000.000000,177937000.000000,167040000.000000,1489000.000000,0.000000,1.891000,0.000000,36665000.000000,36665000.000000,0.000000,-68867000.000000,7.611000,0.160000,1564000.000000,304000.000000,1260000.000000,1564000.000000,0.000000,291000.000000,0.000000,0.000000,0.000000,-68867000.000000,-68576000.000000,,-68576000.000000,-68867000.000000,-68867000.000000,-0.900000,-0.900000,-0.900000,145322000.000000,161026750.000000,145322000.000000,693066693.000000,-10.000000,-10.107000,-48397000.000000,-0.630000,1.000000,0.000000,,0.000000,0.000000,111481000.000000,140312000.000000,0.000000,118853000.000000,118853000.000000,0.000000,23207000.000000,21947000.000000,1260000.000000,10519000.000000,0.000000,5696000.000000,0.000000,0.000000,4163000.000000,54753000.000000,54753000.000000,-48397000.000000,-258000.000000,-68867000.000000,-68867000.000000,-68867000.000000,0.000000,0.000000,,70355000.000000,-70355000.000000,8529000.000000,0.000000,4.961000,-10.468000,-10.444000,1418000.000000,0.000000,9.400000,,,0.000000,-292049000.000000,0.000000,0.000000,54234000.000000,-0.387000,-0.428000,-0.491000,,8673000.000000,16121000.000000,1.000000,76688478.000000,76834000.000000,76834000.000000,0.000000,168529000.000000,0.000000,0.000000,0.000000,2.193000
MRY,2023-12-31,2023-12-31,2023-12-31,2023-FY,348090000.000000,1861538815.000000,2025-04-28,-389000.000000,368490000.000000,325685250.000000,367225000.000000,1265000.000000,0.000000,3.693000,0.000000,55549000.000000,55549000.000000,0.000000,-85895000.000000,19.191000,0.058000,1260000.000000,324000.000000,936000.000000,1260000.000000,0.000000,292000.000000,0.000000,0.000000,0.000000,-85895000.000000,-85603000.000000,,-85603000.000000,-85895000.000000,-85895000.000000,-0.910000,-0.910000,-0.910000,348419000.000000,309209750.000000,348419000.000000,1825657815.000000,-21.000000,-21.327000,-73376000.000000,-0.778000,1.000000,0.000000,,0.000000,0.000000,295066000.000000,266465250.000000,0.000000,306563000.000000,306563000.000000,0.000000,20071000.000000,19135000.000000,936000.000000,18914000.000000,0.000000,278497000.000000,0.000000,0.000000,271376000.000000,-179086000.000000,-179086000.000000,-73376000.000000,-30000.000000,-85895000.000000,-85895000.000000,-85895000.000000,0.000000,0.000000,,100827000.000000,-100827000.000000,7512000.000000,0.000000,5.343000,-21.672000,-20.451000,1126000.000000,0.000000,18.610000,,,0.000000,-377944000.000000,0.000000,0.000000,63806000.000000,-0.264000,-0.278000,-0.322000,,16750000.000000,37021000.000000,1.000000,100028953.000000,94347000.000000,94347000.000000,0.000000,368490000.000000,0.000000,0.000000,0.000000,3.906000
MRY,2024-12-31,2024-12-31,2024-12-31,2024-FY,879803000.000000,4484200092.000000,2025-04-28,-788000.000000,908321000.000000,940141500.000000,907216000.000000,1105000.000000,0.000000,8.073000,0.000000,26722000.000000,26722000.000000,0.000000,-109963000.000000,33.094000,0.032000,1119000.000000,489000.000000,630000.000000,1119000.000000,0.000000,346000.000000,0.000000,0.000000,0.000000,-109963000.000000,-109617000.000000,,-109617000.000000,-109963000.000000,-109963000.000000,-1.010000,-1.010000,-1.010000,880278000.000000,911649500.000000,880278000.000000,4435042092.000000,-40.000000,-40.459000,-87790000.000000,-0.805000,1.000000,0.000000,,0.000000,0.000000,855305000.000000,834390250.000000,0.000000,875936000.000000,875936000.000000,0.000000,28043000.000000,27413000.000000,630000.000000,-28692000.000000,0.000000,654565000.000000,0.000000,0.000000,612464000.000000,-553366000.000000,-553366000.000000,-87790000.000000,-148000.000000,-109963000.000000,-109963000.000000,-109963000.000000,0.000000,0.000000,,150921000.000000,-150921000.000000,9813000.000000,0.000000,5.094000,-40.779000,-39.842000,1003000.000000,0.000000,40.240000,,,0.000000,-487907000.000000,0.000000,0.000000,101644000.000000,-0.117000,-0.121000,-0.132000,,29712000.000000,49277000.000000,1.000000,111436384.000000,109037000.000000,109037000.000000,0.000000,908321000.000000,0.000000,0.000000,0.000000,8.330000
