dimension,calendardate,datekey,reportperiod,fiscalperiod,workingcapital,marketcap,lastupdated,accoci,assets,assetsavg,assetsc,assetsnc,assetturnover,bvps,capex,cashneq,cashnequsd,cor,consolinc,currentratio,de,debt,debtc,debtnc,debtusd,deferredrev,depamor,deposits,divyield,dps,ebit,ebitda,ebitdamargin,ebitdausd,ebitusd,ebt,eps,epsdil,epsusd,equity,equityavg,equityusd,ev,evebit,evebitda,fcf,fcfps,fxusd,gp,grossmargin,intangibles,intexp,invcap,invcapavg,inventory,investments,investmentsc,investmentsnc,liabilities,liabilitiesc,liabilitiesnc,ncf,ncfbus,ncfcommon,ncfdebt,ncfdiv,ncff,ncfi,ncfinv,ncfo,ncfx,netinc,netinccmn,netinccmnusd,netincdis,netincnci,netmargin,opex,opinc,payables,payoutratio,pb,pe,pe1,ppnenet,prefdivis,price,ps,ps1,receivables,retearn,revenue,revenueusd,rnd,roa,roe,roic,ros,sbcomp,sgna,sharefactor,sharesbas,shareswa,shareswadil,sps,tangibles,taxassets,taxexp,taxliabilities,tbvps
ARQ,2018-12-31,2019-03-22,2019-01-31,2019-Q4,124378000.000000,,2025-05-23,-135000.000000,354565000.000000,,276719000.000000,77846000.000000,,-0.088000,,63624000.000000,63624000.000000,,,1.816000,-27.215000,0.000000,0.000000,0.000000,0.000000,125773000.000000,,0.000000,,0.000000,,,,,,,,,,-7439000.000000,,-7439000.000000,,,,,,1.000000,,,0.000000,,138600000.000000,,0.000000,112777000.000000,112777000.000000,0.000000,202452000.000000,152341000.000000,50111000.000000,,,,,,,,,,,,,,,,,,,4963000.000000,,,,,37275000.000000,,,,,63613000.000000,-25153000.000000,,,,,,,,,,1.000000,256576638.000000,84483094.000000,,,354565000.000000,0.000000,,0.000000,4.197000
ARQ,2018-12-31,2019-04-16,2019-01-31,2019-Q4,124378000.000000,,2025-05-23,-135000.000000,354565000.000000,,276719000.000000,77846000.000000,,-0.088000,,63624000.000000,63624000.000000,,,1.816000,-27.215000,0.000000,0.000000,0.000000,0.000000,125773000.000000,,0.000000,,0.000000,,,,,,,,,,-7439000.000000,,-7439000.000000,,,,,,1.000000,,,0.000000,,138600000.000000,,0.000000,112777000.000000,112777000.000000,0.000000,202452000.000000,152341000.000000,50111000.000000,,,,,,,,,,,,,,,,,,,4963000.000000,,,,,37275000.000000,,,,,63613000.000000,-25153000.000000,,,,,,,,,,1.000000,256576638.000000,84483094.000000,,,354565000.000000,0.000000,,0.000000,4.197000
ARQ,2019-03-31,2019-06-07,2019-04-30,2020-Q1,671915000.000000,25624156779.000000,2025-05-23,8000.000000,999052000.000000,,866340000.000000,132712000.000000,,6.560000,-6897000.000000,629793000.000000,629793000.000000,24104000.000000,2214000.000000,4.456000,0.388000,46056000.000000,0.000000,46056000.000000,46056000.000000,149330000.000000,4857000.000000,0.000000,0.000000,0.000000,2530000.000000,7387000.000000,0.061000,7387000.000000,2530000.000000,2530000.000000,0.000000,0.000000,0.000000,719728000.000000,,719728000.000000,25040419779.000000,,,15339000.000000,0.140000,1.000000,97884000.000000,0.802000,0.000000,0.000000,220890000.000000,,0.000000,107389000.000000,107389000.000000,0.000000,279324000.000000,194425000.000000,84899000.000000,566169000.000000,0.000000,545252000.000000,0.000000,0.000000,545252000.000000,-1319000.000000,5578000.000000,22236000.000000,0.000000,2214000.000000,198000.000000,198000.000000,0.000000,0.000000,0.002000,96327000.000000,1557000.000000,9678000.000000,,35.603000,,,90681000.000000,2016000.000000,94.050000,,,78888000.000000,-22939000.000000,121988000.000000,121988000.000000,13783000.000000,,,,,6662000.000000,82544000.000000,1.000000,272452491.000000,109708898.000000,136428379.000000,1.112000,999052000.000000,0.000000,316000.000000,0.000000,9.106000
ARQ,2019-06-30,2019-09-13,2019-07-31,2020-Q2,687063000.000000,21569567867.000000,2025-05-23,-68000.000000,1069923000.000000,,916059000.000000,153864000.000000,,2.736000,-14040000.000000,213886000.000000,213886000.000000,27900000.000000,5541000.000000,4.000000,0.438000,48104000.000000,0.000000,48104000.000000,48104000.000000,181407000.000000,5433000.000000,0.000000,0.000000,0.000000,6757000.000000,12190000.000000,0.084000,12190000.000000,6757000.000000,6757000.000000,0.020000,0.020000,0.020000,743796000.000000,,743796000.000000,21403785867.000000,,,17132000.000000,0.063000,1.000000,117926000.000000,0.809000,0.000000,0.000000,675145000.000000,,0.000000,541380000.000000,541380000.000000,0.000000,326127000.000000,228996000.000000,97131000.000000,-416107000.000000,0.000000,-114000.000000,0.000000,0.000000,-114000.000000,-447165000.000000,-433125000.000000,31172000.000000,0.000000,5541000.000000,5521000.000000,5521000.000000,0.000000,0.000000,0.038000,115661000.000000,2265000.000000,819000.000000,0.000000,28.999000,,,103113000.000000,20000.000000,78.850000,,,95682000.000000,-17398000.000000,145826000.000000,145826000.000000,15054000.000000,,,,,18075000.000000,100607000.000000,1.000000,273551907.000000,271813141.000000,292185665.000000,0.536000,1069923000.000000,0.000000,1216000.000000,0.000000,3.936000
ARQ,2019-09-30,2019-12-09,2019-10-31,2020-Q3,701596000.000000,18225935681.000000,2025-05-23,651000.000000,1188057000.000000,,1019399000.000000,168658000.000000,,2.826000,-7195000.000000,230874000.000000,230874000.000000,30845000.000000,2211000.000000,3.208000,0.538000,50132000.000000,0.000000,50132000.000000,50132000.000000,201599000.000000,6139000.000000,0.000000,0.000000,0.000000,2530000.000000,8669000.000000,0.052000,8669000.000000,2530000.000000,2530000.000000,0.010000,0.010000,0.010000,772517000.000000,,772517000.000000,18045193681.000000,,,54735000.000000,0.200000,1.000000,135748000.000000,0.815000,0.000000,0.000000,689512000.000000,,0.000000,580526000.000000,580526000.000000,0.000000,415540000.000000,317803000.000000,97737000.000000,65800000.000000,0.000000,51485000.000000,0.000000,0.000000,51485000.000000,-47615000.000000,-40420000.000000,61930000.000000,0.000000,2211000.000000,2207000.000000,2207000.000000,0.000000,0.000000,0.013000,137427000.000000,-1679000.000000,3202000.000000,0.000000,23.593000,,,107156000.000000,4000.000000,65.940000,,,95770000.000000,-15187000.000000,166593000.000000,166593000.000000,17573000.000000,,,,,21795000.000000,119854000.000000,1.000000,276401815.000000,273316850.000000,292771122.000000,0.610000,1188057000.000000,0.000000,319000.000000,0.000000,4.347000
ARQ,2019-12-31,2020-03-20,2020-01-31,2020-Q4,761692000.000000,36423660969.000000,2025-05-23,809000.000000,1289845000.000000,,1095522000.000000,194323000.000000,,3.014000,-9952000.000000,283134000.000000,283134000.000000,32547000.000000,15339000.000000,3.282000,0.547000,64792000.000000,0.000000,64792000.000000,64792000.000000,230536000.000000,6905000.000000,0.000000,0.000000,0.000000,14545000.000000,21450000.000000,0.114000,21450000.000000,14545000.000000,14545000.000000,0.060000,0.060000,0.060000,833943000.000000,,833943000.000000,36205318969.000000,1373.000000,728.536000,26602000.000000,0.096000,1.000000,155704000.000000,0.827000,0.000000,0.000000,737673000.000000,,0.000000,572060000.000000,572060000.000000,0.000000,455902000.000000,333830000.000000,122072000.000000,52252000.000000,0.000000,19067000.000000,0.000000,0.000000,19067000.000000,-3369000.000000,6724000.000000,36554000.000000,0.000000,15339000.000000,14277000.000000,14277000.000000,0.000000,0.000000,0.076000,145151000.000000,10553000.000000,1596000.000000,0.000000,43.676000,1674.651000,1450.556000,125746000.000000,1062000.000000,130.550000,58.497000,48.987000,120435000.000000,152000.000000,188251000.000000,188251000.000000,20669000.000000,,,,,26577000.000000,124482000.000000,1.000000,279001616.000000,276679009.000000,292654349.000000,0.680000,1289845000.000000,0.000000,-794000.000000,0.000000,4.662000
ARQ,2020-03-31,2020-06-05,2020-04-30,2021-Q1,749229000.000000,58564579894.000000,2025-05-23,1887000.000000,2067709000.000000,,1782957000.000000,284752000.000000,,3.221000,-7272000.000000,488653000.000000,488653000.000000,103707000.000000,27075000.000000,1.725000,1.293000,62989000.000000,0.000000,62989000.000000,62989000.000000,551842000.000000,7587000.000000,0.000000,0.000000,0.000000,29175000.000000,36762000.000000,0.112000,36762000.000000,29175000.000000,29175000.000000,0.100000,0.090000,0.100000,901631000.000000,,901631000.000000,58138915894.000000,1097.000000,735.275000,251693000.000000,0.899000,1.000000,224460000.000000,0.684000,0.000000,0.000000,608317000.000000,,0.000000,616714000.000000,616714000.000000,0.000000,1166078000.000000,1033728000.000000,132350000.000000,424057000.000000,1319000.000000,228126000.000000,0.000000,0.000000,228126000.000000,-63034000.000000,-56919000.000000,258965000.000000,0.000000,27075000.000000,27036000.000000,27036000.000000,0.000000,0.000000,0.082000,201075000.000000,23385000.000000,3472000.000000,0.000000,64.954000,1194.196000,1092.632000,125795000.000000,39000.000000,207.600000,70.659000,70.105000,257512000.000000,27227000.000000,328167000.000000,328167000.000000,26389000.000000,,,,,28777000.000000,174686000.000000,1.000000,282102986.000000,279891111.000000,295184958.000000,1.172000,2067709000.000000,0.000000,2100000.000000,0.000000,7.388000
ARQ,2020-06-30,2020-09-03,2020-07-31,2021-Q2,944776000.000000,108455408094.000000,2025-05-23,2772000.000000,2624941000.000000,,2232102000.000000,392839000.000000,,4.238000,-27981000.000000,748944000.000000,748944000.000000,192271000.000000,185989000.000000,1.734000,1.190000,63105000.000000,0.000000,63105000.000000,63105000.000000,742613000.000000,8824000.000000,0.000000,0.000000,0.000000,190185000.000000,199009000.000000,0.300000,199009000.000000,190185000.000000,190185000.000000,0.660000,0.630000,0.660000,1198812000.000000,,1198812000.000000,107769569094.000000,456.000000,405.316000,373365000.000000,1.320000,1.000000,471249000.000000,0.710000,24340000.000000,0.000000,627436000.000000,,0.000000,732995000.000000,732995000.000000,0.000000,1426129000.000000,1287326000.000000,138803000.000000,273335000.000000,-26486000.000000,44516000.000000,0.000000,0.000000,44516000.000000,-172527000.000000,-116728000.000000,401346000.000000,0.000000,185989000.000000,185742000.000000,185742000.000000,0.000000,0.000000,0.280000,283145000.000000,188104000.000000,12615000.000000,0.000000,90.469000,473.063000,459.422000,156586000.000000,247000.000000,381.320000,80.544000,80.100000,295330000.000000,213216000.000000,663520000.000000,663520000.000000,42734000.000000,,,,,56855000.000000,240411000.000000,1.000000,284420980.000000,282850805.000000,297162309.000000,2.346000,2600601000.000000,0.000000,4196000.000000,0.000000,9.194000
ARQ,2020-09-30,2020-12-04,2020-10-31,2021-Q3,1210328000.000000,117265751391.000000,2025-05-23,1317000.000000,3050311000.000000,,2624276000.000000,426035000.000000,,5.267000,-22967000.000000,730506000.000000,730506000.000000,258727000.000000,198642000.000000,1.856000,1.034000,60522000.000000,0.000000,60522000.000000,60522000.000000,854697000.000000,10172000.000000,0.000000,0.000000,0.000000,194021000.000000,204193000.000000,0.263000,204193000.000000,194021000.000000,194021000.000000,0.700000,0.660000,0.700000,1499918000.000000,,1499918000.000000,116595767391.000000,272.000000,252.692000,388503000.000000,1.364000,1.000000,518469000.000000,0.667000,24340000.000000,0.000000,942039000.000000,,0.000000,1141425000.000000,1141425000.000000,0.000000,1550393000.000000,1413948000.000000,136445000.000000,-2746000.000000,0.000000,23600000.000000,0.000000,0.000000,23600000.000000,-437816000.000000,-411958000.000000,411470000.000000,0.000000,198642000.000000,198440000.000000,198440000.000000,0.000000,0.000000,0.255000,326227000.000000,192242000.000000,12666000.000000,0.000000,78.181000,275.598000,269.743000,171085000.000000,202000.000000,410.010000,59.917000,59.661000,280896000.000000,411858000.000000,777196000.000000,777196000.000000,42582000.000000,,,,,93925000.000000,283645000.000000,1.000000,286007052.000000,284783006.000000,299258765.000000,2.729000,3025971000.000000,0.000000,-4621000.000000,0.000000,10.626000
ARQ,2020-12-31,2021-03-18,2021-01-31,2021-Q4,3532899000.000000,92907626714.000000,2025-05-23,839000.000000,5297993000.000000,,4792865000.000000,505128000.000000,,13.418000,-21752000.000000,2240303000.000000,2240303000.000000,267284000.000000,260610000.000000,3.804000,0.372000,90415000.000000,0.000000,90415000.000000,90415000.000000,883495000.000000,13161000.000000,0.000000,0.000000,0.000000,264653000.000000,277814000.000000,0.315000,277814000.000000,264653000.000000,264653000.000000,0.910000,0.870000,0.910000,3860767000.000000,,3860767000.000000,90757738714.000000,134.000000,126.443000,377644000.000000,1.313000,1.000000,615201000.000000,0.697000,24340000.000000,0.000000,1863799000.000000,,0.000000,2004410000.000000,2004410000.000000,0.000000,1437226000.000000,1259966000.000000,177260000.000000,1264388000.000000,-1319000.000000,1754035000.000000,0.000000,0.000000,1754035000.000000,-889043000.000000,-866173000.000000,399396000.000000,0.000000,260610000.000000,260352000.000000,260352000.000000,0.000000,0.000000,0.295000,359084000.000000,256117000.000000,8664000.000000,0.000000,24.065000,138.353000,133.468000,247573000.000000,258000.000000,316.320000,35.041000,33.865000,294703000.000000,672468000.000000,882485000.000000,882485000.000000,52375000.000000,,,,,96261000.000000,306709000.000000,1.000000,293714045.000000,287721173.000000,299692853.000000,3.067000,5273653000.000000,0.000000,4043000.000000,0.000000,18.329000
ARQ,2021-03-31,2021-06-02,2021-04-30,2022-Q1,3812560000.000000,96381580114.000000,2025-05-23,200000.000000,5888611000.000000,,5340896000.000000,547715000.000000,,14.271000,-79074000.000000,1557270000.000000,1557270000.000000,264994000.000000,227531000.000000,3.495000,0.404000,86433000.000000,0.000000,86433000.000000,86433000.000000,1094423000.000000,14937000.000000,0.000000,0.000000,0.000000,228931000.000000,243868000.000000,0.255000,243868000.000000,228931000.000000,228931000.000000,0.770000,0.740000,0.770000,4192733000.000000,,4192733000.000000,94910743114.000000,108.000000,102.619000,454228000.000000,1.546000,1.000000,691243000.000000,0.723000,24340000.000000,0.000000,2865098000.000000,,0.000000,3132309000.000000,3132309000.000000,0.000000,1695878000.000000,1528336000.000000,167542000.000000,-692955000.000000,0.000000,-6616000.000000,0.000000,0.000000,-6279000.000000,-1219978000.000000,-1140904000.000000,533302000.000000,0.000000,227531000.000000,227383000.000000,227383000.000000,0.000000,0.000000,0.238000,464931000.000000,226312000.000000,8324000.000000,0.000000,22.988000,110.540000,107.602000,286190000.000000,148000.000000,327.110000,29.390000,29.305000,366346000.000000,899999000.000000,956237000.000000,956237000.000000,65175000.000000,,,,,98969000.000000,399756000.000000,1.000000,294645777.000000,293794778.000000,305412419.000000,3.255000,5864271000.000000,0.000000,1400000.000000,0.000000,19.960000
ARQ,2021-06-30,2021-08-31,2021-07-31,2022-Q2,4148706000.000000,86018527629.000000,2025-05-23,147000.000000,6508593000.000000,,5835079000.000000,673514000.000000,,15.751000,-12975000.000000,1931370000.000000,1931370000.000000,261256000.000000,317084000.000000,3.460000,0.397000,83009000.000000,0.000000,83009000.000000,83009000.000000,1178028000.000000,16387000.000000,0.000000,0.000000,0.000000,323884000.000000,340271000.000000,0.333000,340271000.000000,323884000.000000,323884000.000000,1.070000,1.040000,1.070000,4657748000.000000,,4657748000.000000,84170166629.000000,83.000000,78.948000,455037000.000000,1.539000,1.000000,760239000.000000,0.744000,26247000.000000,0.000000,2947612000.000000,,0.000000,3311824000.000000,3174029000.000000,137795000.000000,1850845000.000000,1686373000.000000,164472000.000000,395191000.000000,-2121000.000000,71383000.000000,0.000000,0.000000,71383000.000000,-144204000.000000,-129108000.000000,468012000.000000,0.000000,317084000.000000,316930000.000000,316930000.000000,0.000000,0.000000,0.310000,465636000.000000,294603000.000000,49762000.000000,0.000000,18.468000,85.752000,83.913000,284939000.000000,154000.000000,289.500000,23.648000,23.536000,395266000.000000,1217083000.000000,1021495000.000000,1021495000.000000,82311000.000000,,,,,102142000.000000,383325000.000000,1.000000,297127902.000000,295712675.000000,305861051.000000,3.454000,6482346000.000000,0.000000,6800000.000000,0.000000,21.921000
ARQ,2021-09-30,2021-11-23,2021-10-31,2022-Q3,4421336000.000000,61577597532.000000,2025-05-23,-5128000.000000,6978971000.000000,,6112716000.000000,866255000.000000,,17.196000,-19767000.000000,1322435000.000000,1322435000.000000,270957000.000000,340383000.000000,3.614000,0.365000,79319000.000000,0.000000,79319000.000000,79319000.000000,1186119000.000000,17082000.000000,0.000000,0.000000,0.000000,410283000.000000,427365000.000000,0.407000,427365000.000000,410283000.000000,410283000.000000,1.140000,1.110000,1.140000,5113685000.000000,,5113685000.000000,60334481532.000000,49.000000,46.796000,374789000.000000,1.260000,1.000000,779799000.000000,0.742000,26247000.000000,0.000000,4018228000.000000,,0.000000,4395270000.000000,4095520000.000000,299750000.000000,1865286000.000000,1691380000.000000,173906000.000000,-652579000.000000,0.000000,-44219000.000000,0.000000,0.000000,-44219000.000000,-1002916000.000000,-973523000.000000,394556000.000000,0.000000,340383000.000000,340271000.000000,340271000.000000,0.000000,0.000000,0.324000,488942000.000000,290857000.000000,20064000.000000,0.000000,12.042000,53.783000,53.121000,300990000.000000,112000.000000,206.640000,15.745000,15.712000,377874000.000000,1557466000.000000,1050756000.000000,1050756000.000000,98508000.000000,,,,,114801000.000000,390434000.000000,1.000000,297994568.000000,297375011.000000,305939624.000000,3.533000,6952724000.000000,0.000000,69900000.000000,0.000000,23.380000
ARQ,2021-12-31,2022-03-07,2022-01-31,2022-Q4,4604116000.000000,32269493128.000000,2025-05-23,-17902000.000000,7551318000.000000,,6183807000.000000,1367511000.000000,,19.370000,-20774000.000000,1062820000.000000,1062820000.000000,257347000.000000,490641000.000000,3.915000,0.306000,85018000.000000,0.000000,85018000.000000,85018000.000000,1179916000.000000,18169000.000000,0.000000,0.000000,0.000000,138534000.000000,156703000.000000,0.146000,156703000.000000,138534000.000000,138534000.000000,1.650000,1.610000,1.650000,5780018000.000000,,5780018000.000000,31291691128.000000,28.000000,26.786000,188622000.000000,0.632000,1.000000,814029000.000000,0.760000,27607000.000000,0.000000,4966218000.000000,,0.000000,4724260000.000000,4356446000.000000,367814000.000000,1771300000.000000,1579691000.000000,191609000.000000,-269420000.000000,-1380000.000000,13183000.000000,0.000000,0.000000,13183000.000000,-491999000.000000,-466453000.000000,209396000.000000,0.000000,490641000.000000,490489000.000000,490489000.000000,0.000000,0.000000,0.458000,562210000.000000,251819000.000000,7841000.000000,0.000000,5.583000,23.468000,23.250000,318319000.000000,152000.000000,107.880000,7.871000,7.797000,419673000.000000,2048107000.000000,1071376000.000000,1071376000.000000,116996000.000000,,,,,161375000.000000,445214000.000000,1.000000,299123963.000000,298396698.000000,306125821.000000,3.590000,7523711000.000000,382296000.000000,-352107000.000000,0.000000,25.214000
ARQ,2022-03-31,2022-05-25,2022-04-30,2023-Q1,4755268000.000000,30535991932.000000,2025-05-23,-45237000.000000,7956713000.000000,,6564278000.000000,1392435000.000000,,19.883000,-25038000.000000,1407305000.000000,1407305000.000000,261821000.000000,113658000.000000,3.629000,0.338000,80201000.000000,0.000000,80201000.000000,80201000.000000,1331047000.000000,20731000.000000,0.000000,0.000000,0.000000,143672000.000000,164403000.000000,0.153000,164403000.000000,143672000.000000,143672000.000000,0.380000,0.370000,0.380000,5947887000.000000,,5947887000.000000,29208887932.000000,29.000000,26.828000,501113000.000000,1.675000,1.000000,811979000.000000,0.756000,27607000.000000,0.000000,4792992000.000000,,0.000000,4662134000.000000,4318974000.000000,343160000.000000,2008826000.000000,1809010000.000000,199816000.000000,341149000.000000,0.000000,-133243000.000000,0.000000,0.000000,-133243000.000000,-42334000.000000,-14085000.000000,526151000.000000,-9425000.000000,113658000.000000,113640000.000000,113640000.000000,0.000000,0.000000,0.106000,624914000.000000,187065000.000000,22506000.000000,0.000000,5.134000,24.209000,24.137000,332647000.000000,18000.000000,102.340000,7.240000,7.259000,483879000.000000,2161765000.000000,1073800000.000000,1073800000.000000,144291000.000000,,,,,209363000.000000,480623000.000000,1.000000,298377877.000000,299147105.000000,306614220.000000,3.590000,7929106000.000000,419979000.000000,30014000.000000,0.000000,26.506000
ARQ,2022-06-30,2022-08-24,2022-07-31,2023-Q2,4547513000.000000,24886110072.000000,2025-05-23,-48161000.000000,8047598000.000000,,6414401000.000000,1633197000.000000,,20.065000,-27832000.000000,937443000.000000,937443000.000000,273611000.000000,45750000.000000,3.436000,0.343000,75954000.000000,0.000000,75954000.000000,75954000.000000,1401149000.000000,26491000.000000,0.000000,0.000000,0.000000,90399000.000000,116890000.000000,0.106000,116890000.000000,90399000.000000,90399000.000000,0.150000,0.150000,0.150000,5990397000.000000,,5990397000.000000,24024621072.000000,31.000000,27.763000,229377000.000000,0.768000,1.000000,825847000.000000,0.751000,122556000.000000,0.000000,5196665000.000000,,0.000000,4940956000.000000,4582708000.000000,358248000.000000,2057201000.000000,1866888000.000000,190313000.000000,-471082000.000000,-120553000.000000,-255578000.000000,0.000000,0.000000,-255578000.000000,-466027000.000000,-317642000.000000,257209000.000000,-6686000.000000,45750000.000000,45746000.000000,45746000.000000,0.000000,0.000000,0.042000,704104000.000000,121743000.000000,22994000.000000,0.000000,4.154000,25.134000,25.184000,327575000.000000,4000.000000,83.610000,5.794000,5.811000,509543000.000000,2207515000.000000,1099458000.000000,1099458000.000000,172564000.000000,,,,,255515000.000000,531540000.000000,1.000000,297645139.000000,298553379.000000,307160840.000000,3.683000,7925042000.000000,494257000.000000,44649000.000000,0.000000,26.545000
ARQ,2022-09-30,2022-11-23,2022-10-31,2023-Q3,4245787000.000000,22257414516.000000,2025-05-23,-72716000.000000,7837178000.000000,,6142097000.000000,1695081000.000000,,19.476000,-22698000.000000,1096174000.000000,1096174000.000000,270665000.000000,48353000.000000,3.239000,0.362000,78128000.000000,0.000000,78128000.000000,78128000.000000,1354223000.000000,27648000.000000,0.000000,0.000000,0.000000,54749000.000000,82397000.000000,0.075000,82397000.000000,54749000.000000,54749000.000000,0.160000,0.160000,0.160000,5755812000.000000,,5755812000.000000,21239368516.000000,50.000000,40.814000,272616000.000000,0.922000,1.000000,831234000.000000,0.754000,122556000.000000,0.000000,4800266000.000000,,0.000000,4423367000.000000,4068818000.000000,354549000.000000,2081366000.000000,1896310000.000000,185056000.000000,162668000.000000,0.000000,-559866000.000000,0.000000,0.000000,-559866000.000000,447748000.000000,477803000.000000,295314000.000000,-20528000.000000,48353000.000000,48353000.000000,48353000.000000,0.000000,0.000000,0.044000,764726000.000000,66508000.000000,27247000.000000,0.000000,3.867000,31.877000,32.538000,341824000.000000,0.000000,76.140000,5.121000,5.177000,589573000.000000,2255868000.000000,1101899000.000000,1101899000.000000,195946000.000000,,,,,302815000.000000,568780000.000000,1.000000,292322229.000000,295537026.000000,301986341.000000,3.728000,7714622000.000000,550539000.000000,6396000.000000,0.000000,26.104000
ARQ,2022-12-31,2023-03-03,2023-01-31,2023-Q4,4617768000.000000,20806554493.000000,2025-05-23,-50385000.000000,8128065000.000000,,6356412000.000000,1771653000.000000,,21.187000,-28258000.000000,1086830000.000000,1086830000.000000,294354000.000000,-104050000.000000,3.656000,0.310000,73687000.000000,0.000000,73687000.000000,73687000.000000,1308446000.000000,36384000.000000,0.000000,0.000000,0.000000,-39544000.000000,-3160000.000000,-0.003000,-3160000.000000,-39544000.000000,-39544000.000000,-0.350000,-0.340000,-0.350000,6206607000.000000,,6206607000.000000,19793411493.000000,79.000000,54.901000,183330000.000000,0.626000,1.000000,823449000.000000,0.737000,122641000.000000,0.000000,5253637000.000000,,0.000000,4724828000.000000,4325836000.000000,398992000.000000,1921458000.000000,1738644000.000000,182814000.000000,-5845000.000000,0.000000,11745000.000000,0.000000,0.000000,11745000.000000,-257709000.000000,-229051000.000000,211588000.000000,28531000.000000,-104050000.000000,-104040000.000000,-104040000.000000,0.000000,0.000000,-0.093000,953336000.000000,-129887000.000000,14414000.000000,0.000000,3.352000,200.634000,202.314000,333727000.000000,-10000.000000,70.810000,4.736000,4.780000,557404000.000000,2151818000.000000,1117803000.000000,1117803000.000000,261258000.000000,,,,,518059000.000000,692078000.000000,1.000000,293836386.000000,292944460.000000,301103964.000000,3.816000,8005424000.000000,558428000.000000,64506000.000000,0.000000,27.327000
ARQ,2023-03-31,2023-05-25,2023-04-30,2024-Q1,4723786000.000000,19376105459.000000,2025-05-23,-34871000.000000,8536210000.000000,,6567679000.000000,1968531000.000000,,22.085000,-21826000.000000,1029546000.000000,1029546000.000000,263947000.000000,15444000.000000,3.562000,0.308000,68470000.000000,0.000000,68470000.000000,68470000.000000,1366136000.000000,29457000.000000,0.000000,0.000000,0.000000,43230000.000000,72687000.000000,0.066000,72687000.000000,43230000.000000,43230000.000000,0.050000,0.050000,0.050000,6524107000.000000,,6524107000.000000,18415029459.000000,124.000000,68.505000,396661000.000000,1.343000,1.000000,841417000.000000,0.761000,304162000.000000,0.000000,5427079000.000000,,0.000000,5019112000.000000,4566845000.000000,452267000.000000,2012103000.000000,1843893000.000000,168210000.000000,-57833000.000000,-199416000.000000,7019000.000000,0.000000,0.000000,7019000.000000,-480786000.000000,-259544000.000000,418487000.000000,-2553000.000000,15444000.000000,15444000.000000,15444000.000000,0.000000,0.000000,0.014000,831675000.000000,9742000.000000,16520000.000000,0.000000,2.970000,3521.008000,6512.000000,330743000.000000,0.000000,65.120000,4.379000,4.348000,590694000.000000,2167262000.000000,1105364000.000000,1105364000.000000,209271000.000000,,,,,282345000.000000,622404000.000000,1.000000,297544617.000000,295409207.000000,304115913.000000,3.742000,8232048000.000000,532996000.000000,27786000.000000,0.000000,27.867000
ARQ,2023-06-30,2023-08-23,2023-07-31,2024-Q2,5283519000.000000,20516235554.000000,2025-05-23,-36707000.000000,8923108000.000000,,7050992000.000000,1872116000.000000,,23.412000,-46600000.000000,1380121000.000000,1380121000.000000,266559000.000000,181974000.000000,3.989000,0.274000,62181000.000000,0.000000,62181000.000000,62181000.000000,1369768000.000000,31402000.000000,0.000000,0.000000,0.000000,250373000.000000,281775000.000000,0.247000,281775000.000000,250373000.000000,250373000.000000,0.610000,0.590000,0.610000,7002352000.000000,,7002352000.000000,19198295554.000000,62.000000,44.266000,289371000.000000,0.967000,1.000000,872117000.000000,0.766000,307295000.000000,0.000000,5530400000.000000,,0.000000,5025086000.000000,4648393000.000000,376693000.000000,1920756000.000000,1767473000.000000,153283000.000000,349822000.000000,-5502000.000000,34439000.000000,0.000000,0.000000,34439000.000000,-19360000.000000,32742000.000000,335971000.000000,-1228000.000000,181974000.000000,181974000.000000,181974000.000000,0.000000,0.000000,0.160000,694499000.000000,177618000.000000,20854000.000000,0.000000,2.930000,144.755000,145.043000,346130000.000000,0.000000,68.170000,4.596000,4.568000,571049000.000000,2349236000.000000,1138676000.000000,1138676000.000000,191802000.000000,,,,,261509000.000000,502697000.000000,1.000000,300956954.000000,299093452.000000,305932596.000000,3.807000,8615813000.000000,541016000.000000,68399000.000000,0.000000,28.806000
ARQ,2023-09-30,2023-11-21,2023-10-31,2024-Q3,5731754000.000000,20073685656.000000,2025-05-23,-27109000.000000,9317472000.000000,,7484759000.000000,1832713000.000000,,24.508000,-39987000.000000,1492910000.000000,1492910000.000000,270988000.000000,141212000.000000,4.270000,0.257000,55409000.000000,0.000000,55409000.000000,55409000.000000,1315898000.000000,32161000.000000,0.000000,0.000000,0.000000,185826000.000000,217987000.000000,0.192000,217987000.000000,185826000.000000,185826000.000000,0.470000,0.450000,0.470000,7413401000.000000,,7413401000.000000,18636184656.000000,42.000000,32.736000,453166000.000000,1.498000,1.000000,865739000.000000,0.762000,307295000.000000,0.000000,5819671000.000000,,0.000000,5354529000.000000,5001507000.000000,353022000.000000,1904071000.000000,1753005000.000000,151066000.000000,105895000.000000,0.000000,-5506000.000000,0.000000,0.000000,-5506000.000000,-364260000.000000,-324273000.000000,493153000.000000,-17492000.000000,141212000.000000,141212000.000000,141212000.000000,0.000000,0.000000,0.124000,696350000.000000,169389000.000000,14431000.000000,0.000000,2.708000,85.569000,84.538000,356909000.000000,0.000000,65.940000,4.462000,4.434000,514045000.000000,2490448000.000000,1136727000.000000,1136727000.000000,196832000.000000,,,,,258934000.000000,499518000.000000,1.000000,304423501.000000,302493182.000000,310389905.000000,3.758000,9010177000.000000,531677000.000000,44614000.000000,0.000000,29.786000
ARQ,2023-12-31,2024-03-04,2024-01-31,2024-Q4,6164032000.000000,21439984038.000000,2025-05-23,1063000.000000,9929793000.000000,,7926219000.000000,2003574000.000000,,26.218000,-18540000.000000,1558252000.000000,1558252000.000000,276307000.000000,298832000.000000,4.498000,0.238000,48308000.000000,0.000000,48308000.000000,48308000.000000,1270362000.000000,32497000.000000,0.000000,0.000000,0.000000,352883000.000000,385380000.000000,0.336000,385380000.000000,352883000.000000,352883000.000000,0.990000,0.970000,0.990000,8019406000.000000,,8019406000.000000,19930040038.000000,24.000000,20.808000,332685000.000000,1.088000,1.000000,870150000.000000,0.759000,307295000.000000,0.000000,6350367000.000000,,0.000000,5813455000.000000,5404233000.000000,409222000.000000,1910387000.000000,1762187000.000000,148200000.000000,67253000.000000,0.000000,24234000.000000,0.000000,0.000000,24234000.000000,-319283000.000000,-300743000.000000,351225000.000000,11077000.000000,298832000.000000,298832000.000000,298832000.000000,0.000000,0.000000,0.261000,701620000.000000,168530000.000000,10175000.000000,0.000000,2.674000,33.633000,32.882000,352679000.000000,0.000000,69.710000,4.736000,4.631000,536078000.000000,2789280000.000000,1146457000.000000,1146457000.000000,205282000.000000,,,,,254373000.000000,496338000.000000,1.000000,307559662.000000,305878651.000000,313523018.000000,3.748000,9622498000.000000,662177000.000000,54051000.000000,0.000000,31.459000
ARQ,2024-03-31,2024-05-22,2024-04-30,2025-Q1,6426144000.000000,19911255320.000000,2025-05-23,-17490000.000000,10296630000.000000,,8282045000.000000,2014585000.000000,,26.883000,-18508000.000000,1885603000.000000,1885603000.000000,273302000.000000,216308000.000000,4.463000,0.241000,40284000.000000,0.000000,40284000.000000,40284000.000000,1352192000.000000,32035000.000000,0.000000,0.000000,0.000000,291964000.000000,323999000.000000,0.284000,323999000.000000,291964000.000000,291964000.000000,0.700000,0.690000,0.700000,8298824000.000000,,8298824000.000000,18065936320.000000,17.000000,14.941000,569683000.000000,1.845000,1.000000,867932000.000000,0.761000,307295000.000000,0.000000,6288115000.000000,,0.000000,5913660000.000000,5488737000.000000,424923000.000000,1997806000.000000,1855901000.000000,141905000.000000,331064000.000000,0.000000,-142451000.000000,0.000000,0.000000,-142451000.000000,-107824000.000000,-89316000.000000,588191000.000000,-6852000.000000,216308000.000000,216308000.000000,216308000.000000,0.000000,0.000000,0.190000,664910000.000000,203022000.000000,18315000.000000,0.000000,2.399000,23.751000,23.242000,360462000.000000,0.000000,64.380000,4.364000,4.355000,527515000.000000,3005588000.000000,1141234000.000000,1141234000.000000,205558000.000000,,,,,229425000.000000,459352000.000000,1.000000,309277032.000000,308700582.000000,315360678.000000,3.697000,9989335000.000000,673808000.000000,75656000.000000,0.000000,32.359000
ARQ,2024-06-30,2024-08-23,2024-07-31,2025-Q2,6553797000.000000,21588335540.000000,2025-05-23,2191000.000000,10507192000.000000,,8395145000.000000,2112047000.000000,,27.577000,-84234000.000000,1539457000.000000,1539457000.000000,285089000.000000,219015000.000000,4.559000,0.232000,36052000.000000,0.000000,36052000.000000,36052000.000000,1406694000.000000,35673000.000000,0.000000,0.000000,0.000000,292889000.000000,328562000.000000,0.283000,328562000.000000,292889000.000000,292889000.000000,0.710000,0.700000,0.710000,8525247000.000000,,8525247000.000000,20084930540.000000,18.000000,15.992000,365100000.000000,1.181000,1.000000,877431000.000000,0.755000,307295000.000000,0.000000,6855144000.000000,,0.000000,6419104000.000000,5980575000.000000,438529000.000000,1981945000.000000,1841348000.000000,140597000.000000,-347135000.000000,0.000000,-256265000.000000,0.000000,0.000000,-256265000.000000,-540910000.000000,-456676000.000000,449334000.000000,706000.000000,219015000.000000,219015000.000000,219015000.000000,0.000000,0.000000,0.188000,675061000.000000,202370000.000000,10611000.000000,0.000000,2.532000,24.662000,24.439000,400759000.000000,0.000000,70.140000,4.706000,4.727000,528237000.000000,3224603000.000000,1162520000.000000,1162520000.000000,206756000.000000,,,,,237950000.000000,468305000.000000,1.000000,307789215.000000,309137807.000000,314027192.000000,3.761000,10199897000.000000,718066000.000000,73874000.000000,0.000000,32.995000
ARQ,2024-09-30,2024-11-26,2024-10-31,2025-Q3,6678989000.000000,25564742195.000000,2025-05-23,6787000.000000,10679869000.000000,,8532415000.000000,2147454000.000000,,28.224000,-25484000.000000,1273823000.000000,1273823000.000000,283881000.000000,207050000.000000,4.604000,0.230000,37590000.000000,0.000000,37590000.000000,37590000.000000,1378951000.000000,38194000.000000,0.000000,0.000000,0.000000,280412000.000000,318606000.000000,0.271000,318606000.000000,280412000.000000,280412000.000000,0.670000,0.660000,0.670000,8679834000.000000,,8679834000.000000,24328509195.000000,20.000000,17.934000,457733000.000000,1.488000,1.000000,893660000.000000,0.759000,307295000.000000,0.000000,7282915000.000000,,0.000000,6872867000.000000,6428214000.000000,444653000.000000,2000035000.000000,1853426000.000000,146609000.000000,-266451000.000000,0.000000,-300390000.000000,0.000000,0.000000,-300390000.000000,-452404000.000000,-426920000.000000,483217000.000000,3126000.000000,207050000.000000,207050000.000000,207050000.000000,0.000000,0.000000,0.176000,710820000.000000,182840000.000000,8542000.000000,0.000000,2.945000,27.162000,27.169000,397628000.000000,0.000000,83.410000,5.524000,5.543000,458007000.000000,3431653000.000000,1177541000.000000,1177541000.000000,222980000.000000,,,,,240995000.000000,487840000.000000,1.000000,306494931.000000,307529696.000000,314191269.000000,3.829000,10372574000.000000,730601000.000000,73362000.000000,0.000000,33.729000
ARQ,2024-12-31,2025-02-28,2025-01-31,2025-Q4,6772680000.000000,22495734966.000000,2025-05-23,4990000.000000,10988421000.000000,,8675974000.000000,2312447000.000000,,29.143000,-8334000.000000,1349380000.000000,1349380000.000000,287355000.000000,367865000.000000,4.558000,0.230000,37406000.000000,0.000000,37406000.000000,37406000.000000,1353661000.000000,40796000.000000,0.000000,0.000000,0.000000,450319000.000000,491115000.000000,0.415000,491115000.000000,450319000.000000,450319000.000000,1.200000,1.170000,1.200000,8935084000.000000,,8935084000.000000,21183760966.000000,16.000000,14.487000,416232000.000000,1.358000,1.000000,896783000.000000,0.757000,307295000.000000,0.000000,7465858000.000000,,0.000000,7033810000.000000,6442329000.000000,591481000.000000,2053337000.000000,1903294000.000000,150043000.000000,78559000.000000,0.000000,-328971000.000000,0.000000,0.000000,-328971000.000000,-4886000.000000,3448000.000000,424566000.000000,-12150000.000000,367865000.000000,367865000.000000,367865000.000000,0.000000,0.000000,0.311000,671720000.000000,225063000.000000,8345000.000000,0.000000,2.518000,22.268000,22.470000,386375000.000000,0.000000,73.700000,4.822000,4.865000,495228000.000000,3799518000.000000,1184138000.000000,1184138000.000000,217121000.000000,,,,,222939000.000000,454599000.000000,1.000000,305233853.000000,306596205.000000,316735596.000000,3.862000,10681126000.000000,749759000.000000,82454000.000000,0.000000,34.838000
ARQ,2025-03-31,2025-05-23,2025-04-30,2026-Q1,6769404000.000000,23985975631.000000,2025-05-23,15145000.000000,10951896000.000000,,8666777000.000000,2285119000.000000,,29.197000,-25910000.000000,1228847000.000000,1228847000.000000,278402000.000000,254603000.000000,4.568000,0.230000,35894000.000000,0.000000,35894000.000000,35894000.000000,1425402000.000000,41424000.000000,0.000000,0.000000,0.000000,315765000.000000,357189000.000000,0.304000,357189000.000000,315765000.000000,315765000.000000,0.840000,0.810000,0.840000,8902368000.000000,,8902368000.000000,22793022631.000000,17.000000,15.241000,463351000.000000,1.520000,1.000000,896313000.000000,0.763000,307295000.000000,0.000000,7554275000.000000,,0.000000,7140115000.000000,6563976000.000000,576139000.000000,2049528000.000000,1897373000.000000,152155000.000000,-114545000.000000,0.000000,-408377000.000000,0.000000,0.000000,-490530000.000000,-125130000.000000,-99220000.000000,489261000.000000,11854000.000000,254603000.000000,254603000.000000,254603000.000000,0.000000,0.000000,0.217000,654721000.000000,241592000.000000,14205000.000000,0.000000,2.694000,22.876000,23.181000,365428000.000000,0.000000,79.280000,5.105000,5.144000,477242000.000000,4054121000.000000,1174715000.000000,1174715000.000000,205416000.000000,,,,,201569000.000000,449305000.000000,1.000000,302547624.000000,304908652.000000,312783861.000000,3.853000,10644601000.000000,769189000.000000,61162000.000000,0.000000,34.911000
ART,2018-12-31,2019-03-22,2019-01-31,2019-Q4,124378000.000000,,2025-05-23,-135000.000000,354565000.000000,,276719000.000000,77846000.000000,,-0.088000,-28432000.000000,63624000.000000,63624000.000000,61001000.000000,7584000.000000,1.816000,-27.215000,0.000000,0.000000,0.000000,0.000000,125773000.000000,7008000.000000,0.000000,,0.000000,8349000.000000,15357000.000000,0.046000,15357000.000000,8349000.000000,8349000.000000,0.000000,0.000000,0.000000,-7439000.000000,,-7439000.000000,,,,22900000.000000,0.271000,1.000000,269516000.000000,0.815000,0.000000,0.000000,138600000.000000,,0.000000,112777000.000000,112777000.000000,0.000000,202452000.000000,152341000.000000,50111000.000000,29147000.000000,0.000000,3565000.000000,14908000.000000,0.000000,17534000.000000,-39719000.000000,-9269000.000000,51332000.000000,0.000000,7584000.000000,0.000000,0.000000,0.000000,0.000000,0.000000,263349000.000000,6167000.000000,4963000.000000,,,,,37275000.000000,7584000.000000,,,,63613000.000000,-25153000.000000,330517000.000000,330517000.000000,33014000.000000,,,,0.025000,8941000.000000,230335000.000000,1.000000,256576638.000000,84483094.000000,116005681.000000,3.912000,354565000.000000,0.000000,765000.000000,0.000000,4.197000
ART,2018-12-31,2019-04-16,2019-01-31,2019-Q4,124378000.000000,,2025-05-23,-135000.000000,354565000.000000,,276719000.000000,77846000.000000,,-0.088000,-28432000.000000,63624000.000000,63624000.000000,61001000.000000,7584000.000000,1.816000,-27.215000,0.000000,0.000000,0.000000,0.000000,125773000.000000,7008000.000000,0.000000,,0.000000,8349000.000000,15357000.000000,0.046000,15357000.000000,8349000.000000,8349000.000000,0.000000,0.000000,0.000000,-7439000.000000,,-7439000.000000,,,,22900000.000000,0.271000,1.000000,269516000.000000,0.815000,0.000000,0.000000,138600000.000000,,0.000000,112777000.000000,112777000.000000,0.000000,202452000.000000,152341000.000000,50111000.000000,29147000.000000,0.000000,3565000.000000,14908000.000000,0.000000,17534000.000000,-39719000.000000,-9269000.000000,51332000.000000,0.000000,7584000.000000,0.000000,0.000000,0.000000,0.000000,0.000000,263349000.000000,6167000.000000,4963000.000000,,,,,37275000.000000,7584000.000000,,,,63613000.000000,-25153000.000000,330517000.000000,330517000.000000,33014000.000000,,,,0.025000,8941000.000000,230335000.000000,1.000000,256576638.000000,84483094.000000,116005681.000000,3.912000,354565000.000000,0.000000,765000.000000,0.000000,4.197000
ART,2019-03-31,2019-06-07,2019-04-30,2020-Q1,671915000.000000,25624156779.000000,2025-05-23,8000.000000,999052000.000000,,866340000.000000,132712000.000000,,6.560000,,629793000.000000,629793000.000000,,,4.456000,0.388000,46056000.000000,0.000000,46056000.000000,46056000.000000,149330000.000000,,0.000000,0.000000,0.000000,,,,,,,,,,719728000.000000,,719728000.000000,25040419779.000000,,,,,1.000000,,,0.000000,,220890000.000000,,0.000000,107389000.000000,107389000.000000,0.000000,279324000.000000,194425000.000000,84899000.000000,,,,,,,,,,,,,,,,,,,9678000.000000,,35.603000,,,90681000.000000,,94.050000,,,78888000.000000,-22939000.000000,,,,,,,,,,1.000000,272452491.000000,109708898.000000,,,999052000.000000,0.000000,,0.000000,9.106000
ART,2019-06-30,2019-09-13,2019-07-31,2020-Q2,687063000.000000,21569567867.000000,2025-05-23,-68000.000000,1069923000.000000,,916059000.000000,153864000.000000,,2.736000,,213886000.000000,213886000.000000,,,4.000000,0.438000,48104000.000000,0.000000,48104000.000000,48104000.000000,181407000.000000,,0.000000,0.000000,0.000000,,,,,,,,,,743796000.000000,,743796000.000000,21403785867.000000,,,,,1.000000,,,0.000000,,675145000.000000,,0.000000,541380000.000000,541380000.000000,0.000000,326127000.000000,228996000.000000,97131000.000000,,,,,,,,,,,,,,,,,,,819000.000000,,28.999000,,,103113000.000000,,78.850000,,,95682000.000000,-17398000.000000,,,,,,,,,,1.000000,273551907.000000,271813141.000000,,,1069923000.000000,0.000000,,0.000000,3.936000
ART,2019-09-30,2019-12-09,2019-10-31,2020-Q3,701596000.000000,18225935681.000000,2025-05-23,651000.000000,1188057000.000000,902899250.000000,1019399000.000000,168658000.000000,,2.826000,,230874000.000000,230874000.000000,,,3.208000,0.538000,50132000.000000,0.000000,50132000.000000,50132000.000000,201599000.000000,,0.000000,0.000000,0.000000,,,,,,,,,,772517000.000000,557150500.000000,772517000.000000,18045193681.000000,,,,,1.000000,,,0.000000,,689512000.000000,431036750.000000,0.000000,580526000.000000,580526000.000000,0.000000,415540000.000000,317803000.000000,97737000.000000,,,,,,,,,,,,,,,,,,,3202000.000000,,23.593000,,,107156000.000000,,65.940000,,,95770000.000000,-15187000.000000,,,,,,,,,,1.000000,276401815.000000,273316850.000000,,,1188057000.000000,0.000000,,0.000000,4.347000
ART,2019-12-31,2020-03-20,2020-01-31,2020-Q4,761692000.000000,36423660969.000000,2025-05-23,809000.000000,1289845000.000000,1136719250.000000,1095522000.000000,194323000.000000,0.548000,3.569000,-38084000.000000,283134000.000000,283134000.000000,115396000.000000,25305000.000000,3.282000,0.547000,64792000.000000,0.000000,64792000.000000,64792000.000000,230536000.000000,23334000.000000,0.000000,0.000000,0.000000,26362000.000000,49696000.000000,0.080000,49696000.000000,26362000.000000,26362000.000000,0.090000,0.090000,0.090000,833943000.000000,767496000.000000,833943000.000000,36205318969.000000,1373.000000,728.536000,113808000.000000,0.487000,1.000000,507262000.000000,0.815000,0.000000,0.000000,737673000.000000,580805000.000000,0.000000,572060000.000000,572060000.000000,0.000000,455902000.000000,333830000.000000,122072000.000000,268114000.000000,0.000000,615690000.000000,0.000000,0.000000,615690000.000000,-499468000.000000,-461243000.000000,151892000.000000,0.000000,25305000.000000,21750000.000000,21750000.000000,0.000000,0.000000,0.035000,494566000.000000,12696000.000000,1596000.000000,0.000000,43.676000,1674.651000,1450.556000,125746000.000000,3555000.000000,130.550000,58.497000,48.987000,120435000.000000,152000.000000,622658000.000000,622658000.000000,67079000.000000,0.019000,0.028000,0.045000,0.042000,73109000.000000,427487000.000000,1.000000,279001616.000000,233641336.000000,254298014.000000,2.665000,1289845000.000000,0.000000,1057000.000000,0.000000,5.521000
ART,2020-03-31,2020-06-05,2020-04-30,2021-Q1,749229000.000000,58564579894.000000,2025-05-23,1887000.000000,2067709000.000000,1403883500.000000,1782957000.000000,284752000.000000,0.590000,3.221000,-38459000.000000,488653000.000000,488653000.000000,194999000.000000,50166000.000000,1.725000,1.293000,62989000.000000,0.000000,62989000.000000,62989000.000000,551842000.000000,26064000.000000,0.000000,0.000000,0.000000,53007000.000000,79071000.000000,0.095000,79071000.000000,53007000.000000,53007000.000000,0.190000,0.180000,0.190000,901631000.000000,812971750.000000,901631000.000000,58138915894.000000,1097.000000,735.275000,350162000.000000,1.251000,1.000000,633838000.000000,0.765000,0.000000,0.000000,608317000.000000,677661750.000000,0.000000,616714000.000000,616714000.000000,0.000000,1166078000.000000,1033728000.000000,132350000.000000,126002000.000000,1319000.000000,298564000.000000,0.000000,0.000000,298564000.000000,-561183000.000000,-523740000.000000,388621000.000000,0.000000,50166000.000000,49041000.000000,49041000.000000,0.000000,0.000000,0.059000,599314000.000000,34524000.000000,3472000.000000,0.000000,64.954000,1194.196000,1092.632000,125795000.000000,1125000.000000,207.600000,70.659000,70.105000,257512000.000000,27227000.000000,828837000.000000,828837000.000000,79685000.000000,0.035000,0.060000,0.078000,0.064000,95224000.000000,519629000.000000,1.000000,282102986.000000,279891111.000000,295184958.000000,2.961000,2067709000.000000,0.000000,2841000.000000,0.000000,7.388000
ART,2020-06-30,2020-09-03,2020-07-31,2021-Q2,944776000.000000,108455408094.000000,2025-05-23,2772000.000000,2624941000.000000,1792638000.000000,2232102000.000000,392839000.000000,0.751000,4.238000,-52400000.000000,748944000.000000,748944000.000000,359370000.000000,230614000.000000,1.734000,1.190000,63105000.000000,0.000000,63105000.000000,63105000.000000,742613000.000000,29455000.000000,0.000000,0.000000,0.000000,236435000.000000,265890000.000000,0.197000,265890000.000000,236435000.000000,236435000.000000,0.830000,0.790000,0.830000,1198812000.000000,926725750.000000,1198812000.000000,107769569094.000000,456.000000,405.316000,706395000.000000,2.497000,1.000000,987161000.000000,0.733000,24340000.000000,0.000000,627436000.000000,665734500.000000,0.000000,732995000.000000,732995000.000000,0.000000,1426129000.000000,1287326000.000000,138803000.000000,815444000.000000,-25167000.000000,343194000.000000,0.000000,0.000000,343194000.000000,-286545000.000000,-207343000.000000,758795000.000000,0.000000,230614000.000000,229262000.000000,229262000.000000,0.000000,0.000000,0.170000,766798000.000000,220363000.000000,12615000.000000,0.000000,90.469000,473.063000,459.422000,156586000.000000,1352000.000000,381.320000,80.544000,80.100000,295330000.000000,213216000.000000,1346531000.000000,1346531000.000000,107365000.000000,0.128000,0.247000,0.355000,0.176000,134004000.000000,659433000.000000,1.000000,284420980.000000,282850805.000000,297162309.000000,4.761000,2600601000.000000,0.000000,5821000.000000,0.000000,9.194000
ART,2020-09-30,2020-12-04,2020-10-31,2021-Q3,1210328000.000000,117265751391.000000,2025-05-23,1317000.000000,3050311000.000000,2258201500.000000,2624276000.000000,426035000.000000,0.867000,5.267000,-68172000.000000,730506000.000000,730506000.000000,587252000.000000,427045000.000000,1.856000,1.034000,60522000.000000,0.000000,60522000.000000,60522000.000000,854697000.000000,33488000.000000,0.000000,0.000000,0.000000,427926000.000000,461414000.000000,0.236000,461414000.000000,427926000.000000,427926000.000000,1.520000,1.440000,1.520000,1499918000.000000,1108576000.000000,1499918000.000000,116595767391.000000,272.000000,252.692000,1040163000.000000,3.652000,1.000000,1369882000.000000,0.700000,24340000.000000,0.000000,942039000.000000,728866250.000000,0.000000,1141425000.000000,1141425000.000000,0.000000,1550393000.000000,1413948000.000000,136445000.000000,746898000.000000,-25167000.000000,315309000.000000,0.000000,0.000000,315309000.000000,-676746000.000000,-578881000.000000,1108335000.000000,0.000000,427045000.000000,425495000.000000,425495000.000000,0.000000,0.000000,0.217000,955598000.000000,414284000.000000,12666000.000000,0.000000,78.181000,275.598000,269.743000,171085000.000000,1550000.000000,410.010000,59.917000,59.661000,280896000.000000,411858000.000000,1957134000.000000,1957134000.000000,132374000.000000,0.188000,0.384000,0.587000,0.219000,206134000.000000,823224000.000000,1.000000,286007052.000000,284783006.000000,299258765.000000,6.872000,3025971000.000000,0.000000,881000.000000,0.000000,10.626000
ART,2020-12-31,2021-03-18,2021-01-31,2021-Q4,3532899000.000000,92907626714.000000,2025-05-23,839000.000000,5297993000.000000,3260238500.000000,4792865000.000000,505128000.000000,0.813000,13.601000,-79972000.000000,2240303000.000000,2240303000.000000,821989000.000000,672316000.000000,3.804000,0.372000,90415000.000000,0.000000,90415000.000000,90415000.000000,883495000.000000,39744000.000000,0.000000,0.000000,0.000000,678034000.000000,717778000.000000,0.271000,717778000.000000,678034000.000000,678034000.000000,2.370000,2.250000,2.370000,3860767000.000000,1865282000.000000,3860767000.000000,90757738714.000000,134.000000,126.443000,1391205000.000000,4.901000,1.000000,1829379000.000000,0.690000,24340000.000000,0.000000,1863799000.000000,1010397750.000000,0.000000,2004410000.000000,2004410000.000000,0.000000,1437226000.000000,1259966000.000000,177260000.000000,1959034000.000000,-26486000.000000,2050277000.000000,0.000000,0.000000,2050277000.000000,-1562420000.000000,-1451778000.000000,1471177000.000000,0.000000,672316000.000000,671527000.000000,671527000.000000,0.000000,0.000000,0.253000,1169531000.000000,659848000.000000,8664000.000000,0.000000,24.065000,138.353000,133.468000,247573000.000000,789000.000000,316.320000,35.041000,33.865000,294703000.000000,672468000.000000,2651368000.000000,2651368000.000000,164080000.000000,0.206000,0.360000,0.671000,0.256000,275818000.000000,1005451000.000000,1.000000,293714045.000000,283853654.000000,298127669.000000,9.341000,5273653000.000000,0.000000,5718000.000000,0.000000,18.579000
ART,2021-03-31,2021-06-02,2021-04-30,2022-Q1,3812560000.000000,96381580114.000000,2025-05-23,200000.000000,5888611000.000000,4215464000.000000,5340896000.000000,547715000.000000,0.778000,14.271000,-151774000.000000,1557270000.000000,1557270000.000000,983276000.000000,872772000.000000,3.495000,0.404000,86433000.000000,0.000000,86433000.000000,86433000.000000,1094423000.000000,47094000.000000,0.000000,0.000000,0.000000,877790000.000000,924884000.000000,0.282000,924884000.000000,877790000.000000,877790000.000000,3.040000,2.900000,3.040000,4192733000.000000,2688057500.000000,4192733000.000000,94910743114.000000,108.000000,102.619000,1593740000.000000,5.425000,1.000000,2296162000.000000,0.700000,24340000.000000,0.000000,2865098000.000000,1574593000.000000,0.000000,3132309000.000000,3132309000.000000,0.000000,1695878000.000000,1528336000.000000,167542000.000000,842022000.000000,-27805000.000000,1815535000.000000,0.000000,0.000000,1815872000.000000,-2719364000.000000,-2535763000.000000,1745514000.000000,0.000000,872772000.000000,871917000.000000,871917000.000000,0.000000,0.000000,0.266000,1433387000.000000,862775000.000000,8324000.000000,0.000000,22.988000,110.540000,107.602000,286190000.000000,855000.000000,327.110000,29.390000,29.305000,366346000.000000,899999000.000000,3279438000.000000,3279438000.000000,202866000.000000,0.207000,0.324000,0.557000,0.268000,346010000.000000,1230521000.000000,1.000000,294645777.000000,293794778.000000,305412419.000000,11.162000,5864271000.000000,0.000000,5018000.000000,0.000000,19.960000
ART,2021-06-30,2021-08-31,2021-07-31,2022-Q2,4148706000.000000,86018527629.000000,2025-05-23,147000.000000,6508593000.000000,5186377000.000000,5835079000.000000,673514000.000000,0.701000,15.751000,-136768000.000000,1931370000.000000,1931370000.000000,1052261000.000000,1003867000.000000,3.460000,0.397000,83009000.000000,0.000000,83009000.000000,83009000.000000,1178028000.000000,54657000.000000,0.000000,0.000000,0.000000,1011489000.000000,1066146000.000000,0.293000,1066146000.000000,1011489000.000000,1011489000.000000,3.450000,3.310000,3.450000,4657748000.000000,3552791500.000000,4657748000.000000,84170166629.000000,83.000000,78.948000,1675412000.000000,5.666000,1.000000,2585152000.000000,0.711000,26247000.000000,0.000000,2947612000.000000,2154637000.000000,0.000000,3311824000.000000,3174029000.000000,137795000.000000,1850845000.000000,1686373000.000000,164472000.000000,963878000.000000,-3440000.000000,1842402000.000000,0.000000,0.000000,1842739000.000000,-2691041000.000000,-2548143000.000000,1812180000.000000,0.000000,1003867000.000000,1003105000.000000,1003105000.000000,0.000000,0.000000,0.276000,1615878000.000000,969274000.000000,49762000.000000,0.000000,18.468000,85.752000,83.913000,284939000.000000,762000.000000,289.500000,23.648000,23.536000,395266000.000000,1217083000.000000,3637413000.000000,3637413000.000000,242443000.000000,0.193000,0.282000,0.469000,0.278000,391297000.000000,1373435000.000000,1.000000,297127902.000000,295712675.000000,305861051.000000,12.300000,6482346000.000000,0.000000,7622000.000000,0.000000,21.921000
ART,2021-09-30,2021-11-23,2021-10-31,2022-Q3,4421336000.000000,61577597532.000000,2025-05-23,-5128000.000000,6978971000.000000,6168542000.000000,6112716000.000000,866255000.000000,0.634000,17.196000,-133568000.000000,1322435000.000000,1322435000.000000,1064491000.000000,1145608000.000000,3.614000,0.365000,79319000.000000,0.000000,79319000.000000,79319000.000000,1186119000.000000,61567000.000000,0.000000,0.000000,0.000000,1227751000.000000,1289318000.000000,0.330000,1289318000.000000,1227751000.000000,1227751000.000000,3.890000,3.760000,3.890000,5113685000.000000,4456233250.000000,5113685000.000000,60334481532.000000,49.000000,46.796000,1661698000.000000,5.588000,1.000000,2846482000.000000,0.728000,26247000.000000,0.000000,4018228000.000000,2923684250.000000,0.000000,4395270000.000000,4095520000.000000,299750000.000000,1865286000.000000,1691380000.000000,173906000.000000,314045000.000000,-3440000.000000,1774583000.000000,0.000000,0.000000,1774920000.000000,-3256141000.000000,-3109708000.000000,1795266000.000000,0.000000,1145608000.000000,1144936000.000000,1144936000.000000,0.000000,0.000000,0.293000,1778593000.000000,1067889000.000000,20064000.000000,0.000000,12.042000,53.783000,53.121000,300990000.000000,672000.000000,206.640000,15.745000,15.712000,377874000.000000,1557466000.000000,3910973000.000000,3910973000.000000,298369000.000000,0.186000,0.257000,0.420000,0.314000,412173000.000000,1480224000.000000,1.000000,297994568.000000,297375011.000000,305939624.000000,13.152000,6952724000.000000,0.000000,82143000.000000,0.000000,23.380000
ART,2021-12-31,2022-03-07,2022-01-31,2022-Q4,4604116000.000000,32269493128.000000,2025-05-23,-17902000.000000,7551318000.000000,6731873250.000000,6183807000.000000,1367511000.000000,0.609000,19.505000,-132590000.000000,1062820000.000000,1062820000.000000,1054554000.000000,1375639000.000000,3.915000,0.306000,85018000.000000,0.000000,85018000.000000,85018000.000000,1179916000.000000,66575000.000000,0.000000,0.000000,0.000000,1101632000.000000,1168207000.000000,0.285000,1168207000.000000,1101632000.000000,1101632000.000000,4.640000,4.500000,4.640000,5780018000.000000,4936046000.000000,5780018000.000000,31291691128.000000,28.000000,26.786000,1472676000.000000,4.970000,1.000000,3045310000.000000,0.743000,27607000.000000,0.000000,4966218000.000000,3699289000.000000,0.000000,4724260000.000000,4356446000.000000,367814000.000000,1771300000.000000,1579691000.000000,191609000.000000,-1219763000.000000,-3501000.000000,33731000.000000,0.000000,0.000000,34068000.000000,-2859097000.000000,-2709988000.000000,1605266000.000000,0.000000,1375639000.000000,1375057000.000000,1375057000.000000,0.000000,0.000000,0.335000,1981719000.000000,1063591000.000000,7841000.000000,0.000000,5.583000,23.468000,23.250000,318319000.000000,582000.000000,107.880000,7.871000,7.797000,419673000.000000,2048107000.000000,4099864000.000000,4099864000.000000,362990000.000000,0.204000,0.279000,0.298000,0.269000,477287000.000000,1618729000.000000,1.000000,299123963.000000,296334894.000000,305826505.000000,13.835000,7523711000.000000,382296000.000000,-274007000.000000,0.000000,25.389000
ART,2022-03-31,2022-05-25,2022-04-30,2023-Q1,4755268000.000000,30535991932.000000,2025-05-23,-45237000.000000,7956713000.000000,7248898750.000000,6564278000.000000,1392435000.000000,0.582000,19.883000,-78554000.000000,1407305000.000000,1407305000.000000,1051381000.000000,1261766000.000000,3.629000,0.338000,80201000.000000,0.000000,80201000.000000,80201000.000000,1331047000.000000,72369000.000000,0.000000,0.000000,0.000000,1016373000.000000,1088742000.000000,0.258000,1088742000.000000,1016373000.000000,1016373000.000000,4.240000,4.130000,4.240000,5947887000.000000,5374834500.000000,5947887000.000000,29208887932.000000,29.000000,26.828000,1519561000.000000,5.080000,1.000000,3166046000.000000,0.751000,27607000.000000,0.000000,4792992000.000000,4181262500.000000,0.000000,4662134000.000000,4318974000.000000,343160000.000000,2008826000.000000,1809010000.000000,199816000.000000,-185659000.000000,-3501000.000000,-92896000.000000,0.000000,0.000000,-92896000.000000,-1681453000.000000,-1583169000.000000,1598115000.000000,-9425000.000000,1261766000.000000,1261330000.000000,1261330000.000000,0.000000,0.000000,0.299000,2141702000.000000,1024344000.000000,22506000.000000,0.000000,5.134000,24.209000,24.137000,332647000.000000,436000.000000,102.340000,7.240000,7.259000,483879000.000000,2161765000.000000,4217427000.000000,4217427000.000000,442106000.000000,0.174000,0.235000,0.243000,0.241000,587681000.000000,1699596000.000000,1.000000,298377877.000000,299147105.000000,306614220.000000,14.098000,7929106000.000000,419979000.000000,-245393000.000000,0.000000,26.506000
ART,2022-06-30,2022-08-24,2022-07-31,2023-Q2,4547513000.000000,24886110072.000000,2025-05-23,-48161000.000000,8047598000.000000,7633650000.000000,6414401000.000000,1633197000.000000,0.563000,20.065000,-93411000.000000,937443000.000000,937443000.000000,1063736000.000000,990432000.000000,3.436000,0.343000,75954000.000000,0.000000,75954000.000000,75954000.000000,1401149000.000000,82473000.000000,0.000000,0.000000,0.000000,782888000.000000,865361000.000000,0.201000,865361000.000000,782888000.000000,782888000.000000,3.320000,3.240000,3.320000,5990397000.000000,5707996750.000000,5990397000.000000,24024621072.000000,31.000000,27.763000,1293901000.000000,4.334000,1.000000,3231654000.000000,0.752000,122556000.000000,0.000000,5196665000.000000,4743525750.000000,0.000000,4940956000.000000,4582708000.000000,358248000.000000,2057201000.000000,1866888000.000000,190313000.000000,-1051932000.000000,-121933000.000000,-419857000.000000,0.000000,0.000000,-419857000.000000,-2003276000.000000,-1771703000.000000,1387312000.000000,-16111000.000000,990432000.000000,990146000.000000,990146000.000000,0.000000,0.000000,0.231000,2380170000.000000,851484000.000000,22994000.000000,0.000000,4.154000,25.134000,25.184000,327575000.000000,286000.000000,83.610000,5.794000,5.811000,509543000.000000,2207515000.000000,4295390000.000000,4295390000.000000,532359000.000000,0.130000,0.173000,0.165000,0.182000,741054000.000000,1847811000.000000,1.000000,297645139.000000,298553379.000000,307160840.000000,14.387000,7925042000.000000,494257000.000000,-207544000.000000,0.000000,26.545000
ART,2022-09-30,2022-11-23,2022-10-31,2023-Q3,4245787000.000000,22257414516.000000,2025-05-23,-72716000.000000,7837178000.000000,7848201750.000000,6142097000.000000,1695081000.000000,0.554000,19.476000,-96342000.000000,1096174000.000000,1096174000.000000,1063444000.000000,698402000.000000,3.239000,0.362000,78128000.000000,0.000000,78128000.000000,78128000.000000,1354223000.000000,93039000.000000,0.000000,0.000000,0.000000,427354000.000000,520393000.000000,0.120000,520393000.000000,427354000.000000,427354000.000000,2.340000,2.290000,2.340000,5755812000.000000,5868528500.000000,5755812000.000000,21239368516.000000,50.000000,40.814000,1191728000.000000,4.032000,1.000000,3283089000.000000,0.755000,122556000.000000,0.000000,4800266000.000000,4939035250.000000,0.000000,4423367000.000000,4068818000.000000,354549000.000000,2081366000.000000,1896310000.000000,185056000.000000,-236685000.000000,-121933000.000000,-935504000.000000,0.000000,0.000000,-935504000.000000,-552612000.000000,-320377000.000000,1288070000.000000,-36639000.000000,698402000.000000,698228000.000000,698228000.000000,0.000000,0.000000,0.161000,2655954000.000000,627135000.000000,27247000.000000,0.000000,3.867000,31.877000,32.538000,341824000.000000,174000.000000,76.140000,5.121000,5.177000,589573000.000000,2255868000.000000,4346533000.000000,4346533000.000000,629797000.000000,0.089000,0.119000,0.087000,0.098000,929068000.000000,2026157000.000000,1.000000,292322229.000000,295537026.000000,301986341.000000,14.707000,7714622000.000000,550539000.000000,-271048000.000000,0.000000,26.104000
ART,2022-12-31,2023-03-03,2023-01-31,2023-Q4,4617768000.000000,20806554493.000000,2025-05-23,-50385000.000000,8128065000.000000,7992388500.000000,6356412000.000000,1771653000.000000,0.550000,20.929000,-103826000.000000,1086830000.000000,1086830000.000000,1100451000.000000,103711000.000000,3.656000,0.310000,73687000.000000,0.000000,73687000.000000,73687000.000000,1308446000.000000,111254000.000000,0.000000,0.000000,0.000000,249276000.000000,360530000.000000,0.082000,360530000.000000,249276000.000000,249276000.000000,0.350000,0.340000,0.350000,6206607000.000000,5975175750.000000,6206607000.000000,19793411493.000000,79.000000,54.901000,1186436000.000000,4.001000,1.000000,3292509000.000000,0.749000,122641000.000000,0.000000,5253637000.000000,5010890000.000000,0.000000,4724828000.000000,4325836000.000000,398992000.000000,1921458000.000000,1738644000.000000,182814000.000000,26890000.000000,-120553000.000000,-936942000.000000,0.000000,0.000000,-936942000.000000,-318322000.000000,-82975000.000000,1290262000.000000,-8108000.000000,103711000.000000,103704000.000000,103704000.000000,0.000000,0.000000,0.024000,3047080000.000000,245429000.000000,14414000.000000,0.000000,3.352000,200.634000,202.314000,333727000.000000,7000.000000,70.810000,4.736000,4.780000,557404000.000000,2151818000.000000,4392960000.000000,4392960000.000000,774059000.000000,0.013000,0.017000,0.050000,0.057000,1285752000.000000,2273021000.000000,1.000000,293836386.000000,296560501.000000,304231350.000000,14.813000,8005424000.000000,558428000.000000,145565000.000000,0.000000,26.994000
ART,2023-03-31,2023-05-25,2023-04-30,2024-Q1,4723786000.000000,19376105459.000000,2025-05-23,-34871000.000000,8536210000.000000,8137262750.000000,6567679000.000000,1968531000.000000,0.544000,22.085000,-100614000.000000,1029546000.000000,1029546000.000000,1102577000.000000,5497000.000000,3.562000,0.308000,68470000.000000,0.000000,68470000.000000,68470000.000000,1366136000.000000,119980000.000000,0.000000,0.000000,0.000000,148834000.000000,268814000.000000,0.061000,268814000.000000,148834000.000000,148834000.000000,0.010000,0.020000,0.010000,6524107000.000000,6119230750.000000,6524107000.000000,18415029459.000000,124.000000,68.505000,1081984000.000000,3.663000,1.000000,3321947000.000000,0.751000,304162000.000000,0.000000,5427079000.000000,5169411750.000000,0.000000,5019112000.000000,4566845000.000000,452267000.000000,2012103000.000000,1843893000.000000,168210000.000000,-372092000.000000,-319969000.000000,-796680000.000000,0.000000,0.000000,-796680000.000000,-756774000.000000,-328434000.000000,1182598000.000000,-1236000.000000,5497000.000000,5503000.000000,5503000.000000,0.000000,0.000000,0.001000,3253841000.000000,68106000.000000,16520000.000000,0.000000,2.970000,3521.008000,6512.000000,330743000.000000,-6000.000000,65.120000,4.379000,4.348000,590694000.000000,2167262000.000000,4424524000.000000,4424524000.000000,839039000.000000,0.001000,0.001000,0.029000,0.034000,1358734000.000000,2414802000.000000,1.000000,297544617.000000,295409207.000000,304115913.000000,14.978000,8232048000.000000,532996000.000000,143337000.000000,0.000000,27.867000
ART,2023-06-30,2023-08-23,2023-07-31,2024-Q2,5283519000.000000,20516235554.000000,2025-05-23,-36707000.000000,8923108000.000000,8356140250.000000,7050992000.000000,1872116000.000000,0.534000,23.412000,-119382000.000000,1380121000.000000,1380121000.000000,1095525000.000000,141721000.000000,3.989000,0.274000,62181000.000000,0.000000,62181000.000000,62181000.000000,1369768000.000000,124891000.000000,0.000000,0.000000,0.000000,308808000.000000,433699000.000000,0.097000,433699000.000000,308808000.000000,308808000.000000,0.470000,0.460000,0.470000,7002352000.000000,6372219500.000000,7002352000.000000,19198295554.000000,62.000000,44.266000,1141978000.000000,3.818000,1.000000,3368217000.000000,0.755000,307295000.000000,0.000000,5530400000.000000,5252845500.000000,0.000000,5025086000.000000,4648393000.000000,376693000.000000,1920756000.000000,1767473000.000000,153283000.000000,448812000.000000,-204918000.000000,-506663000.000000,0.000000,0.000000,-506663000.000000,-310107000.000000,21950000.000000,1261360000.000000,4222000.000000,141721000.000000,141731000.000000,141731000.000000,0.000000,0.000000,0.032000,3244236000.000000,123981000.000000,20854000.000000,0.000000,2.930000,144.755000,145.043000,346130000.000000,-10000.000000,68.170000,4.596000,4.568000,571049000.000000,2349236000.000000,4463742000.000000,4463742000.000000,858277000.000000,0.017000,0.022000,0.059000,0.069000,1364728000.000000,2385959000.000000,1.000000,300956954.000000,299093452.000000,305932596.000000,14.924000,8615813000.000000,541016000.000000,167087000.000000,0.000000,28.806000
ART,2023-09-30,2023-11-21,2023-10-31,2024-Q3,5731754000.000000,20073685656.000000,2025-05-23,-27109000.000000,9317472000.000000,8726213750.000000,7484759000.000000,1832713000.000000,0.516000,24.508000,-136671000.000000,1492910000.000000,1492910000.000000,1095848000.000000,234580000.000000,4.270000,0.257000,55409000.000000,0.000000,55409000.000000,55409000.000000,1315898000.000000,129404000.000000,0.000000,0.000000,0.000000,439885000.000000,569289000.000000,0.127000,569289000.000000,439885000.000000,439885000.000000,0.780000,0.750000,0.780000,7413401000.000000,6786616750.000000,7413401000.000000,18636184656.000000,42.000000,32.736000,1322528000.000000,4.372000,1.000000,3402722000.000000,0.756000,307295000.000000,0.000000,5819671000.000000,5507696750.000000,0.000000,5354529000.000000,5001507000.000000,353022000.000000,1904071000.000000,1753005000.000000,151066000.000000,392039000.000000,-204918000.000000,47697000.000000,0.000000,0.000000,47697000.000000,-1122115000.000000,-780126000.000000,1459199000.000000,7258000.000000,234580000.000000,234590000.000000,234590000.000000,0.000000,0.000000,0.052000,3175860000.000000,226862000.000000,14431000.000000,0.000000,2.708000,85.569000,84.538000,356909000.000000,-10000.000000,65.940000,4.462000,4.434000,514045000.000000,2490448000.000000,4498570000.000000,4498570000.000000,859163000.000000,0.027000,0.035000,0.080000,0.098000,1320847000.000000,2316697000.000000,1.000000,304423501.000000,302493182.000000,310389905.000000,14.872000,9010177000.000000,531677000.000000,205305000.000000,0.000000,29.786000
ART,2023-12-31,2024-03-04,2024-01-31,2024-Q4,6164032000.000000,21439984038.000000,2025-05-23,1063000.000000,9929793000.000000,9176645750.000000,7926219000.000000,2003574000.000000,0.493000,26.665000,-126953000.000000,1558252000.000000,1558252000.000000,1077801000.000000,637462000.000000,4.498000,0.238000,48308000.000000,0.000000,48308000.000000,48308000.000000,1270362000.000000,125517000.000000,0.000000,0.000000,0.000000,832312000.000000,957829000.000000,0.212000,957829000.000000,832312000.000000,832312000.000000,2.120000,2.070000,2.120000,8019406000.000000,7239816500.000000,8019406000.000000,19930040038.000000,24.000000,20.808000,1471883000.000000,4.894000,1.000000,3449423000.000000,0.762000,307295000.000000,0.000000,6350367000.000000,5781879250.000000,0.000000,5813455000.000000,5404233000.000000,409222000.000000,1910387000.000000,1762187000.000000,148200000.000000,465137000.000000,-204918000.000000,60186000.000000,0.000000,0.000000,60186000.000000,-1183689000.000000,-851818000.000000,1598836000.000000,-10196000.000000,637462000.000000,637462000.000000,637462000.000000,0.000000,0.000000,0.141000,2924144000.000000,525279000.000000,10175000.000000,0.000000,2.674000,33.633000,32.882000,352679000.000000,0.000000,69.710000,4.736000,4.631000,536078000.000000,2789280000.000000,4527224000.000000,4527224000.000000,803187000.000000,0.069000,0.088000,0.144000,0.184000,1057161000.000000,2120957000.000000,1.000000,307559662.000000,300748162.000000,308519897.000000,15.053000,9622498000.000000,662177000.000000,194850000.000000,0.000000,31.995000
ART,2024-03-31,2024-05-22,2024-04-30,2025-Q1,6426144000.000000,19911255320.000000,2025-05-23,-17490000.000000,10296630000.000000,9616750750.000000,8282045000.000000,2014585000.000000,0.474000,26.883000,-123635000.000000,1885603000.000000,1885603000.000000,1087156000.000000,838326000.000000,4.463000,0.241000,40284000.000000,0.000000,40284000.000000,40284000.000000,1352192000.000000,128095000.000000,0.000000,0.000000,0.000000,1081046000.000000,1209141000.000000,0.265000,1209141000.000000,1081046000.000000,1081046000.000000,2.770000,2.700000,2.770000,8298824000.000000,7683495750.000000,8298824000.000000,18065936320.000000,17.000000,14.941000,1644905000.000000,5.328000,1.000000,3475938000.000000,0.762000,307295000.000000,0.000000,6288115000.000000,5997138250.000000,0.000000,5913660000.000000,5488737000.000000,424923000.000000,1997806000.000000,1855901000.000000,141905000.000000,854034000.000000,-5502000.000000,-89284000.000000,0.000000,0.000000,-89284000.000000,-810727000.000000,-681590000.000000,1768540000.000000,-14495000.000000,838326000.000000,838326000.000000,838326000.000000,0.000000,0.000000,0.184000,2757379000.000000,718559000.000000,18315000.000000,0.000000,2.399000,23.751000,23.242000,360462000.000000,0.000000,64.380000,4.364000,4.355000,527515000.000000,3005588000.000000,4563094000.000000,4563094000.000000,799474000.000000,0.087000,0.109000,0.180000,0.237000,1004241000.000000,1957905000.000000,1.000000,309277032.000000,308700582.000000,315360678.000000,14.782000,9989335000.000000,673808000.000000,242720000.000000,0.000000,32.359000
ART,2024-06-30,2024-08-23,2024-07-31,2025-Q2,6553797000.000000,21588335540.000000,2025-05-23,2191000.000000,10507192000.000000,10012771750.000000,8395145000.000000,2112047000.000000,0.458000,27.577000,-161269000.000000,1539457000.000000,1539457000.000000,1105686000.000000,875367000.000000,4.559000,0.232000,36052000.000000,0.000000,36052000.000000,36052000.000000,1406694000.000000,132366000.000000,0.000000,0.000000,0.000000,1123562000.000000,1255928000.000000,0.274000,1255928000.000000,1123562000.000000,1123562000.000000,2.870000,2.810000,2.870000,8525247000.000000,8064219500.000000,8525247000.000000,20084930540.000000,18.000000,15.992000,1720634000.000000,5.566000,1.000000,3481252000.000000,0.759000,307295000.000000,0.000000,6855144000.000000,6328324250.000000,0.000000,6419104000.000000,5980575000.000000,438529000.000000,1981945000.000000,1841348000.000000,140597000.000000,157077000.000000,0.000000,-379988000.000000,0.000000,0.000000,-379988000.000000,-1332277000.000000,-1171008000.000000,1881903000.000000,-12561000.000000,875367000.000000,875367000.000000,875367000.000000,0.000000,0.000000,0.191000,2737941000.000000,743311000.000000,10611000.000000,0.000000,2.532000,24.662000,24.439000,400759000.000000,0.000000,70.140000,4.706000,4.727000,528237000.000000,3224603000.000000,4586938000.000000,4586938000.000000,814428000.000000,0.087000,0.109000,0.178000,0.245000,980682000.000000,1923513000.000000,1.000000,307789215.000000,309137807.000000,314027192.000000,14.838000,10199897000.000000,718066000.000000,248195000.000000,0.000000,32.995000
ART,2024-09-30,2024-11-26,2024-10-31,2025-Q3,6678989000.000000,25564742195.000000,2025-05-23,6787000.000000,10679869000.000000,10353371000.000000,8532415000.000000,2147454000.000000,0.447000,28.224000,-146766000.000000,1273823000.000000,1273823000.000000,1118579000.000000,941205000.000000,4.604000,0.230000,37590000.000000,0.000000,37590000.000000,37590000.000000,1378951000.000000,138399000.000000,0.000000,0.000000,0.000000,1218148000.000000,1356547000.000000,0.293000,1356547000.000000,1218148000.000000,1218148000.000000,3.070000,3.020000,3.070000,8679834000.000000,8380827750.000000,8679834000.000000,24328509195.000000,20.000000,17.934000,1725201000.000000,5.610000,1.000000,3509173000.000000,0.758000,307295000.000000,0.000000,7282915000.000000,6694135250.000000,0.000000,6872867000.000000,6428214000.000000,444653000.000000,2000035000.000000,1853426000.000000,146609000.000000,-215269000.000000,0.000000,-674872000.000000,0.000000,0.000000,-674872000.000000,-1420421000.000000,-1273655000.000000,1871967000.000000,8057000.000000,941205000.000000,941205000.000000,941205000.000000,0.000000,0.000000,0.203000,2752411000.000000,756762000.000000,8542000.000000,0.000000,2.945000,27.162000,27.169000,397628000.000000,0.000000,83.410000,5.524000,5.543000,458007000.000000,3431653000.000000,4627752000.000000,4627752000.000000,840576000.000000,0.091000,0.112000,0.182000,0.263000,962743000.000000,1911835000.000000,1.000000,306494931.000000,307529696.000000,314191269.000000,15.048000,10372574000.000000,730601000.000000,276943000.000000,0.000000,33.729000
ART,2024-12-31,2025-02-28,2025-01-31,2025-Q4,6772680000.000000,22495734966.000000,2025-05-23,4990000.000000,10988421000.000000,10618028000.000000,8675974000.000000,2312447000.000000,0.439000,29.012000,-136560000.000000,1349380000.000000,1349380000.000000,1129627000.000000,1010238000.000000,4.558000,0.230000,37406000.000000,0.000000,37406000.000000,37406000.000000,1353661000.000000,146698000.000000,0.000000,0.000000,0.000000,1315584000.000000,1462282000.000000,0.313000,1462282000.000000,1315584000.000000,1315584000.000000,3.280000,3.210000,3.280000,8935084000.000000,8609747250.000000,8935084000.000000,21183760966.000000,16.000000,14.487000,1808748000.000000,5.873000,1.000000,3535806000.000000,0.758000,307295000.000000,0.000000,7465858000.000000,6973008000.000000,0.000000,7033810000.000000,6442329000.000000,591481000.000000,2053337000.000000,1903294000.000000,150043000.000000,-203963000.000000,0.000000,-1028077000.000000,0.000000,0.000000,-1028077000.000000,-1106024000.000000,-969464000.000000,1945308000.000000,-15170000.000000,1010238000.000000,1010238000.000000,1010238000.000000,0.000000,0.000000,0.217000,2722511000.000000,813295000.000000,8345000.000000,0.000000,2.518000,22.268000,22.470000,386375000.000000,0.000000,73.700000,4.822000,4.865000,495228000.000000,3799518000.000000,4665433000.000000,4665433000.000000,852415000.000000,0.095000,0.117000,0.189000,0.282000,931309000.000000,1870096000.000000,1.000000,305233853.000000,307981971.000000,315069582.000000,15.148000,10681126000.000000,749759000.000000,305346000.000000,0.000000,34.681000
ART,2025-03-31,2025-05-23,2025-04-30,2026-Q1,6769404000.000000,23985975631.000000,2025-05-23,15145000.000000,10951896000.000000,10781844500.000000,8666777000.000000,2285119000.000000,0.436000,29.197000,-143962000.000000,1228847000.000000,1228847000.000000,1134727000.000000,1048533000.000000,4.568000,0.230000,35894000.000000,0.000000,35894000.000000,35894000.000000,1425402000.000000,156087000.000000,0.000000,0.000000,0.000000,1339385000.000000,1495472000.000000,0.318000,1495472000.000000,1339385000.000000,1339385000.000000,3.420000,3.340000,3.420000,8902368000.000000,8760633250.000000,8902368000.000000,22793022631.000000,17.000000,15.241000,1702416000.000000,5.583000,1.000000,3564187000.000000,0.759000,307295000.000000,0.000000,7554275000.000000,7289548000.000000,0.000000,7140115000.000000,6563976000.000000,576139000.000000,2049528000.000000,1897373000.000000,152155000.000000,-649572000.000000,0.000000,-1294003000.000000,0.000000,0.000000,-1376156000.000000,-1123330000.000000,-979368000.000000,1846378000.000000,3536000.000000,1048533000.000000,1048533000.000000,1048533000.000000,0.000000,0.000000,0.223000,2712322000.000000,851865000.000000,14205000.000000,0.000000,2.694000,22.876000,23.181000,365428000.000000,0.000000,79.280000,5.105000,5.144000,477242000.000000,4054121000.000000,4698914000.000000,4698914000.000000,852273000.000000,0.097000,0.120000,0.184000,0.285000,903453000.000000,1860049000.000000,1.000000,302547624.000000,304908652.000000,312783861.000000,15.411000,10644601000.000000,769189000.000000,290852000.000000,0.000000,34.911000
ARY,2018-12-31,2019-03-22,2019-01-31,2019-FY,124378000.000000,,2025-05-23,-135000.000000,354565000.000000,,276719000.000000,77846000.000000,,-0.088000,-28432000.000000,63624000.000000,63624000.000000,61001000.000000,7584000.000000,1.816000,-27.215000,0.000000,0.000000,0.000000,0.000000,125773000.000000,7008000.000000,0.000000,,0.000000,8349000.000000,15357000.000000,0.046000,15357000.000000,8349000.000000,8349000.000000,0.000000,0.000000,0.000000,-7439000.000000,,-7439000.000000,,,,22900000.000000,0.271000,1.000000,269516000.000000,0.815000,0.000000,0.000000,138600000.000000,,0.000000,112777000.000000,112777000.000000,0.000000,202452000.000000,152341000.000000,50111000.000000,29147000.000000,0.000000,3565000.000000,14908000.000000,0.000000,17534000.000000,-39719000.000000,-9269000.000000,51332000.000000,0.000000,7584000.000000,0.000000,0.000000,0.000000,0.000000,0.000000,263349000.000000,6167000.000000,4963000.000000,,,,,37275000.000000,7584000.000000,,,,63613000.000000,-25153000.000000,330517000.000000,330517000.000000,33014000.000000,,,,0.025000,8941000.000000,230335000.000000,1.000000,256576638.000000,84483094.000000,116005681.000000,3.912000,354565000.000000,0.000000,765000.000000,0.000000,4.197000
ARY,2018-12-31,2019-04-16,2019-01-31,2019-FY,124378000.000000,,2025-05-23,-135000.000000,354565000.000000,,276719000.000000,77846000.000000,,-0.088000,-28432000.000000,63624000.000000,63624000.000000,61001000.000000,7584000.000000,1.816000,-27.215000,0.000000,0.000000,0.000000,0.000000,125773000.000000,7008000.000000,0.000000,,0.000000,8349000.000000,15357000.000000,0.046000,15357000.000000,8349000.000000,8349000.000000,0.000000,0.000000,0.000000,-7439000.000000,,-7439000.000000,,,,22900000.000000,0.271000,1.000000,269516000.000000,0.815000,0.000000,0.000000,138600000.000000,,0.000000,112777000.000000,112777000.000000,0.000000,202452000.000000,152341000.000000,50111000.000000,29147000.000000,0.000000,3565000.000000,14908000.000000,0.000000,17534000.000000,-39719000.000000,-9269000.000000,51332000.000000,0.000000,7584000.000000,0.000000,0.000000,0.000000,0.000000,0.000000,263349000.000000,6167000.000000,4963000.000000,,,,,37275000.000000,7584000.000000,,,,63613000.000000,-25153000.000000,330517000.000000,330517000.000000,33014000.000000,,,,0.025000,8941000.000000,230335000.000000,1.000000,256576638.000000,84483094.000000,116005681.000000,3.912000,354565000.000000,0.000000,765000.000000,0.000000,4.197000
ARY,2019-12-31,2020-03-20,2020-01-31,2020-FY,761692000.000000,36423660969.000000,2025-05-23,809000.000000,1289845000.000000,1136719250.000000,1095522000.000000,194323000.000000,0.548000,3.569000,-38084000.000000,283134000.000000,283134000.000000,115396000.000000,25305000.000000,3.282000,0.547000,64792000.000000,0.000000,64792000.000000,64792000.000000,230536000.000000,23334000.000000,0.000000,0.000000,0.000000,26362000.000000,49696000.000000,0.080000,49696000.000000,26362000.000000,26362000.000000,0.090000,0.090000,0.090000,833943000.000000,767496000.000000,833943000.000000,36205318969.000000,1373.000000,728.536000,113808000.000000,0.487000,1.000000,507262000.000000,0.815000,0.000000,0.000000,737673000.000000,580805000.000000,0.000000,572060000.000000,572060000.000000,0.000000,455902000.000000,333830000.000000,122072000.000000,268114000.000000,0.000000,615690000.000000,0.000000,0.000000,615690000.000000,-499468000.000000,-461243000.000000,151892000.000000,0.000000,25305000.000000,21750000.000000,21750000.000000,0.000000,0.000000,0.035000,494566000.000000,12696000.000000,1596000.000000,0.000000,43.676000,1674.651000,1450.556000,125746000.000000,3555000.000000,130.550000,58.497000,48.987000,120435000.000000,152000.000000,622658000.000000,622658000.000000,67079000.000000,0.019000,0.028000,0.045000,0.042000,73109000.000000,427487000.000000,1.000000,279001616.000000,233641336.000000,254298014.000000,2.665000,1289845000.000000,0.000000,1057000.000000,0.000000,5.521000
ARY,2020-12-31,2021-03-18,2021-01-31,2021-FY,3532899000.000000,92907626714.000000,2025-05-23,839000.000000,5297993000.000000,3260238500.000000,4792865000.000000,505128000.000000,0.813000,13.601000,-79972000.000000,2240303000.000000,2240303000.000000,821989000.000000,672316000.000000,3.804000,0.372000,90415000.000000,0.000000,90415000.000000,90415000.000000,883495000.000000,39744000.000000,0.000000,0.000000,0.000000,678034000.000000,717778000.000000,0.271000,717778000.000000,678034000.000000,678034000.000000,2.370000,2.250000,2.370000,3860767000.000000,1865282000.000000,3860767000.000000,90757738714.000000,134.000000,126.443000,1391205000.000000,4.901000,1.000000,1829379000.000000,0.690000,24340000.000000,0.000000,1863799000.000000,1010397750.000000,0.000000,2004410000.000000,2004410000.000000,0.000000,1437226000.000000,1259966000.000000,177260000.000000,1959034000.000000,-26486000.000000,2050277000.000000,0.000000,0.000000,2050277000.000000,-1562420000.000000,-1451778000.000000,1471177000.000000,0.000000,672316000.000000,671527000.000000,671527000.000000,0.000000,0.000000,0.253000,1169531000.000000,659848000.000000,8664000.000000,0.000000,24.065000,138.353000,133.468000,247573000.000000,789000.000000,316.320000,35.041000,33.865000,294703000.000000,672468000.000000,2651368000.000000,2651368000.000000,164080000.000000,0.206000,0.360000,0.671000,0.256000,275818000.000000,1005451000.000000,1.000000,293714045.000000,283853654.000000,298127669.000000,9.341000,5273653000.000000,0.000000,5718000.000000,0.000000,18.579000
ARY,2021-12-31,2022-03-07,2022-01-31,2022-FY,4604116000.000000,32269493128.000000,2025-05-23,-17902000.000000,7551318000.000000,6731873250.000000,6183807000.000000,1367511000.000000,0.609000,19.505000,-132590000.000000,1062820000.000000,1062820000.000000,1054554000.000000,1375639000.000000,3.915000,0.306000,85018000.000000,0.000000,85018000.000000,85018000.000000,1179916000.000000,66575000.000000,0.000000,0.000000,0.000000,1101632000.000000,1168207000.000000,0.285000,1168207000.000000,1101632000.000000,1101632000.000000,4.640000,4.500000,4.640000,5780018000.000000,4936046000.000000,5780018000.000000,31291691128.000000,28.000000,26.786000,1472676000.000000,4.970000,1.000000,3045310000.000000,0.743000,27607000.000000,0.000000,4966218000.000000,3699289000.000000,0.000000,4724260000.000000,4356446000.000000,367814000.000000,1771300000.000000,1579691000.000000,191609000.000000,-1219763000.000000,-3501000.000000,33731000.000000,0.000000,0.000000,34068000.000000,-2859097000.000000,-2709988000.000000,1605266000.000000,0.000000,1375639000.000000,1375057000.000000,1375057000.000000,0.000000,0.000000,0.335000,1981719000.000000,1063591000.000000,7841000.000000,0.000000,5.583000,23.468000,23.250000,318319000.000000,582000.000000,107.880000,7.871000,7.797000,419673000.000000,2048107000.000000,4099864000.000000,4099864000.000000,362990000.000000,0.204000,0.279000,0.298000,0.269000,477287000.000000,1618729000.000000,1.000000,299123963.000000,296334894.000000,305826505.000000,13.835000,7523711000.000000,382296000.000000,-274007000.000000,0.000000,25.389000
ARY,2022-12-31,2023-03-03,2023-01-31,2023-FY,4617768000.000000,20806554493.000000,2025-05-23,-50385000.000000,8128065000.000000,7992388500.000000,6356412000.000000,1771653000.000000,0.550000,20.929000,-103826000.000000,1086830000.000000,1086830000.000000,1100451000.000000,103711000.000000,3.656000,0.310000,73687000.000000,0.000000,73687000.000000,73687000.000000,1308446000.000000,111254000.000000,0.000000,0.000000,0.000000,249276000.000000,360530000.000000,0.082000,360530000.000000,249276000.000000,249276000.000000,0.350000,0.340000,0.350000,6206607000.000000,5975175750.000000,6206607000.000000,19793411493.000000,79.000000,54.901000,1186436000.000000,4.001000,1.000000,3292509000.000000,0.749000,122641000.000000,0.000000,5253637000.000000,5010890000.000000,0.000000,4724828000.000000,4325836000.000000,398992000.000000,1921458000.000000,1738644000.000000,182814000.000000,26890000.000000,-120553000.000000,-936942000.000000,0.000000,0.000000,-936942000.000000,-318322000.000000,-82975000.000000,1290262000.000000,-8108000.000000,103711000.000000,103704000.000000,103704000.000000,0.000000,0.000000,0.024000,3047080000.000000,245429000.000000,14414000.000000,0.000000,3.352000,200.634000,202.314000,333727000.000000,7000.000000,70.810000,4.736000,4.780000,557404000.000000,2151818000.000000,4392960000.000000,4392960000.000000,774059000.000000,0.013000,0.017000,0.050000,0.057000,1285752000.000000,2273021000.000000,1.000000,293836386.000000,296560501.000000,304231350.000000,14.813000,8005424000.000000,558428000.000000,145565000.000000,0.000000,26.994000
ARY,2023-12-31,2024-03-04,2024-01-31,2024-FY,6164032000.000000,21439984038.000000,2025-05-23,1063000.000000,9929793000.000000,9176645750.000000,7926219000.000000,2003574000.000000,0.493000,26.665000,-126953000.000000,1558252000.000000,1558252000.000000,1077801000.000000,637462000.000000,4.498000,0.238000,48308000.000000,0.000000,48308000.000000,48308000.000000,1270362000.000000,125517000.000000,0.000000,0.000000,0.000000,832312000.000000,957829000.000000,0.212000,957829000.000000,832312000.000000,832312000.000000,2.120000,2.070000,2.120000,8019406000.000000,7239816500.000000,8019406000.000000,19930040038.000000,24.000000,20.808000,1471883000.000000,4.894000,1.000000,3449423000.000000,0.762000,307295000.000000,0.000000,6350367000.000000,5781879250.000000,0.000000,5813455000.000000,5404233000.000000,409222000.000000,1910387000.000000,1762187000.000000,148200000.000000,465137000.000000,-204918000.000000,60186000.000000,0.000000,0.000000,60186000.000000,-1183689000.000000,-851818000.000000,1598836000.000000,-10196000.000000,637462000.000000,637462000.000000,637462000.000000,0.000000,0.000000,0.141000,2924144000.000000,525279000.000000,10175000.000000,0.000000,2.674000,33.633000,32.882000,352679000.000000,0.000000,69.710000,4.736000,4.631000,536078000.000000,2789280000.000000,4527224000.000000,4527224000.000000,803187000.000000,0.069000,0.088000,0.144000,0.184000,1057161000.000000,2120957000.000000,1.000000,307559662.000000,300748162.000000,308519897.000000,15.053000,9622498000.000000,662177000.000000,194850000.000000,0.000000,31.995000
ARY,2024-12-31,2025-02-28,2025-01-31,2025-FY,6772680000.000000,22495734966.000000,2025-05-23,4990000.000000,10988421000.000000,10618028000.000000,8675974000.000000,2312447000.000000,0.439000,29.012000,-136560000.000000,1349380000.000000,1349380000.000000,1129627000.000000,1010238000.000000,4.558000,0.230000,37406000.000000,0.000000,37406000.000000,37406000.000000,1353661000.000000,146698000.000000,0.000000,0.000000,0.000000,1315584000.000000,1462282000.000000,0.313000,1462282000.000000,1315584000.000000,1315584000.000000,3.280000,3.210000,3.280000,8935084000.000000,8609747250.000000,8935084000.000000,21183760966.000000,16.000000,14.487000,1808748000.000000,5.873000,1.000000,3535806000.000000,0.758000,307295000.000000,0.000000,7465858000.000000,6973008000.000000,0.000000,7033810000.000000,6442329000.000000,591481000.000000,2053337000.000000,1903294000.000000,150043000.000000,-203963000.000000,0.000000,-1028077000.000000,0.000000,0.000000,-1028077000.000000,-1106024000.000000,-969464000.000000,1945308000.000000,-15170000.000000,1010238000.000000,1010238000.000000,1010238000.000000,0.000000,0.000000,0.217000,2722511000.000000,813295000.000000,8345000.000000,0.000000,2.518000,22.268000,22.470000,386375000.000000,0.000000,73.700000,4.822000,4.865000,495228000.000000,3799518000.000000,4665433000.000000,4665433000.000000,852415000.000000,0.095000,0.117000,0.189000,0.282000,931309000.000000,1870096000.000000,1.000000,305233853.000000,307981971.000000,315069582.000000,15.148000,10681126000.000000,749759000.000000,305346000.000000,0.000000,34.681000
MRQ,2017-12-31,2018-01-31,2018-01-31,2018-Q4,114633000.000000,,2025-05-23,-531000.000000,215019000.000000,,183162000.000000,31857000.000000,,-0.341000,,36146000.000000,36146000.000000,,,2.673000,-3.080000,0.000000,0.000000,0.000000,0.000000,54262000.000000,,0.000000,,0.000000,,,,,,,,,,-26671000.000000,,-26671000.000000,,,,,,1.000000,,,0.000000,,110344000.000000,,0.000000,103056000.000000,103056000.000000,0.000000,82138000.000000,68529000.000000,13609000.000000,,,,,,,,,,,,,,,,,,,2723000.000000,,,,,13032000.000000,,,,,24526000.000000,-32737000.000000,,,,,,,,,,1.000000,,78119865.000000,,,215019000.000000,0.000000,,0.000000,2.752000
MRQ,2018-03-31,2018-04-30,2018-04-30,2019-Q1,,,2025-05-23,,,,,,,,-3850000.000000,,,11660000.000000,-1340000.000000,,,,,,,,1167000.000000,,,0.000000,-1243000.000000,-76000.000000,-0.001000,-76000.000000,-1243000.000000,-1243000.000000,-0.020000,-0.020000,-0.020000,,,,,,,-1091000.000000,-0.014000,1.000000,48410000.000000,0.806000,,0.000000,,,,,,,,,,-4636000.000000,0.000000,188000.000000,-53000.000000,0.000000,135000.000000,-7530000.000000,-3680000.000000,2759000.000000,0.000000,-1340000.000000,-1340000.000000,-1340000.000000,0.000000,0.000000,-0.022000,50094000.000000,-1684000.000000,,0.000000,,,,,0.000000,,,,,,60070000.000000,60070000.000000,6264000.000000,,,,,849000.000000,43830000.000000,1.000000,,80623861.000000,80623861.000000,0.745000,,,97000.000000,,
MRQ,2018-06-30,2018-07-31,2018-07-31,2019-Q2,,,2025-05-23,,,,,,,,-6177000.000000,,,12973000.000000,3825000.000000,,,,,,,,1451000.000000,,,0.000000,3966000.000000,5417000.000000,0.073000,5417000.000000,3966000.000000,3966000.000000,0.010000,0.000000,0.010000,,,,,,,8174000.000000,0.098000,1.000000,61553000.000000,0.826000,,0.000000,,,,,,,,,,5682000.000000,0.000000,388000.000000,-39000.000000,0.000000,349000.000000,-9018000.000000,-2841000.000000,14351000.000000,0.000000,3825000.000000,496000.000000,496000.000000,0.000000,0.000000,0.007000,58131000.000000,3422000.000000,,0.000000,,,,,3329000.000000,,,,,,74526000.000000,74526000.000000,7049000.000000,,,,,1126000.000000,51082000.000000,1.000000,,83330741.000000,108454323.000000,0.894000,,,141000.000000,,
MRQ,2018-09-30,2018-10-31,2018-10-31,2019-Q3,,,2025-05-23,,,,,,,,-8094000.000000,,,16843000.000000,-598000.000000,,,,,,,,1841000.000000,,,0.000000,-458000.000000,1383000.000000,0.015000,1383000.000000,-458000.000000,-458000.000000,-0.010000,-0.010000,-0.010000,,,,,,,10137000.000000,0.118000,1.000000,73278000.000000,0.813000,,0.000000,,,,,,,,,,28184000.000000,0.000000,2138000.000000,15000000.000000,0.000000,17138000.000000,-7185000.000000,909000.000000,18231000.000000,0.000000,-598000.000000,-598000.000000,-598000.000000,0.000000,0.000000,-0.007000,74341000.000000,-1063000.000000,,0.000000,,,,,0.000000,,,,,,90121000.000000,90121000.000000,8893000.000000,,,,,2652000.000000,65448000.000000,1.000000,,85645323.000000,111000300.000000,1.052000,,,140000.000000,,
MRQ,2018-12-31,2019-01-31,2019-01-31,2019-Q4,124378000.000000,,2025-05-23,-135000.000000,354565000.000000,,276719000.000000,77846000.000000,,-0.084000,-10311000.000000,63624000.000000,63624000.000000,19525000.000000,5697000.000000,1.816000,-27.215000,0.000000,0.000000,0.000000,0.000000,125773000.000000,2549000.000000,0.000000,,0.000000,6084000.000000,8633000.000000,0.082000,8633000.000000,6084000.000000,6084000.000000,0.000000,0.000000,0.000000,-7439000.000000,,-7439000.000000,,,,5680000.000000,0.064000,1.000000,86275000.000000,0.815000,0.000000,0.000000,138600000.000000,,0.000000,112777000.000000,112777000.000000,0.000000,202452000.000000,152341000.000000,50111000.000000,-83000.000000,0.000000,-88000.000000,0.000000,0.000000,-88000.000000,-15986000.000000,-3657000.000000,15991000.000000,0.000000,5697000.000000,0.000000,0.000000,0.000000,0.000000,0.000000,80783000.000000,5492000.000000,4963000.000000,,,,,37275000.000000,5697000.000000,,,,63613000.000000,-25153000.000000,105800000.000000,105800000.000000,10808000.000000,,,,,4314000.000000,69975000.000000,1.000000,256576638.000000,88337359.000000,136110736.000000,1.198000,354565000.000000,0.000000,387000.000000,0.000000,4.014000
MRQ,2019-03-31,2019-04-30,2019-04-30,2020-Q1,671915000.000000,18594108956.000000,2025-05-23,8000.000000,999052000.000000,,866340000.000000,132712000.000000,,6.560000,-6897000.000000,629793000.000000,629793000.000000,24104000.000000,2214000.000000,4.456000,0.388000,46056000.000000,0.000000,46056000.000000,46056000.000000,149330000.000000,4857000.000000,0.000000,0.000000,0.000000,2530000.000000,7387000.000000,0.061000,7387000.000000,2530000.000000,2530000.000000,0.000000,0.000000,0.000000,719728000.000000,,719728000.000000,18530484956.000000,1529.000000,812.028000,15339000.000000,0.140000,1.000000,97884000.000000,0.802000,0.000000,0.000000,220890000.000000,,0.000000,107389000.000000,107389000.000000,0.000000,279324000.000000,194425000.000000,84899000.000000,566169000.000000,0.000000,545252000.000000,0.000000,0.000000,545252000.000000,-1319000.000000,5578000.000000,22236000.000000,0.000000,2214000.000000,198000.000000,198000.000000,0.000000,0.000000,0.002000,96327000.000000,1557000.000000,9678000.000000,,25.835000,193688.635000,,90681000.000000,2016000.000000,72.470000,47.381000,20.260000,78888000.000000,-22939000.000000,121988000.000000,121988000.000000,13783000.000000,,,,,6662000.000000,82544000.000000,1.000000,256576638.000000,109708898.000000,136428379.000000,1.112000,999052000.000000,0.000000,316000.000000,0.000000,9.106000
MRQ,2019-06-30,2019-07-31,2019-07-31,2020-Q2,687063000.000000,26021937415.000000,2025-05-23,-68000.000000,1069923000.000000,,916059000.000000,153864000.000000,,2.736000,-14040000.000000,213886000.000000,213886000.000000,27900000.000000,5541000.000000,4.000000,0.438000,48104000.000000,0.000000,48104000.000000,48104000.000000,181407000.000000,5433000.000000,0.000000,0.000000,0.000000,6757000.000000,12190000.000000,0.084000,12190000.000000,6757000.000000,6757000.000000,0.020000,0.020000,0.020000,743796000.000000,,743796000.000000,25438200415.000000,1706.000000,859.602000,17132000.000000,0.063000,1.000000,117926000.000000,0.809000,0.000000,0.000000,675145000.000000,,0.000000,541380000.000000,541380000.000000,0.000000,326127000.000000,228996000.000000,97131000.000000,-416107000.000000,0.000000,-114000.000000,0.000000,0.000000,-114000.000000,-447165000.000000,-433125000.000000,31172000.000000,0.000000,5541000.000000,5521000.000000,5521000.000000,0.000000,0.000000,0.038000,115661000.000000,2265000.000000,819000.000000,0.000000,34.985000,5081.417000,9551.000000,103113000.000000,20000.000000,95.510000,56.114000,55.982000,95682000.000000,-17398000.000000,145826000.000000,145826000.000000,15054000.000000,,,,,18075000.000000,100607000.000000,1.000000,272452491.000000,271813141.000000,292185665.000000,0.536000,1069923000.000000,0.000000,1216000.000000,0.000000,3.936000
MRQ,2019-09-30,2019-10-31,2019-10-31,2020-Q3,701596000.000000,19118542780.000000,2025-05-23,651000.000000,1188057000.000000,,1019399000.000000,168658000.000000,,2.826000,-7195000.000000,230874000.000000,230874000.000000,30845000.000000,2211000.000000,3.208000,0.538000,50132000.000000,0.000000,50132000.000000,50132000.000000,201599000.000000,6139000.000000,0.000000,0.000000,0.000000,2530000.000000,8669000.000000,0.052000,8669000.000000,2530000.000000,2530000.000000,0.010000,0.010000,0.010000,772517000.000000,,772517000.000000,18952760780.000000,1059.000000,513.917000,54735000.000000,0.200000,1.000000,135748000.000000,0.815000,0.000000,0.000000,689512000.000000,,0.000000,580526000.000000,580526000.000000,0.000000,415540000.000000,317803000.000000,97737000.000000,65800000.000000,0.000000,51485000.000000,0.000000,0.000000,51485000.000000,-47615000.000000,-40420000.000000,61930000.000000,0.000000,2211000.000000,2207000.000000,2207000.000000,0.000000,0.000000,0.013000,137427000.000000,-1679000.000000,3202000.000000,0.000000,24.748000,2412.130000,2329.667000,107156000.000000,4000.000000,69.890000,35.391000,35.361000,95770000.000000,-15187000.000000,166593000.000000,166593000.000000,17573000.000000,,,,,21795000.000000,119854000.000000,1.000000,273551907.000000,273316850.000000,292771122.000000,0.610000,1188057000.000000,0.000000,319000.000000,0.000000,4.347000
MRQ,2019-12-31,2020-01-31,2020-01-31,2020-Q4,761692000.000000,21089458484.000000,2025-05-23,809000.000000,1289845000.000000,,1095522000.000000,194323000.000000,,3.014000,-9952000.000000,283134000.000000,283134000.000000,32547000.000000,15339000.000000,3.282000,0.547000,64792000.000000,0.000000,64792000.000000,64792000.000000,230536000.000000,6905000.000000,0.000000,0.000000,0.000000,14545000.000000,21450000.000000,0.114000,21450000.000000,14545000.000000,14545000.000000,0.060000,0.060000,0.060000,833943000.000000,,833943000.000000,20908716484.000000,793.000000,420.732000,26602000.000000,0.096000,1.000000,155704000.000000,0.827000,0.000000,0.000000,737673000.000000,,0.000000,572060000.000000,572060000.000000,0.000000,455902000.000000,333830000.000000,122072000.000000,52252000.000000,0.000000,19067000.000000,0.000000,0.000000,19067000.000000,-3369000.000000,8293000.000000,36554000.000000,0.000000,15339000.000000,14277000.000000,14277000.000000,0.000000,0.000000,0.076000,145151000.000000,10553000.000000,1596000.000000,0.000000,25.289000,969.630000,847.778000,125746000.000000,1062000.000000,76.300000,33.870000,28.630000,120435000.000000,152000.000000,188251000.000000,188251000.000000,20669000.000000,,,,,26577000.000000,124482000.000000,1.000000,276401815.000000,276679009.000000,292654349.000000,0.680000,1289845000.000000,0.000000,-794000.000000,0.000000,4.662000
MRQ,2020-03-31,2020-04-30,2020-04-30,2021-Q1,749229000.000000,37712648435.000000,2025-05-23,1887000.000000,2067709000.000000,,1782957000.000000,284752000.000000,,3.221000,-7272000.000000,488653000.000000,488653000.000000,103707000.000000,27075000.000000,1.725000,1.293000,62989000.000000,0.000000,62989000.000000,62989000.000000,551842000.000000,7587000.000000,0.000000,0.000000,0.000000,29175000.000000,36762000.000000,0.112000,36762000.000000,29175000.000000,29175000.000000,0.100000,0.090000,0.100000,901631000.000000,,901631000.000000,37494306435.000000,707.000000,474.185000,251693000.000000,0.899000,1.000000,224460000.000000,0.684000,0.000000,0.000000,608317000.000000,,0.000000,616714000.000000,616714000.000000,0.000000,1166078000.000000,1033728000.000000,132350000.000000,424057000.000000,0.000000,228126000.000000,0.000000,0.000000,228126000.000000,-63034000.000000,-56919000.000000,258965000.000000,0.000000,27075000.000000,27036000.000000,27036000.000000,0.000000,0.000000,0.082000,201075000.000000,23385000.000000,3472000.000000,0.000000,41.827000,769.002000,711.421000,125795000.000000,39000.000000,135.170000,45.501000,45.646000,257512000.000000,27227000.000000,328167000.000000,328167000.000000,26389000.000000,,,,,28777000.000000,174686000.000000,1.000000,279001616.000000,279891111.000000,295184958.000000,1.172000,2067709000.000000,0.000000,2100000.000000,0.000000,7.388000
MRQ,2020-06-30,2020-07-31,2020-07-31,2021-Q2,944776000.000000,71628769175.000000,2025-05-23,2772000.000000,2624941000.000000,,2232102000.000000,392839000.000000,,4.238000,-27981000.000000,748944000.000000,748944000.000000,192271000.000000,185989000.000000,1.734000,1.190000,63105000.000000,0.000000,63105000.000000,63105000.000000,742613000.000000,8824000.000000,0.000000,0.000000,0.000000,190185000.000000,199009000.000000,0.300000,199009000.000000,190185000.000000,190185000.000000,0.660000,0.630000,0.660000,1198812000.000000,,1198812000.000000,71203105175.000000,301.000000,267.792000,373365000.000000,1.320000,1.000000,471249000.000000,0.710000,24340000.000000,0.000000,627436000.000000,,0.000000,732995000.000000,732995000.000000,0.000000,1426129000.000000,1287326000.000000,138803000.000000,273335000.000000,-26486000.000000,44516000.000000,0.000000,0.000000,44516000.000000,-172527000.000000,-116728000.000000,401346000.000000,0.000000,185989000.000000,185742000.000000,185742000.000000,0.000000,0.000000,0.280000,283145000.000000,188104000.000000,12615000.000000,0.000000,59.750000,312.432000,305.916000,156586000.000000,247000.000000,253.910000,53.195000,53.336000,295330000.000000,213216000.000000,663520000.000000,663520000.000000,42734000.000000,,,,,56855000.000000,240411000.000000,1.000000,282102986.000000,282850805.000000,297162309.000000,2.346000,2600601000.000000,0.000000,4196000.000000,0.000000,9.194000
MRQ,2020-09-30,2020-10-31,2020-10-31,2021-Q3,1210328000.000000,131092473892.000000,2025-05-23,1317000.000000,3050311000.000000,,2624276000.000000,426035000.000000,,5.267000,-23264000.000000,730506000.000000,730506000.000000,258727000.000000,198642000.000000,1.856000,1.034000,60522000.000000,0.000000,60522000.000000,60522000.000000,854697000.000000,10172000.000000,0.000000,0.000000,0.000000,194021000.000000,204193000.000000,0.263000,204193000.000000,194021000.000000,194021000.000000,0.700000,0.660000,0.700000,1499918000.000000,,1499918000.000000,130406634892.000000,305.000000,282.624000,388206000.000000,1.363000,1.000000,518469000.000000,0.667000,24340000.000000,0.000000,942039000.000000,,0.000000,1141425000.000000,1141425000.000000,0.000000,1550393000.000000,1413948000.000000,136445000.000000,-2746000.000000,0.000000,23600000.000000,0.000000,0.000000,23600000.000000,-437816000.000000,-411958000.000000,411470000.000000,0.000000,198642000.000000,198440000.000000,198440000.000000,0.000000,0.000000,0.255000,326227000.000000,192242000.000000,12666000.000000,0.000000,87.400000,308.094000,303.230000,171085000.000000,202000.000000,460.910000,66.982000,67.067000,280896000.000000,411858000.000000,777196000.000000,777196000.000000,42582000.000000,,,,,93925000.000000,283645000.000000,1.000000,284420980.000000,284783006.000000,299258765.000000,2.729000,3025971000.000000,0.000000,-4621000.000000,0.000000,10.626000
MRQ,2020-12-31,2021-01-31,2021-01-31,2021-Q4,3532899000.000000,106414643838.000000,2025-05-23,839000.000000,5297993000.000000,,4792865000.000000,505128000.000000,,13.418000,-21455000.000000,2240303000.000000,2240303000.000000,267284000.000000,260610000.000000,3.804000,0.372000,90415000.000000,0.000000,90415000.000000,90415000.000000,883495000.000000,13161000.000000,0.000000,0.000000,0.000000,264653000.000000,277814000.000000,0.315000,277814000.000000,264653000.000000,264653000.000000,0.910000,0.870000,0.910000,3860767000.000000,,3860767000.000000,105744659838.000000,156.000000,147.322000,377941000.000000,1.314000,1.000000,615201000.000000,0.697000,24340000.000000,0.000000,1863799000.000000,,0.000000,2023078000.000000,2004410000.000000,18668000.000000,1437226000.000000,1259966000.000000,177260000.000000,1264388000.000000,0.000000,1754035000.000000,0.000000,0.000000,1754035000.000000,-889043000.000000,-866173000.000000,399396000.000000,0.000000,260610000.000000,260352000.000000,260352000.000000,0.000000,0.000000,0.295000,359084000.000000,256117000.000000,8664000.000000,0.000000,27.563000,158.467000,156.992000,247573000.000000,258000.000000,372.070000,40.136000,39.834000,294703000.000000,672468000.000000,882485000.000000,882485000.000000,52375000.000000,,,,,96261000.000000,306709000.000000,1.000000,286007052.000000,287721173.000000,299692853.000000,3.067000,5273653000.000000,1519000.000000,4043000.000000,0.000000,18.329000
MRQ,2021-03-31,2021-04-30,2021-04-30,2022-Q1,3812560000.000000,93862197361.000000,2025-05-23,200000.000000,5888611000.000000,,5340896000.000000,547715000.000000,,14.271000,-79074000.000000,1557270000.000000,1557270000.000000,264994000.000000,227531000.000000,3.495000,0.404000,86433000.000000,0.000000,86433000.000000,86433000.000000,1094423000.000000,14937000.000000,0.000000,0.000000,0.000000,228931000.000000,243868000.000000,0.255000,243868000.000000,228931000.000000,228931000.000000,0.770000,0.740000,0.770000,4192733000.000000,,4192733000.000000,91712309361.000000,104.000000,99.161000,454228000.000000,1.546000,1.000000,691243000.000000,0.723000,24340000.000000,0.000000,2865098000.000000,,0.000000,3132309000.000000,3132309000.000000,0.000000,1695878000.000000,1528336000.000000,167542000.000000,-692955000.000000,0.000000,-6616000.000000,0.000000,0.000000,-6279000.000000,-1219978000.000000,-1140904000.000000,533302000.000000,0.000000,227531000.000000,227383000.000000,227383000.000000,0.000000,0.000000,0.238000,464931000.000000,226312000.000000,8324000.000000,0.000000,22.387000,107.650000,105.122000,286190000.000000,148000.000000,319.570000,28.621000,28.629000,366346000.000000,899999000.000000,956237000.000000,956237000.000000,65175000.000000,,,,,98969000.000000,399756000.000000,1.000000,293714045.000000,293794778.000000,305412419.000000,3.255000,5864271000.000000,0.000000,1400000.000000,0.000000,19.960000
MRQ,2021-06-30,2021-07-31,2021-07-31,2022-Q2,4148706000.000000,111405568284.000000,2025-05-23,147000.000000,6508593000.000000,,5835079000.000000,673514000.000000,,15.751000,-12975000.000000,1931370000.000000,1931370000.000000,261256000.000000,317084000.000000,3.460000,0.397000,83009000.000000,0.000000,83009000.000000,83009000.000000,1178028000.000000,16387000.000000,0.000000,0.000000,0.000000,323884000.000000,340271000.000000,0.333000,340271000.000000,323884000.000000,323884000.000000,1.070000,1.040000,1.070000,4657748000.000000,,4657748000.000000,109934731284.000000,109.000000,103.114000,455037000.000000,1.539000,1.000000,760239000.000000,0.744000,26247000.000000,0.000000,2947612000.000000,,0.000000,3311824000.000000,3174029000.000000,137795000.000000,1850845000.000000,1686373000.000000,164472000.000000,395191000.000000,-2121000.000000,71383000.000000,0.000000,0.000000,71383000.000000,-144204000.000000,-129108000.000000,468012000.000000,0.000000,317084000.000000,316930000.000000,316930000.000000,0.000000,0.000000,0.310000,465636000.000000,294603000.000000,49762000.000000,0.000000,23.918000,111.061000,109.594000,284939000.000000,154000.000000,378.100000,30.628000,30.739000,395266000.000000,1217083000.000000,1021495000.000000,1021495000.000000,82311000.000000,,,,,102142000.000000,383325000.000000,1.000000,294645777.000000,295712675.000000,305861051.000000,3.454000,6482346000.000000,0.000000,6800000.000000,0.000000,21.921000
MRQ,2021-09-30,2021-10-31,2021-10-31,2022-Q3,4421336000.000000,81606178284.000000,2025-05-23,-5128000.000000,6978971000.000000,,6112716000.000000,866255000.000000,,17.196000,-19767000.000000,1322435000.000000,1322435000.000000,270957000.000000,340383000.000000,3.614000,0.365000,79319000.000000,0.000000,79319000.000000,79319000.000000,1186119000.000000,17082000.000000,0.000000,0.000000,0.000000,410283000.000000,427365000.000000,0.407000,427365000.000000,410283000.000000,410283000.000000,1.140000,1.110000,1.140000,5113685000.000000,,5113685000.000000,79757817284.000000,65.000000,61.860000,374789000.000000,1.260000,1.000000,779799000.000000,0.742000,26247000.000000,0.000000,4018228000.000000,,0.000000,4395270000.000000,4095520000.000000,299750000.000000,1865286000.000000,1691380000.000000,173906000.000000,-652579000.000000,0.000000,-44219000.000000,0.000000,0.000000,-44219000.000000,-1002916000.000000,-973523000.000000,394556000.000000,0.000000,340383000.000000,340271000.000000,340271000.000000,0.000000,0.000000,0.324000,488942000.000000,290857000.000000,20064000.000000,0.000000,15.958000,71.276000,70.604000,300990000.000000,112000.000000,274.650000,20.866000,20.883000,377874000.000000,1557466000.000000,1050756000.000000,1050756000.000000,98508000.000000,,,,,114801000.000000,390434000.000000,1.000000,297127902.000000,297375011.000000,305939624.000000,3.533000,6952724000.000000,0.000000,69900000.000000,0.000000,23.380000
MRQ,2021-12-31,2022-01-31,2022-01-31,2022-Q4,4604116000.000000,45974601951.000000,2025-05-23,-17902000.000000,7551318000.000000,,6183807000.000000,1367511000.000000,,19.370000,-20774000.000000,1062820000.000000,1062820000.000000,257347000.000000,490641000.000000,3.915000,0.306000,85018000.000000,0.000000,85018000.000000,85018000.000000,1179916000.000000,18169000.000000,0.000000,0.000000,0.000000,138534000.000000,156703000.000000,0.146000,156703000.000000,138534000.000000,138534000.000000,1.650000,1.610000,1.650000,5780018000.000000,,5780018000.000000,44731485951.000000,41.000000,38.291000,188622000.000000,0.632000,1.000000,814029000.000000,0.760000,27607000.000000,0.000000,4966218000.000000,,0.000000,4724260000.000000,4356446000.000000,367814000.000000,1771300000.000000,1579691000.000000,191609000.000000,-269420000.000000,-1380000.000000,13183000.000000,0.000000,0.000000,13183000.000000,-491999000.000000,-466453000.000000,209396000.000000,0.000000,490641000.000000,490489000.000000,490489000.000000,0.000000,0.000000,0.458000,562210000.000000,251819000.000000,7841000.000000,0.000000,7.954000,33.435000,33.250000,318319000.000000,152000.000000,154.280000,11.214000,11.151000,419673000.000000,2048107000.000000,1071376000.000000,1071376000.000000,116996000.000000,,,,,161375000.000000,445214000.000000,1.000000,297994568.000000,298396698.000000,306125821.000000,3.590000,7523711000.000000,382296000.000000,-352107000.000000,0.000000,25.214000
MRQ,2022-03-31,2022-04-30,2022-04-30,2023-Q1,4755268000.000000,29783772996.000000,2025-05-23,-45237000.000000,7956713000.000000,,6564278000.000000,1392435000.000000,,19.883000,-25038000.000000,1407305000.000000,1407305000.000000,261821000.000000,113658000.000000,3.629000,0.338000,80201000.000000,0.000000,80201000.000000,80201000.000000,1331047000.000000,20731000.000000,0.000000,0.000000,0.000000,143672000.000000,164403000.000000,0.153000,164403000.000000,143672000.000000,143672000.000000,0.380000,0.370000,0.380000,5947887000.000000,,5947887000.000000,28805970996.000000,28.000000,26.458000,501113000.000000,1.675000,1.000000,811979000.000000,0.756000,27607000.000000,0.000000,4792992000.000000,,0.000000,4662134000.000000,4318974000.000000,343160000.000000,2008826000.000000,1809010000.000000,199816000.000000,341149000.000000,0.000000,-133243000.000000,0.000000,0.000000,-133243000.000000,-42334000.000000,-14085000.000000,526151000.000000,-9425000.000000,113658000.000000,113640000.000000,113640000.000000,0.000000,0.000000,0.106000,624914000.000000,187065000.000000,22506000.000000,0.000000,5.007000,23.613000,23.483000,332647000.000000,18000.000000,99.570000,7.062000,7.063000,483879000.000000,2161765000.000000,1073800000.000000,1073800000.000000,144291000.000000,,,,,209363000.000000,480623000.000000,1.000000,299123963.000000,299147105.000000,306614220.000000,3.590000,7929106000.000000,419979000.000000,30014000.000000,0.000000,26.506000
MRQ,2022-06-30,2022-07-31,2022-07-31,2023-Q2,4547513000.000000,30989526305.000000,2025-05-23,-48161000.000000,8047598000.000000,,6414401000.000000,1633197000.000000,,20.065000,-27832000.000000,937443000.000000,937443000.000000,273611000.000000,45750000.000000,3.436000,0.343000,75954000.000000,0.000000,75954000.000000,75954000.000000,1401149000.000000,26491000.000000,0.000000,0.000000,0.000000,90399000.000000,116890000.000000,0.106000,116890000.000000,90399000.000000,90399000.000000,0.150000,0.150000,0.150000,5990397000.000000,,5990397000.000000,29662422305.000000,38.000000,34.278000,229377000.000000,0.768000,1.000000,825847000.000000,0.751000,122556000.000000,0.000000,5196665000.000000,,0.000000,4940956000.000000,4582708000.000000,358248000.000000,2057201000.000000,1866888000.000000,190313000.000000,-471082000.000000,-120553000.000000,-255578000.000000,0.000000,0.000000,-255578000.000000,-466027000.000000,-317642000.000000,257209000.000000,-6686000.000000,45750000.000000,45746000.000000,45746000.000000,0.000000,0.000000,0.042000,704104000.000000,121743000.000000,22994000.000000,0.000000,5.173000,31.298000,31.283000,327575000.000000,4000.000000,103.860000,7.215000,7.219000,509543000.000000,2207515000.000000,1099458000.000000,1099458000.000000,172564000.000000,,,,,255515000.000000,531540000.000000,1.000000,298377877.000000,298553379.000000,307160840.000000,3.683000,7925042000.000000,494257000.000000,44649000.000000,0.000000,26.545000
MRQ,2022-09-30,2022-10-31,2022-10-31,2023-Q3,4245787000.000000,24835510398.000000,2025-05-23,-72716000.000000,7837178000.000000,,6142097000.000000,1695081000.000000,,19.476000,-22698000.000000,1096174000.000000,1096174000.000000,270665000.000000,48353000.000000,3.239000,0.362000,78128000.000000,0.000000,78128000.000000,78128000.000000,1354223000.000000,27648000.000000,0.000000,0.000000,0.000000,54749000.000000,82397000.000000,0.075000,82397000.000000,54749000.000000,54749000.000000,0.160000,0.160000,0.160000,5755812000.000000,,5755812000.000000,23974021398.000000,56.000000,46.069000,272616000.000000,0.922000,1.000000,831234000.000000,0.754000,122556000.000000,0.000000,4800266000.000000,,0.000000,4423367000.000000,4068818000.000000,354549000.000000,2081366000.000000,1896310000.000000,185056000.000000,162668000.000000,0.000000,-559866000.000000,0.000000,0.000000,-559866000.000000,447748000.000000,477803000.000000,295314000.000000,-20528000.000000,48353000.000000,48353000.000000,48353000.000000,0.000000,0.000000,0.044000,764726000.000000,66508000.000000,27247000.000000,0.000000,4.315000,35.569000,35.658000,341824000.000000,0.000000,83.440000,5.714000,5.673000,589573000.000000,2255868000.000000,1101899000.000000,1101899000.000000,195946000.000000,,,,,302815000.000000,568780000.000000,1.000000,297645139.000000,295537026.000000,301986341.000000,3.728000,7714622000.000000,550539000.000000,6396000.000000,0.000000,26.104000
MRQ,2022-12-31,2023-01-31,2023-01-31,2023-Q4,4617768000.000000,21924167175.000000,2025-05-23,-50385000.000000,8128065000.000000,,6356412000.000000,1771653000.000000,,21.187000,-28258000.000000,1086830000.000000,1086830000.000000,294354000.000000,-104050000.000000,3.656000,0.310000,73687000.000000,0.000000,73687000.000000,73687000.000000,1308446000.000000,36384000.000000,0.000000,0.000000,0.000000,-39544000.000000,-3160000.000000,-0.003000,-3160000.000000,-39544000.000000,-39544000.000000,-0.350000,-0.340000,-0.350000,6206607000.000000,,6206607000.000000,20906121175.000000,84.000000,57.987000,183330000.000000,0.626000,1.000000,823449000.000000,0.737000,122641000.000000,0.000000,5253637000.000000,,0.000000,4724828000.000000,4325836000.000000,398992000.000000,1921458000.000000,1738644000.000000,182814000.000000,-5845000.000000,0.000000,11745000.000000,0.000000,0.000000,11745000.000000,-257709000.000000,-228751000.000000,211588000.000000,28531000.000000,-104050000.000000,-104040000.000000,-104040000.000000,0.000000,0.000000,-0.093000,953336000.000000,-129887000.000000,14414000.000000,0.000000,3.532000,211.411000,214.286000,333727000.000000,-10000.000000,75.000000,4.991000,5.063000,557404000.000000,2151818000.000000,1117803000.000000,1117803000.000000,261258000.000000,,,,,518059000.000000,692078000.000000,1.000000,292322229.000000,292944460.000000,301103964.000000,3.816000,8005424000.000000,558428000.000000,64506000.000000,0.000000,27.327000
MRQ,2023-03-31,2023-04-30,2023-04-30,2024-Q1,4723786000.000000,18050369192.000000,2025-05-23,-34871000.000000,8536210000.000000,,6567679000.000000,1968531000.000000,,22.085000,-21826000.000000,1029546000.000000,1029546000.000000,263947000.000000,15444000.000000,3.562000,0.308000,68470000.000000,0.000000,68470000.000000,68470000.000000,1366136000.000000,29457000.000000,0.000000,0.000000,0.000000,43230000.000000,72687000.000000,0.066000,72687000.000000,43230000.000000,43230000.000000,0.050000,0.050000,0.050000,6524107000.000000,,6524107000.000000,17037226192.000000,114.000000,63.379000,396661000.000000,1.343000,1.000000,841417000.000000,0.761000,304162000.000000,0.000000,5427079000.000000,,0.000000,5019112000.000000,4566845000.000000,452267000.000000,2012103000.000000,1843893000.000000,168210000.000000,-57833000.000000,-199416000.000000,7019000.000000,0.000000,0.000000,7019000.000000,-480786000.000000,-259544000.000000,418487000.000000,-2553000.000000,15444000.000000,15444000.000000,15444000.000000,0.000000,0.000000,0.014000,831675000.000000,9742000.000000,16520000.000000,0.000000,2.767000,3280.096000,6143.000000,330743000.000000,0.000000,61.430000,4.080000,4.101000,590694000.000000,2167262000.000000,1105364000.000000,1105364000.000000,209271000.000000,,,,,282345000.000000,622404000.000000,1.000000,293836386.000000,295409207.000000,304115913.000000,3.742000,8232048000.000000,532996000.000000,27786000.000000,0.000000,27.867000
MRQ,2023-06-30,2023-07-31,2023-07-31,2024-Q2,5283519000.000000,21824897657.000000,2025-05-23,-36707000.000000,8923108000.000000,,7050992000.000000,1872116000.000000,,23.412000,-46600000.000000,1380121000.000000,1380121000.000000,266559000.000000,181974000.000000,3.989000,0.274000,62181000.000000,0.000000,62181000.000000,62181000.000000,1369768000.000000,31402000.000000,0.000000,0.000000,0.000000,250373000.000000,281775000.000000,0.247000,281775000.000000,250373000.000000,250373000.000000,0.610000,0.590000,0.610000,7002352000.000000,,7002352000.000000,20863821657.000000,68.000000,48.107000,289371000.000000,0.967000,1.000000,872117000.000000,0.766000,307295000.000000,0.000000,5530400000.000000,,0.000000,5025086000.000000,4648393000.000000,376693000.000000,1920756000.000000,1767473000.000000,153283000.000000,349822000.000000,-5502000.000000,34439000.000000,0.000000,0.000000,34439000.000000,-19360000.000000,32742000.000000,335971000.000000,-1228000.000000,181974000.000000,181974000.000000,181974000.000000,0.000000,0.000000,0.160000,694499000.000000,177618000.000000,20854000.000000,0.000000,3.117000,153.988000,156.064000,346130000.000000,0.000000,73.350000,4.889000,4.915000,571049000.000000,2349236000.000000,1138676000.000000,1138676000.000000,191802000.000000,,,,,261509000.000000,502697000.000000,1.000000,297544617.000000,299093452.000000,305932596.000000,3.807000,8615813000.000000,541016000.000000,68399000.000000,0.000000,28.806000
MRQ,2023-09-30,2023-10-31,2023-10-31,2024-Q3,5731754000.000000,18051398101.000000,2025-05-23,-27109000.000000,9317472000.000000,,7484759000.000000,1832713000.000000,,24.508000,-39987000.000000,1492910000.000000,1492910000.000000,270988000.000000,141212000.000000,4.270000,0.257000,55409000.000000,0.000000,55409000.000000,55409000.000000,1315898000.000000,32161000.000000,0.000000,0.000000,0.000000,185826000.000000,217987000.000000,0.192000,217987000.000000,185826000.000000,185826000.000000,0.470000,0.450000,0.470000,7413401000.000000,,7413401000.000000,16733458101.000000,38.000000,29.394000,453166000.000000,1.498000,1.000000,865739000.000000,0.762000,307295000.000000,0.000000,5819671000.000000,,0.000000,5354529000.000000,5001507000.000000,353022000.000000,1904071000.000000,1753005000.000000,151066000.000000,105895000.000000,0.000000,-5506000.000000,0.000000,0.000000,-5506000.000000,-364260000.000000,-324273000.000000,493153000.000000,-17492000.000000,141212000.000000,141212000.000000,141212000.000000,0.000000,0.000000,0.124000,696350000.000000,169389000.000000,14431000.000000,0.000000,2.435000,76.949000,76.897000,356909000.000000,0.000000,59.980000,4.013000,4.033000,514045000.000000,2490448000.000000,1136727000.000000,1136727000.000000,196832000.000000,,,,,258934000.000000,499518000.000000,1.000000,300956954.000000,302493182.000000,310389905.000000,3.758000,9010177000.000000,531677000.000000,44614000.000000,0.000000,29.786000
MRQ,2023-12-31,2024-01-31,2024-01-31,2024-Q4,6164032000.000000,19668802400.000000,2025-05-23,1063000.000000,9929793000.000000,,7926219000.000000,2003574000.000000,,26.218000,-18540000.000000,1558252000.000000,1558252000.000000,276307000.000000,298832000.000000,4.498000,0.238000,48308000.000000,0.000000,48308000.000000,48308000.000000,1270362000.000000,32497000.000000,0.000000,0.000000,0.000000,352883000.000000,385380000.000000,0.336000,385380000.000000,352883000.000000,352883000.000000,0.990000,0.970000,0.990000,8019406000.000000,,8019406000.000000,18231301400.000000,22.000000,19.034000,332685000.000000,1.088000,1.000000,870150000.000000,0.759000,307295000.000000,0.000000,6350367000.000000,,0.000000,5813455000.000000,5404233000.000000,409222000.000000,1910387000.000000,1762187000.000000,148200000.000000,67253000.000000,0.000000,24234000.000000,0.000000,0.000000,24234000.000000,-319283000.000000,-300743000.000000,351225000.000000,11077000.000000,298832000.000000,298832000.000000,298832000.000000,0.000000,0.000000,0.261000,701620000.000000,168530000.000000,10175000.000000,0.000000,2.453000,30.855000,30.476000,352679000.000000,0.000000,64.610000,4.345000,4.292000,536078000.000000,2789280000.000000,1146457000.000000,1146457000.000000,205282000.000000,,,,,254373000.000000,496338000.000000,1.000000,304423501.000000,305878651.000000,313523018.000000,3.748000,9622498000.000000,662177000.000000,54051000.000000,0.000000,31.459000
MRQ,2024-03-31,2024-04-30,2024-04-30,2025-Q1,6426144000.000000,18791895348.000000,2025-05-23,-17490000.000000,10296630000.000000,,8282045000.000000,2014585000.000000,,26.883000,-18508000.000000,1885603000.000000,1885603000.000000,273302000.000000,216308000.000000,4.463000,0.241000,40284000.000000,0.000000,40284000.000000,40284000.000000,1352192000.000000,32035000.000000,0.000000,0.000000,0.000000,291964000.000000,323999000.000000,0.284000,323999000.000000,291964000.000000,291964000.000000,0.700000,0.690000,0.700000,8298824000.000000,,8298824000.000000,17281951348.000000,16.000000,14.293000,569683000.000000,1.845000,1.000000,867932000.000000,0.761000,307295000.000000,0.000000,6288115000.000000,,0.000000,5913660000.000000,5488737000.000000,424923000.000000,1997806000.000000,1855901000.000000,141905000.000000,331064000.000000,0.000000,-142451000.000000,0.000000,0.000000,-142451000.000000,-107824000.000000,-89316000.000000,588191000.000000,-6852000.000000,216308000.000000,216308000.000000,216308000.000000,0.000000,0.000000,0.190000,664910000.000000,203022000.000000,18315000.000000,0.000000,2.264000,22.416000,22.058000,360462000.000000,0.000000,61.100000,4.118000,4.134000,527515000.000000,3005588000.000000,1141234000.000000,1141234000.000000,205558000.000000,,,,,229425000.000000,459352000.000000,1.000000,307559662.000000,308700582.000000,315360678.000000,3.697000,9989335000.000000,673808000.000000,75656000.000000,0.000000,32.359000
MRQ,2024-06-30,2024-07-31,2024-07-31,2025-Q2,6553797000.000000,18680332733.000000,2025-05-23,2191000.000000,10507192000.000000,,8395145000.000000,2112047000.000000,,27.577000,-84234000.000000,1539457000.000000,1539457000.000000,285089000.000000,219015000.000000,4.559000,0.232000,36052000.000000,0.000000,36052000.000000,36052000.000000,1406694000.000000,35673000.000000,0.000000,0.000000,0.000000,292889000.000000,328562000.000000,0.283000,328562000.000000,292889000.000000,292889000.000000,0.710000,0.700000,0.710000,8525247000.000000,,8525247000.000000,16835013733.000000,15.000000,13.404000,365100000.000000,1.181000,1.000000,877431000.000000,0.755000,307295000.000000,0.000000,6855144000.000000,,0.000000,6419104000.000000,5980575000.000000,438529000.000000,1981945000.000000,1841348000.000000,140597000.000000,-347135000.000000,0.000000,-256265000.000000,0.000000,0.000000,-256265000.000000,-540910000.000000,-456676000.000000,449334000.000000,706000.000000,219015000.000000,219015000.000000,219015000.000000,0.000000,0.000000,0.188000,675061000.000000,202370000.000000,10611000.000000,0.000000,2.191000,21.340000,21.045000,400759000.000000,0.000000,60.400000,4.073000,4.071000,528237000.000000,3224603000.000000,1162520000.000000,1162520000.000000,206756000.000000,,,,,237950000.000000,468305000.000000,1.000000,309277032.000000,309137807.000000,314027192.000000,3.761000,10199897000.000000,718066000.000000,73874000.000000,0.000000,32.995000
MRQ,2024-09-30,2024-10-31,2024-10-31,2025-Q3,6678989000.000000,23004165929.000000,2025-05-23,6787000.000000,10679869000.000000,,8532415000.000000,2147454000.000000,,28.224000,-25484000.000000,1273823000.000000,1273823000.000000,283881000.000000,207050000.000000,4.604000,0.230000,37590000.000000,0.000000,37590000.000000,37590000.000000,1378951000.000000,38194000.000000,0.000000,0.000000,0.000000,280412000.000000,318606000.000000,0.271000,318606000.000000,280412000.000000,280412000.000000,0.670000,0.660000,0.670000,8679834000.000000,,8679834000.000000,21500760929.000000,18.000000,15.850000,457733000.000000,1.488000,1.000000,893660000.000000,0.759000,307295000.000000,0.000000,7282915000.000000,,0.000000,6872867000.000000,6428214000.000000,444653000.000000,2000035000.000000,1853426000.000000,146609000.000000,-266451000.000000,0.000000,-300390000.000000,0.000000,0.000000,-300390000.000000,-452404000.000000,-426920000.000000,483217000.000000,3126000.000000,207050000.000000,207050000.000000,207050000.000000,0.000000,0.000000,0.176000,710820000.000000,182840000.000000,8542000.000000,0.000000,2.650000,24.441000,24.345000,397628000.000000,0.000000,74.740000,4.971000,4.967000,458007000.000000,3431653000.000000,1177541000.000000,1177541000.000000,222980000.000000,,,,,240995000.000000,487840000.000000,1.000000,307789215.000000,307529696.000000,314191269.000000,3.829000,10372574000.000000,730601000.000000,73362000.000000,0.000000,33.729000
MRQ,2024-12-31,2025-01-31,2025-01-31,2025-Q4,6772680000.000000,26646669301.000000,2025-05-23,4990000.000000,10988421000.000000,,8675974000.000000,2312447000.000000,,29.143000,-8334000.000000,1349380000.000000,1349380000.000000,287355000.000000,367865000.000000,4.558000,0.230000,37406000.000000,0.000000,37406000.000000,37406000.000000,1353661000.000000,40796000.000000,0.000000,0.000000,0.000000,450319000.000000,491115000.000000,0.415000,491115000.000000,450319000.000000,450319000.000000,1.200000,1.170000,1.200000,8935084000.000000,,8935084000.000000,25410436301.000000,19.000000,17.377000,416232000.000000,1.358000,1.000000,896783000.000000,0.757000,307295000.000000,0.000000,7465858000.000000,,0.000000,7033810000.000000,6442329000.000000,591481000.000000,2053337000.000000,1903294000.000000,150043000.000000,78559000.000000,0.000000,-328971000.000000,0.000000,0.000000,-328971000.000000,-4886000.000000,3448000.000000,424566000.000000,-12150000.000000,367865000.000000,367865000.000000,367865000.000000,0.000000,0.000000,0.311000,671720000.000000,225063000.000000,8345000.000000,0.000000,2.982000,26.377000,26.506000,386375000.000000,0.000000,86.940000,5.712000,5.739000,495228000.000000,3799518000.000000,1184138000.000000,1184138000.000000,217121000.000000,,,,,222939000.000000,454599000.000000,1.000000,306494931.000000,306596205.000000,316735596.000000,3.862000,10681126000.000000,749759000.000000,82454000.000000,0.000000,34.838000
MRQ,2025-03-31,2025-04-30,2025-04-30,2026-Q1,6769404000.000000,23667832962.000000,2025-05-23,15145000.000000,10951896000.000000,,8666777000.000000,2285119000.000000,,29.197000,-25910000.000000,1228847000.000000,1228847000.000000,278402000.000000,254603000.000000,4.568000,0.230000,35894000.000000,0.000000,35894000.000000,35894000.000000,1425402000.000000,41424000.000000,0.000000,0.000000,0.000000,315765000.000000,357189000.000000,0.304000,357189000.000000,315765000.000000,315765000.000000,0.840000,0.810000,0.840000,8902368000.000000,,8902368000.000000,22355858962.000000,17.000000,14.949000,463351000.000000,1.520000,1.000000,896313000.000000,0.763000,307295000.000000,0.000000,7554275000.000000,,0.000000,7140115000.000000,6563976000.000000,576139000.000000,2049528000.000000,1897373000.000000,152155000.000000,-114545000.000000,0.000000,-408377000.000000,0.000000,0.000000,-490530000.000000,-125130000.000000,-99220000.000000,489261000.000000,11854000.000000,254603000.000000,254603000.000000,254603000.000000,0.000000,0.000000,0.217000,654721000.000000,241592000.000000,14205000.000000,0.000000,2.659000,22.572000,22.673000,365428000.000000,0.000000,77.540000,5.037000,5.032000,477242000.000000,4054121000.000000,1174715000.000000,1174715000.000000,205416000.000000,,,,,201569000.000000,449305000.000000,1.000000,305233853.000000,304908652.000000,312783861.000000,3.853000,10644601000.000000,769189000.000000,61162000.000000,0.000000,34.911000
MRT,2016-12-31,2017-01-31,2017-01-31,2017-Q4,,,2025-05-23,,,,,,,,-4824000.000000,,,12472000.000000,-14000.000000,,,,,,,,1219000.000000,,,0.000000,158000.000000,1377000.000000,0.023000,1377000.000000,158000.000000,158000.000000,-0.200000,-0.200000,-0.200000,,,,,,,4537000.000000,0.065000,1.000000,48345000.000000,0.795000,,0.000000,,,,,,,,,,106804000.000000,2000000.000000,403000.000000,0.000000,0.000000,100267000.000000,-2824000.000000,0.000000,9361000.000000,0.000000,-14000.000000,-14380000.000000,-14380000.000000,0.000000,0.000000,-0.236000,48345000.000000,0.000000,,0.000000,,,,,14366000.000000,,,,,,60817000.000000,60817000.000000,9218000.000000,,,,0.003000,1039000.000000,39127000.000000,1.000000,,70309256.000000,70309256.000000,0.865000,,,172000.000000,,
MRT,2017-12-31,2018-01-31,2018-01-31,2018-Q4,114633000.000000,,2025-05-23,-531000.000000,215019000.000000,,183162000.000000,31857000.000000,,-0.341000,-9738000.000000,36146000.000000,36146000.000000,30780000.000000,-3822000.000000,2.673000,-3.080000,0.000000,0.000000,0.000000,0.000000,54262000.000000,2786000.000000,0.000000,,0.000000,-3518000.000000,-732000.000000,-0.005000,-732000.000000,-3518000.000000,-3518000.000000,-0.110000,-0.110000,-0.110000,-26671000.000000,,-26671000.000000,,,,9688000.000000,0.124000,1.000000,120698000.000000,0.797000,0.000000,0.000000,110344000.000000,,0.000000,103056000.000000,103056000.000000,0.000000,82138000.000000,68529000.000000,13609000.000000,-97928000.000000,0.000000,733000.000000,-120000.000000,0.000000,-3997000.000000,-113357000.000000,-103619000.000000,19426000.000000,0.000000,-3822000.000000,-8227000.000000,-8227000.000000,0.000000,0.000000,-0.054000,125531000.000000,-4833000.000000,2723000.000000,0.000000,,,,13032000.000000,4405000.000000,,,,24526000.000000,-32737000.000000,151478000.000000,151478000.000000,15733000.000000,,,,-0.023000,10329000.000000,109798000.000000,1.000000,,78119865.000000,78119865.000000,1.939000,215019000.000000,0.000000,304000.000000,0.000000,2.752000
MRT,2018-03-31,2018-04-30,2018-04-30,2019-Q1,,,2025-05-23,,,,,,,,,,,,,,,,,,,,,,,0.000000,,,,,,,,,,,,,,,,,,1.000000,,,,,,,,,,,,,,,,,,,,,,,,,,,,,,,,,,,,,,,,,,,,,,,,,,,,,1.000000,,80623861.000000,,,,,,,
MRT,2018-06-30,2018-07-31,2018-07-31,2019-Q2,,,2025-05-23,,,,,,,,,,,,,,,,,,,,,,,0.000000,,,,,,,,,,,,,,,,,,1.000000,,,,,,,,,,,,,,,,,,,,,,,,,,,,,,,,,,,,,,,,,,,,,,,,,,,,,1.000000,,83330741.000000,,,,,,,
MRT,2018-09-30,2018-10-31,2018-10-31,2019-Q3,,,2025-05-23,,,,,,,,,,,,,,,,,,,,,,,0.000000,,,,,,,,,,,,,,,,,,1.000000,,,,,,,,,,,,,,,,,,,,,,,,,,,,,,,,,,,,,,,,,,,,,,,,,,,,,1.000000,,85645323.000000,,,,,,,
MRT,2018-12-31,2019-01-31,2019-01-31,2019-Q4,124378000.000000,,2025-05-23,-135000.000000,354565000.000000,284792000.000000,276719000.000000,77846000.000000,1.161000,-0.088000,-28432000.000000,63624000.000000,63624000.000000,61001000.000000,7584000.000000,1.816000,-27.215000,0.000000,0.000000,0.000000,0.000000,125773000.000000,7008000.000000,0.000000,,0.000000,8349000.000000,15357000.000000,0.046000,15357000.000000,8349000.000000,8349000.000000,0.000000,0.000000,0.000000,-7439000.000000,-17055000.000000,-7439000.000000,,,,22900000.000000,0.271000,1.000000,269516000.000000,0.815000,0.000000,0.000000,138600000.000000,124472000.000000,0.000000,112777000.000000,112777000.000000,0.000000,202452000.000000,152341000.000000,50111000.000000,29147000.000000,0.000000,2626000.000000,14908000.000000,0.000000,17534000.000000,-39719000.000000,-9269000.000000,51332000.000000,0.000000,7584000.000000,0.000000,0.000000,0.000000,0.000000,0.000000,263349000.000000,6167000.000000,4963000.000000,,,,,37275000.000000,7584000.000000,,,,63613000.000000,-25153000.000000,330517000.000000,330517000.000000,33014000.000000,0.000000,0.000000,0.067000,0.025000,8941000.000000,230335000.000000,1.000000,256576638.000000,84483094.000000,116005681.000000,3.912000,354565000.000000,0.000000,765000.000000,0.000000,4.197000
MRT,2019-03-31,2019-04-30,2019-04-30,2020-Q1,671915000.000000,18594108956.000000,2025-05-23,8000.000000,999052000.000000,,866340000.000000,132712000.000000,,6.560000,-31479000.000000,629793000.000000,629793000.000000,73445000.000000,11138000.000000,4.456000,0.388000,46056000.000000,0.000000,46056000.000000,46056000.000000,149330000.000000,10698000.000000,0.000000,0.000000,0.000000,12122000.000000,22820000.000000,0.058000,22820000.000000,12122000.000000,12122000.000000,0.000000,-0.010000,0.000000,719728000.000000,,719728000.000000,18530484956.000000,1529.000000,812.028000,39330000.000000,0.358000,1.000000,318990000.000000,0.813000,0.000000,0.000000,220890000.000000,,0.000000,107389000.000000,107389000.000000,0.000000,279324000.000000,194425000.000000,84899000.000000,599952000.000000,0.000000,547690000.000000,14961000.000000,0.000000,562651000.000000,-33508000.000000,-11000.000000,70809000.000000,0.000000,11138000.000000,96000.000000,96000.000000,0.000000,0.000000,0.000000,309582000.000000,9408000.000000,9678000.000000,,25.835000,193688.635000,,90681000.000000,11042000.000000,72.470000,47.381000,20.260000,78888000.000000,-22939000.000000,392435000.000000,392435000.000000,40533000.000000,,,,0.031000,14754000.000000,269049000.000000,1.000000,256576638.000000,109708898.000000,136428379.000000,3.577000,999052000.000000,0.000000,984000.000000,0.000000,9.106000
MRT,2019-06-30,2019-07-31,2019-07-31,2020-Q2,687063000.000000,26021937415.000000,2025-05-23,-68000.000000,1069923000.000000,,916059000.000000,153864000.000000,,2.736000,-39342000.000000,213886000.000000,213886000.000000,88372000.000000,12854000.000000,4.000000,0.438000,48104000.000000,0.000000,48104000.000000,48104000.000000,181407000.000000,14680000.000000,0.000000,0.000000,0.000000,14913000.000000,29593000.000000,0.064000,29593000.000000,14913000.000000,14913000.000000,0.010000,0.010000,0.010000,743796000.000000,,743796000.000000,25438200415.000000,1706.000000,859.602000,48288000.000000,0.178000,1.000000,375363000.000000,0.809000,0.000000,0.000000,675145000.000000,,0.000000,541380000.000000,541380000.000000,0.000000,326127000.000000,228996000.000000,97131000.000000,178163000.000000,0.000000,547188000.000000,15000000.000000,0.000000,562188000.000000,-471655000.000000,-430295000.000000,87630000.000000,0.000000,12854000.000000,5121000.000000,5121000.000000,0.000000,0.000000,0.011000,367112000.000000,8251000.000000,819000.000000,0.000000,34.985000,5081.417000,9551.000000,103113000.000000,7733000.000000,95.510000,56.114000,55.982000,95682000.000000,-17398000.000000,463735000.000000,463735000.000000,48538000.000000,,,,0.032000,31703000.000000,318574000.000000,1.000000,272452491.000000,271813141.000000,292185665.000000,1.706000,1069923000.000000,0.000000,2059000.000000,0.000000,3.936000
MRT,2019-09-30,2019-10-31,2019-10-31,2020-Q3,701596000.000000,19118542780.000000,2025-05-23,651000.000000,1188057000.000000,902899250.000000,1019399000.000000,168658000.000000,0.598000,2.826000,-38443000.000000,230874000.000000,230874000.000000,102374000.000000,15663000.000000,3.208000,0.538000,50132000.000000,0.000000,50132000.000000,50132000.000000,201599000.000000,18978000.000000,0.000000,0.000000,0.000000,17901000.000000,36879000.000000,0.068000,36879000.000000,17901000.000000,17901000.000000,0.030000,0.030000,0.030000,772517000.000000,557150500.000000,772517000.000000,18952760780.000000,1059.000000,513.917000,92886000.000000,0.340000,1.000000,437833000.000000,0.810000,0.000000,0.000000,689512000.000000,431036750.000000,0.000000,580526000.000000,580526000.000000,0.000000,415540000.000000,317803000.000000,97737000.000000,215779000.000000,0.000000,596535000.000000,0.000000,0.000000,596535000.000000,-512085000.000000,-471624000.000000,131329000.000000,0.000000,15663000.000000,7926000.000000,7926000.000000,0.000000,0.000000,0.015000,430198000.000000,7635000.000000,3202000.000000,0.000000,24.748000,2412.130000,2329.667000,107156000.000000,7737000.000000,69.890000,35.391000,35.361000,95770000.000000,-15187000.000000,540207000.000000,540207000.000000,57218000.000000,0.009000,0.014000,0.042000,0.033000,50846000.000000,372980000.000000,1.000000,273551907.000000,273316850.000000,292771122.000000,1.976000,1188057000.000000,0.000000,2238000.000000,0.000000,4.347000
MRT,2019-12-31,2020-01-31,2020-01-31,2020-Q4,761692000.000000,21089458484.000000,2025-05-23,809000.000000,1289845000.000000,1136719250.000000,1095522000.000000,194323000.000000,0.548000,3.569000,-38084000.000000,283134000.000000,283134000.000000,115396000.000000,25305000.000000,3.282000,0.547000,64792000.000000,0.000000,64792000.000000,64792000.000000,230536000.000000,23334000.000000,0.000000,0.000000,0.000000,26362000.000000,49696000.000000,0.080000,49696000.000000,26362000.000000,26362000.000000,0.090000,0.090000,0.090000,833943000.000000,767496000.000000,833943000.000000,20908716484.000000,793.000000,420.732000,113808000.000000,0.487000,1.000000,507262000.000000,0.815000,0.000000,0.000000,737673000.000000,580805000.000000,0.000000,572060000.000000,572060000.000000,0.000000,455902000.000000,333830000.000000,122072000.000000,268114000.000000,0.000000,615690000.000000,0.000000,0.000000,615690000.000000,-499468000.000000,-459674000.000000,151892000.000000,0.000000,25305000.000000,21750000.000000,21750000.000000,0.000000,0.000000,0.035000,494566000.000000,12696000.000000,1596000.000000,0.000000,25.289000,969.630000,847.778000,125746000.000000,3555000.000000,76.300000,33.870000,28.630000,120435000.000000,152000.000000,622658000.000000,622658000.000000,67079000.000000,0.019000,0.028000,0.045000,0.042000,73109000.000000,427487000.000000,1.000000,276401815.000000,233641336.000000,254298014.000000,2.665000,1289845000.000000,0.000000,1057000.000000,0.000000,5.521000
MRT,2020-03-31,2020-04-30,2020-04-30,2021-Q1,749229000.000000,37712648435.000000,2025-05-23,1887000.000000,2067709000.000000,1403883500.000000,1782957000.000000,284752000.000000,0.590000,3.221000,-38459000.000000,488653000.000000,488653000.000000,194999000.000000,50166000.000000,1.725000,1.293000,62989000.000000,0.000000,62989000.000000,62989000.000000,551842000.000000,26064000.000000,0.000000,0.000000,0.000000,53007000.000000,79071000.000000,0.095000,79071000.000000,53007000.000000,53007000.000000,0.190000,0.180000,0.190000,901631000.000000,812971750.000000,901631000.000000,37494306435.000000,707.000000,474.185000,350162000.000000,1.251000,1.000000,633838000.000000,0.765000,0.000000,0.000000,608317000.000000,677661750.000000,0.000000,616714000.000000,616714000.000000,0.000000,1166078000.000000,1033728000.000000,132350000.000000,126002000.000000,0.000000,298564000.000000,0.000000,0.000000,298564000.000000,-561183000.000000,-522171000.000000,388621000.000000,0.000000,50166000.000000,49041000.000000,49041000.000000,0.000000,0.000000,0.059000,599314000.000000,34524000.000000,3472000.000000,0.000000,41.827000,769.002000,711.421000,125795000.000000,1125000.000000,135.170000,45.501000,45.646000,257512000.000000,27227000.000000,828837000.000000,828837000.000000,79685000.000000,0.035000,0.060000,0.078000,0.064000,95224000.000000,519629000.000000,1.000000,279001616.000000,279891111.000000,295184958.000000,2.961000,2067709000.000000,0.000000,2841000.000000,0.000000,7.388000
MRT,2020-06-30,2020-07-31,2020-07-31,2021-Q2,944776000.000000,71628769175.000000,2025-05-23,2772000.000000,2624941000.000000,1792638000.000000,2232102000.000000,392839000.000000,0.751000,4.238000,-52400000.000000,748944000.000000,748944000.000000,359370000.000000,230614000.000000,1.734000,1.190000,63105000.000000,0.000000,63105000.000000,63105000.000000,742613000.000000,29455000.000000,0.000000,0.000000,0.000000,236435000.000000,265890000.000000,0.197000,265890000.000000,236435000.000000,236435000.000000,0.830000,0.790000,0.830000,1198812000.000000,926725750.000000,1198812000.000000,71203105175.000000,301.000000,267.792000,706395000.000000,2.497000,1.000000,987161000.000000,0.733000,24340000.000000,0.000000,627436000.000000,665734500.000000,0.000000,732995000.000000,732995000.000000,0.000000,1426129000.000000,1287326000.000000,138803000.000000,815444000.000000,-26486000.000000,343194000.000000,0.000000,0.000000,343194000.000000,-286545000.000000,-205774000.000000,758795000.000000,0.000000,230614000.000000,229262000.000000,229262000.000000,0.000000,0.000000,0.170000,766798000.000000,220363000.000000,12615000.000000,0.000000,59.750000,312.432000,305.916000,156586000.000000,1352000.000000,253.910000,53.195000,53.336000,295330000.000000,213216000.000000,1346531000.000000,1346531000.000000,107365000.000000,0.128000,0.247000,0.355000,0.176000,134004000.000000,659433000.000000,1.000000,282102986.000000,282850805.000000,297162309.000000,4.761000,2600601000.000000,0.000000,5821000.000000,0.000000,9.194000
MRT,2020-09-30,2020-10-31,2020-10-31,2021-Q3,1210328000.000000,131092473892.000000,2025-05-23,1317000.000000,3050311000.000000,2258201500.000000,2624276000.000000,426035000.000000,0.867000,5.267000,-68469000.000000,730506000.000000,730506000.000000,587252000.000000,427045000.000000,1.856000,1.034000,60522000.000000,0.000000,60522000.000000,60522000.000000,854697000.000000,33488000.000000,0.000000,0.000000,0.000000,427926000.000000,461414000.000000,0.236000,461414000.000000,427926000.000000,427926000.000000,1.520000,1.440000,1.520000,1499918000.000000,1108576000.000000,1499918000.000000,130406634892.000000,305.000000,282.624000,1039866000.000000,3.651000,1.000000,1369882000.000000,0.700000,24340000.000000,0.000000,942039000.000000,728866250.000000,0.000000,1141425000.000000,1141425000.000000,0.000000,1550393000.000000,1413948000.000000,136445000.000000,746898000.000000,-26486000.000000,315309000.000000,0.000000,0.000000,315309000.000000,-676746000.000000,-577312000.000000,1108335000.000000,0.000000,427045000.000000,425495000.000000,425495000.000000,0.000000,0.000000,0.217000,955598000.000000,414284000.000000,12666000.000000,0.000000,87.400000,308.094000,303.230000,171085000.000000,1550000.000000,460.910000,66.982000,67.067000,280896000.000000,411858000.000000,1957134000.000000,1957134000.000000,132374000.000000,0.188000,0.384000,0.587000,0.219000,206134000.000000,823224000.000000,1.000000,284420980.000000,284783006.000000,299258765.000000,6.872000,3025971000.000000,0.000000,881000.000000,0.000000,10.626000
MRT,2020-12-31,2021-01-31,2021-01-31,2021-Q4,3532899000.000000,106414643838.000000,2025-05-23,839000.000000,5297993000.000000,3260238500.000000,4792865000.000000,505128000.000000,0.813000,13.601000,-79972000.000000,2240303000.000000,2240303000.000000,821989000.000000,672316000.000000,3.804000,0.372000,90415000.000000,0.000000,90415000.000000,90415000.000000,883495000.000000,39744000.000000,0.000000,0.000000,0.000000,678034000.000000,717778000.000000,0.271000,717778000.000000,678034000.000000,678034000.000000,2.370000,2.250000,2.370000,3860767000.000000,1865282000.000000,3860767000.000000,105744659838.000000,156.000000,147.322000,1391205000.000000,4.901000,1.000000,1829379000.000000,0.690000,24340000.000000,0.000000,1863799000.000000,1010397750.000000,0.000000,2023078000.000000,2004410000.000000,18668000.000000,1437226000.000000,1259966000.000000,177260000.000000,1959034000.000000,-26486000.000000,2050277000.000000,0.000000,0.000000,2050277000.000000,-1562420000.000000,-1451778000.000000,1471177000.000000,0.000000,672316000.000000,671527000.000000,671527000.000000,0.000000,0.000000,0.253000,1169531000.000000,659848000.000000,8664000.000000,0.000000,27.563000,158.467000,156.992000,247573000.000000,789000.000000,372.070000,40.136000,39.834000,294703000.000000,672468000.000000,2651368000.000000,2651368000.000000,164080000.000000,0.206000,0.360000,0.671000,0.256000,275818000.000000,1005451000.000000,1.000000,286007052.000000,283853654.000000,298127669.000000,9.341000,5273653000.000000,1519000.000000,5718000.000000,0.000000,18.579000
MRT,2021-03-31,2021-04-30,2021-04-30,2022-Q1,3812560000.000000,93862197361.000000,2025-05-23,200000.000000,5888611000.000000,4215464000.000000,5340896000.000000,547715000.000000,0.778000,14.271000,-151774000.000000,1557270000.000000,1557270000.000000,983276000.000000,872772000.000000,3.495000,0.404000,86433000.000000,0.000000,86433000.000000,86433000.000000,1094423000.000000,47094000.000000,0.000000,0.000000,0.000000,877790000.000000,924884000.000000,0.282000,924884000.000000,877790000.000000,877790000.000000,3.040000,2.900000,3.040000,4192733000.000000,2688057500.000000,4192733000.000000,91712309361.000000,104.000000,99.161000,1593740000.000000,5.425000,1.000000,2296162000.000000,0.700000,24340000.000000,0.000000,2865098000.000000,1574593000.000000,0.000000,3132309000.000000,3132309000.000000,0.000000,1695878000.000000,1528336000.000000,167542000.000000,842022000.000000,-26486000.000000,1815535000.000000,0.000000,0.000000,1815872000.000000,-2719364000.000000,-2535763000.000000,1745514000.000000,0.000000,872772000.000000,871917000.000000,871917000.000000,0.000000,0.000000,0.266000,1433387000.000000,862775000.000000,8324000.000000,0.000000,22.387000,107.650000,105.122000,286190000.000000,855000.000000,319.570000,28.621000,28.629000,366346000.000000,899999000.000000,3279438000.000000,3279438000.000000,202866000.000000,0.207000,0.324000,0.557000,0.268000,346010000.000000,1230521000.000000,1.000000,293714045.000000,293794778.000000,305412419.000000,11.162000,5864271000.000000,0.000000,5018000.000000,0.000000,19.960000
MRT,2021-06-30,2021-07-31,2021-07-31,2022-Q2,4148706000.000000,111405568284.000000,2025-05-23,147000.000000,6508593000.000000,5186377000.000000,5835079000.000000,673514000.000000,0.701000,15.751000,-136768000.000000,1931370000.000000,1931370000.000000,1052261000.000000,1003867000.000000,3.460000,0.397000,83009000.000000,0.000000,83009000.000000,83009000.000000,1178028000.000000,54657000.000000,0.000000,0.000000,0.000000,1011489000.000000,1066146000.000000,0.293000,1066146000.000000,1011489000.000000,1011489000.000000,3.450000,3.310000,3.450000,4657748000.000000,3552791500.000000,4657748000.000000,109934731284.000000,109.000000,103.114000,1675412000.000000,5.666000,1.000000,2585152000.000000,0.711000,26247000.000000,0.000000,2947612000.000000,2154637000.000000,0.000000,3311824000.000000,3174029000.000000,137795000.000000,1850845000.000000,1686373000.000000,164472000.000000,963878000.000000,-2121000.000000,1842402000.000000,0.000000,0.000000,1842739000.000000,-2691041000.000000,-2548143000.000000,1812180000.000000,0.000000,1003867000.000000,1003105000.000000,1003105000.000000,0.000000,0.000000,0.276000,1615878000.000000,969274000.000000,49762000.000000,0.000000,23.918000,111.061000,109.594000,284939000.000000,762000.000000,378.100000,30.628000,30.739000,395266000.000000,1217083000.000000,3637413000.000000,3637413000.000000,242443000.000000,0.193000,0.282000,0.469000,0.278000,391297000.000000,1373435000.000000,1.000000,294645777.000000,295712675.000000,305861051.000000,12.300000,6482346000.000000,0.000000,7622000.000000,0.000000,21.921000
MRT,2021-09-30,2021-10-31,2021-10-31,2022-Q3,4421336000.000000,81606178284.000000,2025-05-23,-5128000.000000,6978971000.000000,6168542000.000000,6112716000.000000,866255000.000000,0.634000,17.196000,-133271000.000000,1322435000.000000,1322435000.000000,1064491000.000000,1145608000.000000,3.614000,0.365000,79319000.000000,0.000000,79319000.000000,79319000.000000,1186119000.000000,61567000.000000,0.000000,0.000000,0.000000,1227751000.000000,1289318000.000000,0.330000,1289318000.000000,1227751000.000000,1227751000.000000,3.890000,3.760000,3.890000,5113685000.000000,4456233250.000000,5113685000.000000,79757817284.000000,65.000000,61.860000,1661995000.000000,5.589000,1.000000,2846482000.000000,0.728000,26247000.000000,0.000000,4018228000.000000,2923684250.000000,0.000000,4395270000.000000,4095520000.000000,299750000.000000,1865286000.000000,1691380000.000000,173906000.000000,314045000.000000,-2121000.000000,1774583000.000000,0.000000,0.000000,1774920000.000000,-3256141000.000000,-3109708000.000000,1795266000.000000,0.000000,1145608000.000000,1144936000.000000,1144936000.000000,0.000000,0.000000,0.293000,1778593000.000000,1067889000.000000,20064000.000000,0.000000,15.958000,71.276000,70.604000,300990000.000000,672000.000000,274.650000,20.866000,20.883000,377874000.000000,1557466000.000000,3910973000.000000,3910973000.000000,298369000.000000,0.186000,0.257000,0.420000,0.314000,412173000.000000,1480224000.000000,1.000000,297127902.000000,297375011.000000,305939624.000000,13.152000,6952724000.000000,0.000000,82143000.000000,0.000000,23.380000
MRT,2021-12-31,2022-01-31,2022-01-31,2022-Q4,4604116000.000000,45974601951.000000,2025-05-23,-17902000.000000,7551318000.000000,6731873250.000000,6183807000.000000,1367511000.000000,0.609000,19.505000,-132590000.000000,1062820000.000000,1062820000.000000,1054554000.000000,1375639000.000000,3.915000,0.306000,85018000.000000,0.000000,85018000.000000,85018000.000000,1179916000.000000,66575000.000000,0.000000,0.000000,0.000000,1101632000.000000,1168207000.000000,0.285000,1168207000.000000,1101632000.000000,1101632000.000000,4.640000,4.500000,4.640000,5780018000.000000,4936046000.000000,5780018000.000000,44731485951.000000,41.000000,38.291000,1472676000.000000,4.970000,1.000000,3045310000.000000,0.743000,27607000.000000,0.000000,4966218000.000000,3699289000.000000,0.000000,4724260000.000000,4356446000.000000,367814000.000000,1771300000.000000,1579691000.000000,191609000.000000,-1219763000.000000,-3501000.000000,33731000.000000,0.000000,0.000000,34068000.000000,-2859097000.000000,-2709988000.000000,1605266000.000000,0.000000,1375639000.000000,1375057000.000000,1375057000.000000,0.000000,0.000000,0.335000,1981719000.000000,1063591000.000000,7841000.000000,0.000000,7.954000,33.435000,33.250000,318319000.000000,582000.000000,154.280000,11.214000,11.151000,419673000.000000,2048107000.000000,4099864000.000000,4099864000.000000,362990000.000000,0.204000,0.279000,0.298000,0.269000,477287000.000000,1618729000.000000,1.000000,297994568.000000,296334894.000000,305826505.000000,13.835000,7523711000.000000,382296000.000000,-274007000.000000,0.000000,25.389000
MRT,2022-03-31,2022-04-30,2022-04-30,2023-Q1,4755268000.000000,29783772996.000000,2025-05-23,-45237000.000000,7956713000.000000,7248898750.000000,6564278000.000000,1392435000.000000,0.582000,19.883000,-78554000.000000,1407305000.000000,1407305000.000000,1051381000.000000,1261766000.000000,3.629000,0.338000,80201000.000000,0.000000,80201000.000000,80201000.000000,1331047000.000000,72369000.000000,0.000000,0.000000,0.000000,1016373000.000000,1088742000.000000,0.258000,1088742000.000000,1016373000.000000,1016373000.000000,4.240000,4.130000,4.240000,5947887000.000000,5374834500.000000,5947887000.000000,28805970996.000000,28.000000,26.458000,1519561000.000000,5.080000,1.000000,3166046000.000000,0.751000,27607000.000000,0.000000,4792992000.000000,4181262500.000000,0.000000,4662134000.000000,4318974000.000000,343160000.000000,2008826000.000000,1809010000.000000,199816000.000000,-185659000.000000,-3501000.000000,-92896000.000000,0.000000,0.000000,-92896000.000000,-1681453000.000000,-1583169000.000000,1598115000.000000,-9425000.000000,1261766000.000000,1261330000.000000,1261330000.000000,0.000000,0.000000,0.299000,2141702000.000000,1024344000.000000,22506000.000000,0.000000,5.007000,23.613000,23.483000,332647000.000000,436000.000000,99.570000,7.062000,7.063000,483879000.000000,2161765000.000000,4217427000.000000,4217427000.000000,442106000.000000,0.174000,0.235000,0.243000,0.241000,587681000.000000,1699596000.000000,1.000000,299123963.000000,299147105.000000,306614220.000000,14.098000,7929106000.000000,419979000.000000,-245393000.000000,0.000000,26.506000
MRT,2022-06-30,2022-07-31,2022-07-31,2023-Q2,4547513000.000000,30989526305.000000,2025-05-23,-48161000.000000,8047598000.000000,7633650000.000000,6414401000.000000,1633197000.000000,0.563000,20.065000,-93411000.000000,937443000.000000,937443000.000000,1063736000.000000,990432000.000000,3.436000,0.343000,75954000.000000,0.000000,75954000.000000,75954000.000000,1401149000.000000,82473000.000000,0.000000,0.000000,0.000000,782888000.000000,865361000.000000,0.201000,865361000.000000,782888000.000000,782888000.000000,3.320000,3.240000,3.320000,5990397000.000000,5707996750.000000,5990397000.000000,29662422305.000000,38.000000,34.278000,1293901000.000000,4.334000,1.000000,3231654000.000000,0.752000,122556000.000000,0.000000,5196665000.000000,4743525750.000000,0.000000,4940956000.000000,4582708000.000000,358248000.000000,2057201000.000000,1866888000.000000,190313000.000000,-1051932000.000000,-121933000.000000,-419857000.000000,0.000000,0.000000,-419857000.000000,-2003276000.000000,-1771703000.000000,1387312000.000000,-16111000.000000,990432000.000000,990146000.000000,990146000.000000,0.000000,0.000000,0.231000,2380170000.000000,851484000.000000,22994000.000000,0.000000,5.173000,31.298000,31.283000,327575000.000000,286000.000000,103.860000,7.215000,7.219000,509543000.000000,2207515000.000000,4295390000.000000,4295390000.000000,532359000.000000,0.130000,0.173000,0.165000,0.182000,741054000.000000,1847811000.000000,1.000000,298377877.000000,298553379.000000,307160840.000000,14.387000,7925042000.000000,494257000.000000,-207544000.000000,0.000000,26.545000
MRT,2022-09-30,2022-10-31,2022-10-31,2023-Q3,4245787000.000000,24835510398.000000,2025-05-23,-72716000.000000,7837178000.000000,7848201750.000000,6142097000.000000,1695081000.000000,0.554000,19.476000,-96342000.000000,1096174000.000000,1096174000.000000,1063444000.000000,698402000.000000,3.239000,0.362000,78128000.000000,0.000000,78128000.000000,78128000.000000,1354223000.000000,93039000.000000,0.000000,0.000000,0.000000,427354000.000000,520393000.000000,0.120000,520393000.000000,427354000.000000,427354000.000000,2.340000,2.290000,2.340000,5755812000.000000,5868528500.000000,5755812000.000000,23974021398.000000,56.000000,46.069000,1191728000.000000,4.032000,1.000000,3283089000.000000,0.755000,122556000.000000,0.000000,4800266000.000000,4939035250.000000,0.000000,4423367000.000000,4068818000.000000,354549000.000000,2081366000.000000,1896310000.000000,185056000.000000,-236685000.000000,-121933000.000000,-935504000.000000,0.000000,0.000000,-935504000.000000,-552612000.000000,-320377000.000000,1288070000.000000,-36639000.000000,698402000.000000,698228000.000000,698228000.000000,0.000000,0.000000,0.161000,2655954000.000000,627135000.000000,27247000.000000,0.000000,4.315000,35.569000,35.658000,341824000.000000,174000.000000,83.440000,5.714000,5.673000,589573000.000000,2255868000.000000,4346533000.000000,4346533000.000000,629797000.000000,0.089000,0.119000,0.087000,0.098000,929068000.000000,2026157000.000000,1.000000,297645139.000000,295537026.000000,301986341.000000,14.707000,7714622000.000000,550539000.000000,-271048000.000000,0.000000,26.104000
MRT,2022-12-31,2023-01-31,2023-01-31,2023-Q4,4617768000.000000,21924167175.000000,2025-05-23,-50385000.000000,8128065000.000000,7992388500.000000,6356412000.000000,1771653000.000000,0.550000,20.929000,-103826000.000000,1086830000.000000,1086830000.000000,1100451000.000000,103711000.000000,3.656000,0.310000,73687000.000000,0.000000,73687000.000000,73687000.000000,1308446000.000000,111254000.000000,0.000000,0.000000,0.000000,249276000.000000,360530000.000000,0.082000,360530000.000000,249276000.000000,249276000.000000,0.350000,0.340000,0.350000,6206607000.000000,5975175750.000000,6206607000.000000,20906121175.000000,84.000000,57.987000,1186436000.000000,4.001000,1.000000,3292509000.000000,0.749000,122641000.000000,0.000000,5253637000.000000,5010890000.000000,0.000000,4724828000.000000,4325836000.000000,398992000.000000,1921458000.000000,1738644000.000000,182814000.000000,26890000.000000,-120553000.000000,-936942000.000000,0.000000,0.000000,-936942000.000000,-318322000.000000,-82675000.000000,1290262000.000000,-8108000.000000,103711000.000000,103704000.000000,103704000.000000,0.000000,0.000000,0.024000,3047080000.000000,245429000.000000,14414000.000000,0.000000,3.532000,211.411000,214.286000,333727000.000000,7000.000000,75.000000,4.991000,5.063000,557404000.000000,2151818000.000000,4392960000.000000,4392960000.000000,774059000.000000,0.013000,0.017000,0.050000,0.057000,1285752000.000000,2273021000.000000,1.000000,292322229.000000,296560501.000000,304231350.000000,14.813000,8005424000.000000,558428000.000000,145565000.000000,0.000000,26.994000
MRT,2023-03-31,2023-04-30,2023-04-30,2024-Q1,4723786000.000000,18050369192.000000,2025-05-23,-34871000.000000,8536210000.000000,8137262750.000000,6567679000.000000,1968531000.000000,0.544000,22.085000,-100614000.000000,1029546000.000000,1029546000.000000,1102577000.000000,5497000.000000,3.562000,0.308000,68470000.000000,0.000000,68470000.000000,68470000.000000,1366136000.000000,119980000.000000,0.000000,0.000000,0.000000,148834000.000000,268814000.000000,0.061000,268814000.000000,148834000.000000,148834000.000000,0.010000,0.020000,0.010000,6524107000.000000,6119230750.000000,6524107000.000000,17037226192.000000,114.000000,63.379000,1081984000.000000,3.663000,1.000000,3321947000.000000,0.751000,304162000.000000,0.000000,5427079000.000000,5169411750.000000,0.000000,5019112000.000000,4566845000.000000,452267000.000000,2012103000.000000,1843893000.000000,168210000.000000,-372092000.000000,-319969000.000000,-796680000.000000,0.000000,0.000000,-796680000.000000,-756774000.000000,-328134000.000000,1182598000.000000,-1236000.000000,5497000.000000,5503000.000000,5503000.000000,0.000000,0.000000,0.001000,3253841000.000000,68106000.000000,16520000.000000,0.000000,2.767000,3280.096000,6143.000000,330743000.000000,-6000.000000,61.430000,4.080000,4.101000,590694000.000000,2167262000.000000,4424524000.000000,4424524000.000000,839039000.000000,0.001000,0.001000,0.029000,0.034000,1358734000.000000,2414802000.000000,1.000000,293836386.000000,295409207.000000,304115913.000000,14.978000,8232048000.000000,532996000.000000,143337000.000000,0.000000,27.867000
MRT,2023-06-30,2023-07-31,2023-07-31,2024-Q2,5283519000.000000,21824897657.000000,2025-05-23,-36707000.000000,8923108000.000000,8356140250.000000,7050992000.000000,1872116000.000000,0.534000,23.412000,-119382000.000000,1380121000.000000,1380121000.000000,1095525000.000000,141721000.000000,3.989000,0.274000,62181000.000000,0.000000,62181000.000000,62181000.000000,1369768000.000000,124891000.000000,0.000000,0.000000,0.000000,308808000.000000,433699000.000000,0.097000,433699000.000000,308808000.000000,308808000.000000,0.470000,0.460000,0.470000,7002352000.000000,6372219500.000000,7002352000.000000,20863821657.000000,68.000000,48.107000,1141978000.000000,3.818000,1.000000,3368217000.000000,0.755000,307295000.000000,0.000000,5530400000.000000,5252845500.000000,0.000000,5025086000.000000,4648393000.000000,376693000.000000,1920756000.000000,1767473000.000000,153283000.000000,448812000.000000,-204918000.000000,-506663000.000000,0.000000,0.000000,-506663000.000000,-310107000.000000,22250000.000000,1261360000.000000,4222000.000000,141721000.000000,141731000.000000,141731000.000000,0.000000,0.000000,0.032000,3244236000.000000,123981000.000000,20854000.000000,0.000000,3.117000,153.988000,156.064000,346130000.000000,-10000.000000,73.350000,4.889000,4.915000,571049000.000000,2349236000.000000,4463742000.000000,4463742000.000000,858277000.000000,0.017000,0.022000,0.059000,0.069000,1364728000.000000,2385959000.000000,1.000000,297544617.000000,299093452.000000,305932596.000000,14.924000,8615813000.000000,541016000.000000,167087000.000000,0.000000,28.806000
MRT,2023-09-30,2023-10-31,2023-10-31,2024-Q3,5731754000.000000,18051398101.000000,2025-05-23,-27109000.000000,9317472000.000000,8726213750.000000,7484759000.000000,1832713000.000000,0.516000,24.508000,-136671000.000000,1492910000.000000,1492910000.000000,1095848000.000000,234580000.000000,4.270000,0.257000,55409000.000000,0.000000,55409000.000000,55409000.000000,1315898000.000000,129404000.000000,0.000000,0.000000,0.000000,439885000.000000,569289000.000000,0.127000,569289000.000000,439885000.000000,439885000.000000,0.780000,0.750000,0.780000,7413401000.000000,6786616750.000000,7413401000.000000,16733458101.000000,38.000000,29.394000,1322528000.000000,4.372000,1.000000,3402722000.000000,0.756000,307295000.000000,0.000000,5819671000.000000,5507696750.000000,0.000000,5354529000.000000,5001507000.000000,353022000.000000,1904071000.000000,1753005000.000000,151066000.000000,392039000.000000,-204918000.000000,47697000.000000,0.000000,0.000000,47697000.000000,-1122115000.000000,-779826000.000000,1459199000.000000,7258000.000000,234580000.000000,234590000.000000,234590000.000000,0.000000,0.000000,0.052000,3175860000.000000,226862000.000000,14431000.000000,0.000000,2.435000,76.949000,76.897000,356909000.000000,-10000.000000,59.980000,4.013000,4.033000,514045000.000000,2490448000.000000,4498570000.000000,4498570000.000000,859163000.000000,0.027000,0.035000,0.080000,0.098000,1320847000.000000,2316697000.000000,1.000000,300956954.000000,302493182.000000,310389905.000000,14.872000,9010177000.000000,531677000.000000,205305000.000000,0.000000,29.786000
MRT,2023-12-31,2024-01-31,2024-01-31,2024-Q4,6164032000.000000,19668802400.000000,2025-05-23,1063000.000000,9929793000.000000,9176645750.000000,7926219000.000000,2003574000.000000,0.493000,26.665000,-126953000.000000,1558252000.000000,1558252000.000000,1077801000.000000,637462000.000000,4.498000,0.238000,48308000.000000,0.000000,48308000.000000,48308000.000000,1270362000.000000,125517000.000000,0.000000,0.000000,0.000000,832312000.000000,957829000.000000,0.212000,957829000.000000,832312000.000000,832312000.000000,2.120000,2.070000,2.120000,8019406000.000000,7239816500.000000,8019406000.000000,18231301400.000000,22.000000,19.034000,1471883000.000000,4.894000,1.000000,3449423000.000000,0.762000,307295000.000000,0.000000,6350367000.000000,5781879250.000000,0.000000,5813455000.000000,5404233000.000000,409222000.000000,1910387000.000000,1762187000.000000,148200000.000000,465137000.000000,-204918000.000000,60186000.000000,0.000000,0.000000,60186000.000000,-1183689000.000000,-851818000.000000,1598836000.000000,-10196000.000000,637462000.000000,637462000.000000,637462000.000000,0.000000,0.000000,0.141000,2924144000.000000,525279000.000000,10175000.000000,0.000000,2.453000,30.855000,30.476000,352679000.000000,0.000000,64.610000,4.345000,4.292000,536078000.000000,2789280000.000000,4527224000.000000,4527224000.000000,803187000.000000,0.069000,0.088000,0.144000,0.184000,1057161000.000000,2120957000.000000,1.000000,304423501.000000,300748162.000000,308519897.000000,15.053000,9622498000.000000,662177000.000000,194850000.000000,0.000000,31.995000
MRT,2024-03-31,2024-04-30,2024-04-30,2025-Q1,6426144000.000000,18791895348.000000,2025-05-23,-17490000.000000,10296630000.000000,9616750750.000000,8282045000.000000,2014585000.000000,0.474000,26.883000,-123635000.000000,1885603000.000000,1885603000.000000,1087156000.000000,838326000.000000,4.463000,0.241000,40284000.000000,0.000000,40284000.000000,40284000.000000,1352192000.000000,128095000.000000,0.000000,0.000000,0.000000,1081046000.000000,1209141000.000000,0.265000,1209141000.000000,1081046000.000000,1081046000.000000,2.770000,2.700000,2.770000,8298824000.000000,7683495750.000000,8298824000.000000,17281951348.000000,16.000000,14.293000,1644905000.000000,5.328000,1.000000,3475938000.000000,0.762000,307295000.000000,0.000000,6288115000.000000,5997138250.000000,0.000000,5913660000.000000,5488737000.000000,424923000.000000,1997806000.000000,1855901000.000000,141905000.000000,854034000.000000,-5502000.000000,-89284000.000000,0.000000,0.000000,-89284000.000000,-810727000.000000,-681590000.000000,1768540000.000000,-14495000.000000,838326000.000000,838326000.000000,838326000.000000,0.000000,0.000000,0.184000,2757379000.000000,718559000.000000,18315000.000000,0.000000,2.264000,22.416000,22.058000,360462000.000000,0.000000,61.100000,4.118000,4.134000,527515000.000000,3005588000.000000,4563094000.000000,4563094000.000000,799474000.000000,0.087000,0.109000,0.180000,0.237000,1004241000.000000,1957905000.000000,1.000000,307559662.000000,308700582.000000,315360678.000000,14.782000,9989335000.000000,673808000.000000,242720000.000000,0.000000,32.359000
MRT,2024-06-30,2024-07-31,2024-07-31,2025-Q2,6553797000.000000,18680332733.000000,2025-05-23,2191000.000000,10507192000.000000,10012771750.000000,8395145000.000000,2112047000.000000,0.458000,27.577000,-161269000.000000,1539457000.000000,1539457000.000000,1105686000.000000,875367000.000000,4.559000,0.232000,36052000.000000,0.000000,36052000.000000,36052000.000000,1406694000.000000,132366000.000000,0.000000,0.000000,0.000000,1123562000.000000,1255928000.000000,0.274000,1255928000.000000,1123562000.000000,1123562000.000000,2.870000,2.810000,2.870000,8525247000.000000,8064219500.000000,8525247000.000000,16835013733.000000,15.000000,13.404000,1720634000.000000,5.566000,1.000000,3481252000.000000,0.759000,307295000.000000,0.000000,6855144000.000000,6328324250.000000,0.000000,6419104000.000000,5980575000.000000,438529000.000000,1981945000.000000,1841348000.000000,140597000.000000,157077000.000000,0.000000,-379988000.000000,0.000000,0.000000,-379988000.000000,-1332277000.000000,-1171008000.000000,1881903000.000000,-12561000.000000,875367000.000000,875367000.000000,875367000.000000,0.000000,0.000000,0.191000,2737941000.000000,743311000.000000,10611000.000000,0.000000,2.191000,21.340000,21.045000,400759000.000000,0.000000,60.400000,4.073000,4.071000,528237000.000000,3224603000.000000,4586938000.000000,4586938000.000000,814428000.000000,0.087000,0.109000,0.178000,0.245000,980682000.000000,1923513000.000000,1.000000,309277032.000000,309137807.000000,314027192.000000,14.838000,10199897000.000000,718066000.000000,248195000.000000,0.000000,32.995000
MRT,2024-09-30,2024-10-31,2024-10-31,2025-Q3,6678989000.000000,23004165929.000000,2025-05-23,6787000.000000,10679869000.000000,10353371000.000000,8532415000.000000,2147454000.000000,0.447000,28.224000,-146766000.000000,1273823000.000000,1273823000.000000,1118579000.000000,941205000.000000,4.604000,0.230000,37590000.000000,0.000000,37590000.000000,37590000.000000,1378951000.000000,138399000.000000,0.000000,0.000000,0.000000,1218148000.000000,1356547000.000000,0.293000,1356547000.000000,1218148000.000000,1218148000.000000,3.070000,3.020000,3.070000,8679834000.000000,8380827750.000000,8679834000.000000,21500760929.000000,18.000000,15.850000,1725201000.000000,5.610000,1.000000,3509173000.000000,0.758000,307295000.000000,0.000000,7282915000.000000,6694135250.000000,0.000000,6872867000.000000,6428214000.000000,444653000.000000,2000035000.000000,1853426000.000000,146609000.000000,-215269000.000000,0.000000,-674872000.000000,0.000000,0.000000,-674872000.000000,-1420421000.000000,-1273655000.000000,1871967000.000000,8057000.000000,941205000.000000,941205000.000000,941205000.000000,0.000000,0.000000,0.203000,2752411000.000000,756762000.000000,8542000.000000,0.000000,2.650000,24.441000,24.345000,397628000.000000,0.000000,74.740000,4.971000,4.967000,458007000.000000,3431653000.000000,4627752000.000000,4627752000.000000,840576000.000000,0.091000,0.112000,0.182000,0.263000,962743000.000000,1911835000.000000,1.000000,307789215.000000,307529696.000000,314191269.000000,15.048000,10372574000.000000,730601000.000000,276943000.000000,0.000000,33.729000
MRT,2024-12-31,2025-01-31,2025-01-31,2025-Q4,6772680000.000000,26646669301.000000,2025-05-23,4990000.000000,10988421000.000000,10618028000.000000,8675974000.000000,2312447000.000000,0.439000,29.012000,-136560000.000000,1349380000.000000,1349380000.000000,1129627000.000000,1010238000.000000,4.558000,0.230000,37406000.000000,0.000000,37406000.000000,37406000.000000,1353661000.000000,146698000.000000,0.000000,0.000000,0.000000,1315584000.000000,1462282000.000000,0.313000,1462282000.000000,1315584000.000000,1315584000.000000,3.280000,3.210000,3.280000,8935084000.000000,8609747250.000000,8935084000.000000,25410436301.000000,19.000000,17.377000,1808748000.000000,5.873000,1.000000,3535806000.000000,0.758000,307295000.000000,0.000000,7465858000.000000,6973008000.000000,0.000000,7033810000.000000,6442329000.000000,591481000.000000,2053337000.000000,1903294000.000000,150043000.000000,-203963000.000000,0.000000,-1028077000.000000,0.000000,0.000000,-1028077000.000000,-1106024000.000000,-969464000.000000,1945308000.000000,-15170000.000000,1010238000.000000,1010238000.000000,1010238000.000000,0.000000,0.000000,0.217000,2722511000.000000,813295000.000000,8345000.000000,0.000000,2.982000,26.377000,26.506000,386375000.000000,0.000000,86.940000,5.712000,5.739000,495228000.000000,3799518000.000000,4665433000.000000,4665433000.000000,852415000.000000,0.095000,0.117000,0.189000,0.282000,931309000.000000,1870096000.000000,1.000000,306494931.000000,307981971.000000,315069582.000000,15.148000,10681126000.000000,749759000.000000,305346000.000000,0.000000,34.681000
MRT,2025-03-31,2025-04-30,2025-04-30,2026-Q1,6769404000.000000,23667832962.000000,2025-05-23,15145000.000000,10951896000.000000,10781844500.000000,8666777000.000000,2285119000.000000,0.436000,29.197000,-143962000.000000,1228847000.000000,1228847000.000000,1134727000.000000,1048533000.000000,4.568000,0.230000,35894000.000000,0.000000,35894000.000000,35894000.000000,1425402000.000000,156087000.000000,0.000000,0.000000,0.000000,1339385000.000000,1495472000.000000,0.318000,1495472000.000000,1339385000.000000,1339385000.000000,3.420000,3.340000,3.420000,8902368000.000000,8760633250.000000,8902368000.000000,22355858962.000000,17.000000,14.949000,1702416000.000000,5.583000,1.000000,3564187000.000000,0.759000,307295000.000000,0.000000,7554275000.000000,7289548000.000000,0.000000,7140115000.000000,6563976000.000000,576139000.000000,2049528000.000000,1897373000.000000,152155000.000000,-649572000.000000,0.000000,-1294003000.000000,0.000000,0.000000,-1376156000.000000,-1123330000.000000,-979368000.000000,1846378000.000000,3536000.000000,1048533000.000000,1048533000.000000,1048533000.000000,0.000000,0.000000,0.223000,2712322000.000000,851865000.000000,14205000.000000,0.000000,2.659000,22.572000,22.673000,365428000.000000,0.000000,77.540000,5.037000,5.032000,477242000.000000,4054121000.000000,4698914000.000000,4698914000.000000,852273000.000000,0.097000,0.120000,0.184000,0.285000,903453000.000000,1860049000.000000,1.000000,305233853.000000,304908652.000000,312783861.000000,15.411000,10644601000.000000,769189000.000000,290852000.000000,0.000000,34.911000
MRY,2016-12-31,2017-01-31,2017-01-31,2017-FY,,,2025-05-23,,,,,,,,-4824000.000000,,,12472000.000000,-14000.000000,,,,,,,,1219000.000000,,,0.000000,158000.000000,1377000.000000,0.023000,1377000.000000,158000.000000,158000.000000,-0.200000,-0.200000,-0.200000,,,,,,,4537000.000000,0.065000,1.000000,48345000.000000,0.795000,,0.000000,,,,,,,,,,106804000.000000,2000000.000000,403000.000000,0.000000,0.000000,100267000.000000,-2824000.000000,0.000000,9361000.000000,0.000000,-14000.000000,-14380000.000000,-14380000.000000,0.000000,0.000000,-0.236000,48345000.000000,0.000000,,0.000000,,,,,14366000.000000,,,,,,60817000.000000,60817000.000000,9218000.000000,,,,0.003000,1039000.000000,39127000.000000,1.000000,,70309256.000000,70309256.000000,0.865000,,,172000.000000,,
MRY,2017-12-31,2018-01-31,2018-01-31,2018-FY,114633000.000000,,2025-05-23,-531000.000000,215019000.000000,,183162000.000000,31857000.000000,,-0.341000,-9738000.000000,36146000.000000,36146000.000000,30780000.000000,-3822000.000000,2.673000,-3.080000,0.000000,0.000000,0.000000,0.000000,54262000.000000,2786000.000000,0.000000,,0.000000,-3518000.000000,-732000.000000,-0.005000,-732000.000000,-3518000.000000,-3518000.000000,-0.110000,-0.110000,-0.110000,-26671000.000000,,-26671000.000000,,,,9688000.000000,0.124000,1.000000,120698000.000000,0.797000,0.000000,0.000000,110344000.000000,,0.000000,103056000.000000,103056000.000000,0.000000,82138000.000000,68529000.000000,13609000.000000,-97928000.000000,0.000000,733000.000000,-120000.000000,0.000000,-3997000.000000,-113357000.000000,-103619000.000000,19426000.000000,0.000000,-3822000.000000,-8227000.000000,-8227000.000000,0.000000,0.000000,-0.054000,125531000.000000,-4833000.000000,2723000.000000,0.000000,,,,13032000.000000,4405000.000000,,,,24526000.000000,-32737000.000000,151478000.000000,151478000.000000,15733000.000000,,,,-0.023000,10329000.000000,109798000.000000,1.000000,,78119865.000000,78119865.000000,1.939000,215019000.000000,0.000000,304000.000000,0.000000,2.752000
MRY,2018-12-31,2019-01-31,2019-01-31,2019-FY,124378000.000000,,2025-05-23,-135000.000000,354565000.000000,284792000.000000,276719000.000000,77846000.000000,1.161000,-0.088000,-28432000.000000,63624000.000000,63624000.000000,61001000.000000,7584000.000000,1.816000,-27.215000,0.000000,0.000000,0.000000,0.000000,125773000.000000,7008000.000000,0.000000,,0.000000,8349000.000000,15357000.000000,0.046000,15357000.000000,8349000.000000,8349000.000000,0.000000,0.000000,0.000000,-7439000.000000,-17055000.000000,-7439000.000000,,,,22900000.000000,0.271000,1.000000,269516000.000000,0.815000,0.000000,0.000000,138600000.000000,124472000.000000,0.000000,112777000.000000,112777000.000000,0.000000,202452000.000000,152341000.000000,50111000.000000,29147000.000000,0.000000,2626000.000000,14908000.000000,0.000000,17534000.000000,-39719000.000000,-9269000.000000,51332000.000000,0.000000,7584000.000000,0.000000,0.000000,0.000000,0.000000,0.000000,263349000.000000,6167000.000000,4963000.000000,,,,,37275000.000000,7584000.000000,,,,63613000.000000,-25153000.000000,330517000.000000,330517000.000000,33014000.000000,0.000000,0.000000,0.067000,0.025000,8941000.000000,230335000.000000,1.000000,256576638.000000,84483094.000000,116005681.000000,3.912000,354565000.000000,0.000000,765000.000000,0.000000,4.197000
MRY,2019-12-31,2020-01-31,2020-01-31,2020-FY,761692000.000000,21089458484.000000,2025-05-23,809000.000000,1289845000.000000,1136719250.000000,1095522000.000000,194323000.000000,0.548000,3.569000,-38084000.000000,283134000.000000,283134000.000000,115396000.000000,25305000.000000,3.282000,0.547000,64792000.000000,0.000000,64792000.000000,64792000.000000,230536000.000000,23334000.000000,0.000000,0.000000,0.000000,26362000.000000,49696000.000000,0.080000,49696000.000000,26362000.000000,26362000.000000,0.090000,0.090000,0.090000,833943000.000000,767496000.000000,833943000.000000,20908716484.000000,793.000000,420.732000,113808000.000000,0.487000,1.000000,507262000.000000,0.815000,0.000000,0.000000,737673000.000000,580805000.000000,0.000000,572060000.000000,572060000.000000,0.000000,455902000.000000,333830000.000000,122072000.000000,268114000.000000,0.000000,615690000.000000,0.000000,0.000000,615690000.000000,-499468000.000000,-459674000.000000,151892000.000000,0.000000,25305000.000000,21750000.000000,21750000.000000,0.000000,0.000000,0.035000,494566000.000000,12696000.000000,1596000.000000,0.000000,25.289000,969.630000,847.778000,125746000.000000,3555000.000000,76.300000,33.870000,28.630000,120435000.000000,152000.000000,622658000.000000,622658000.000000,67079000.000000,0.019000,0.028000,0.045000,0.042000,73109000.000000,427487000.000000,1.000000,276401815.000000,233641336.000000,254298014.000000,2.665000,1289845000.000000,0.000000,1057000.000000,0.000000,5.521000
MRY,2020-12-31,2021-01-31,2021-01-31,2021-FY,3532899000.000000,106414643838.000000,2025-05-23,839000.000000,5297993000.000000,3260238500.000000,4792865000.000000,505128000.000000,0.813000,13.601000,-79972000.000000,2240303000.000000,2240303000.000000,821989000.000000,672316000.000000,3.804000,0.372000,90415000.000000,0.000000,90415000.000000,90415000.000000,883495000.000000,39744000.000000,0.000000,0.000000,0.000000,678034000.000000,717778000.000000,0.271000,717778000.000000,678034000.000000,678034000.000000,2.370000,2.250000,2.370000,3860767000.000000,1865282000.000000,3860767000.000000,105744659838.000000,156.000000,147.322000,1391205000.000000,4.901000,1.000000,1829379000.000000,0.690000,24340000.000000,0.000000,1863799000.000000,1010397750.000000,0.000000,2023078000.000000,2004410000.000000,18668000.000000,1437226000.000000,1259966000.000000,177260000.000000,1959034000.000000,-26486000.000000,2050277000.000000,0.000000,0.000000,2050277000.000000,-1562420000.000000,-1451778000.000000,1471177000.000000,0.000000,672316000.000000,671527000.000000,671527000.000000,0.000000,0.000000,0.253000,1169531000.000000,659848000.000000,8664000.000000,0.000000,27.563000,158.467000,156.992000,247573000.000000,789000.000000,372.070000,40.136000,39.834000,294703000.000000,672468000.000000,2651368000.000000,2651368000.000000,164080000.000000,0.206000,0.360000,0.671000,0.256000,275818000.000000,1005451000.000000,1.000000,286007052.000000,283853654.000000,298127669.000000,9.341000,5273653000.000000,1519000.000000,5718000.000000,0.000000,18.579000
MRY,2021-12-31,2022-01-31,2022-01-31,2022-FY,4604116000.000000,45974601951.000000,2025-05-23,-17902000.000000,7551318000.000000,6731873250.000000,6183807000.000000,1367511000.000000,0.609000,19.505000,-132590000.000000,1062820000.000000,1062820000.000000,1054554000.000000,1375639000.000000,3.915000,0.306000,85018000.000000,0.000000,85018000.000000,85018000.000000,1179916000.000000,66575000.000000,0.000000,0.000000,0.000000,1101632000.000000,1168207000.000000,0.285000,1168207000.000000,1101632000.000000,1101632000.000000,4.640000,4.500000,4.640000,5780018000.000000,4936046000.000000,5780018000.000000,44731485951.000000,41.000000,38.291000,1472676000.000000,4.970000,1.000000,3045310000.000000,0.743000,27607000.000000,0.000000,4966218000.000000,3699289000.000000,0.000000,4724260000.000000,4356446000.000000,367814000.000000,1771300000.000000,1579691000.000000,191609000.000000,-1219763000.000000,-3501000.000000,33731000.000000,0.000000,0.000000,34068000.000000,-2859097000.000000,-2709988000.000000,1605266000.000000,0.000000,1375639000.000000,1375057000.000000,1375057000.000000,0.000000,0.000000,0.335000,1981719000.000000,1063591000.000000,7841000.000000,0.000000,7.954000,33.435000,33.250000,318319000.000000,582000.000000,154.280000,11.214000,11.151000,419673000.000000,2048107000.000000,4099864000.000000,4099864000.000000,362990000.000000,0.204000,0.279000,0.298000,0.269000,477287000.000000,1618729000.000000,1.000000,297994568.000000,296334894.000000,305826505.000000,13.835000,7523711000.000000,382296000.000000,-274007000.000000,0.000000,25.389000
MRY,2022-12-31,2023-01-31,2023-01-31,2023-FY,4617768000.000000,21924167175.000000,2025-05-23,-50385000.000000,8128065000.000000,7992388500.000000,6356412000.000000,1771653000.000000,0.550000,20.929000,-103826000.000000,1086830000.000000,1086830000.000000,1100451000.000000,103711000.000000,3.656000,0.310000,73687000.000000,0.000000,73687000.000000,73687000.000000,1308446000.000000,111254000.000000,0.000000,0.000000,0.000000,249276000.000000,360530000.000000,0.082000,360530000.000000,249276000.000000,249276000.000000,0.350000,0.340000,0.350000,6206607000.000000,5975175750.000000,6206607000.000000,20906121175.000000,84.000000,57.987000,1186436000.000000,4.001000,1.000000,3292509000.000000,0.749000,122641000.000000,0.000000,5253637000.000000,5010890000.000000,0.000000,4724828000.000000,4325836000.000000,398992000.000000,1921458000.000000,1738644000.000000,182814000.000000,26890000.000000,-120553000.000000,-936942000.000000,0.000000,0.000000,-936942000.000000,-318322000.000000,-82675000.000000,1290262000.000000,-8108000.000000,103711000.000000,103704000.000000,103704000.000000,0.000000,0.000000,0.024000,3047080000.000000,245429000.000000,14414000.000000,0.000000,3.532000,211.411000,214.286000,333727000.000000,7000.000000,75.000000,4.991000,5.063000,557404000.000000,2151818000.000000,4392960000.000000,4392960000.000000,774059000.000000,0.013000,0.017000,0.050000,0.057000,1285752000.000000,2273021000.000000,1.000000,292322229.000000,296560501.000000,304231350.000000,14.813000,8005424000.000000,558428000.000000,145565000.000000,0.000000,26.994000
MRY,2023-12-31,2024-01-31,2024-01-31,2024-FY,6164032000.000000,19668802400.000000,2025-05-23,1063000.000000,9929793000.000000,9176645750.000000,7926219000.000000,2003574000.000000,0.493000,26.665000,-126953000.000000,1558252000.000000,1558252000.000000,1077801000.000000,637462000.000000,4.498000,0.238000,48308000.000000,0.000000,48308000.000000,48308000.000000,1270362000.000000,125517000.000000,0.000000,0.000000,0.000000,832312000.000000,957829000.000000,0.212000,957829000.000000,832312000.000000,832312000.000000,2.120000,2.070000,2.120000,8019406000.000000,7239816500.000000,8019406000.000000,18231301400.000000,22.000000,19.034000,1471883000.000000,4.894000,1.000000,3449423000.000000,0.762000,307295000.000000,0.000000,6350367000.000000,5781879250.000000,0.000000,5813455000.000000,5404233000.000000,409222000.000000,1910387000.000000,1762187000.000000,148200000.000000,465137000.000000,-204918000.000000,60186000.000000,0.000000,0.000000,60186000.000000,-1183689000.000000,-851818000.000000,1598836000.000000,-10196000.000000,637462000.000000,637462000.000000,637462000.000000,0.000000,0.000000,0.141000,2924144000.000000,525279000.000000,10175000.000000,0.000000,2.453000,30.855000,30.476000,352679000.000000,0.000000,64.610000,4.345000,4.292000,536078000.000000,2789280000.000000,4527224000.000000,4527224000.000000,803187000.000000,0.069000,0.088000,0.144000,0.184000,1057161000.000000,2120957000.000000,1.000000,304423501.000000,300748162.000000,308519897.000000,15.053000,9622498000.000000,662177000.000000,194850000.000000,0.000000,31.995000
MRY,2024-12-31,2025-01-31,2025-01-31,2025-FY,6772680000.000000,26646669301.000000,2025-05-23,4990000.000000,10988421000.000000,10618028000.000000,8675974000.000000,2312447000.000000,0.439000,29.012000,-136560000.000000,1349380000.000000,1349380000.000000,1129627000.000000,1010238000.000000,4.558000,0.230000,37406000.000000,0.000000,37406000.000000,37406000.000000,1353661000.000000,146698000.000000,0.000000,0.000000,0.000000,1315584000.000000,1462282000.000000,0.313000,1462282000.000000,1315584000.000000,1315584000.000000,3.280000,3.210000,3.280000,8935084000.000000,8609747250.000000,8935084000.000000,25410436301.000000,19.000000,17.377000,1808748000.000000,5.873000,1.000000,3535806000.000000,0.758000,307295000.000000,0.000000,7465858000.000000,6973008000.000000,0.000000,7033810000.000000,6442329000.000000,591481000.000000,2053337000.000000,1903294000.000000,150043000.000000,-203963000.000000,0.000000,-1028077000.000000,0.000000,0.000000,-1028077000.000000,-1106024000.000000,-969464000.000000,1945308000.000000,-15170000.000000,1010238000.000000,1010238000.000000,1010238000.000000,0.000000,0.000000,0.217000,2722511000.000000,813295000.000000,8345000.000000,0.000000,2.982000,26.377000,26.506000,386375000.000000,0.000000,86.940000,5.712000,5.739000,495228000.000000,3799518000.000000,4665433000.000000,4665433000.000000,852415000.000000,0.095000,0.117000,0.189000,0.282000,931309000.000000,1870096000.000000,1.000000,306494931.000000,307981971.000000,315069582.000000,15.148000,10681126000.000000,749759000.000000,305346000.000000,0.000000,34.681000
