dimension,calendardate,datekey,reportperiod,fiscalperiod,workingcapital,marketcap,lastupdated,accoci,assets,assetsavg,assetsc,assetsnc,assetturnover,bvps,capex,cashneq,cashnequsd,cor,consolinc,currentratio,de,debt,debtc,debtnc,debtusd,deferredrev,depamor,deposits,divyield,dps,ebit,ebitda,ebitdamargin,ebitdausd,ebitusd,ebt,eps,epsdil,epsusd,equity,equityavg,equityusd,ev,evebit,evebitda,fcf,fcfps,fxusd,gp,grossmargin,intangibles,intexp,invcap,invcapavg,inventory,investments,investmentsc,investmentsnc,liabilities,liabilitiesc,liabilitiesnc,ncf,ncfbus,ncfcommon,ncfdebt,ncfdiv,ncff,ncfi,ncfinv,ncfo,ncfx,netinc,netinccmn,netinccmnusd,netincdis,netincnci,netmargin,opex,opinc,payables,payoutratio,pb,pe,pe1,ppnenet,prefdivis,price,ps,ps1,receivables,retearn,revenue,revenueusd,rnd,roa,roe,roic,ros,sbcomp,sgna,sharefactor,sharesbas,shareswa,shareswadil,sps,tangibles,taxassets,taxexp,taxliabilities,tbvps
ARQ,2015-06-30,2015-10-14,2015-06-30,2015-Q2,168658000.000000,,2025-05-01,-1159000.000000,618559000.000000,,446805000.000000,171754000.000000,,1.779000,,224285000.000000,224285000.000000,,,1.606000,1.360000,30000000.000000,0.000000,30000000.000000,30000000.000000,0.000000,,0.000000,,0.000000,,,,,,,,,,262047000.000000,,262047000.000000,,,,,,1.000000,,,73897000.000000,,72230000.000000,,0.000000,0.000000,0.000000,0.000000,356512000.000000,278147000.000000,78365000.000000,,,,,,,,,,,,,,,,,,,224756000.000000,,,,,81294000.000000,,,,,204331000.000000,-473230000.000000,,,,,,,,,,1.000000,322944713.000000,147288000.000000,,,544662000.000000,0.000000,,0.000000,3.698000
ARQ,2015-09-30,2015-11-16,2015-09-30,2015-Q3,107247000.000000,,2025-05-01,-1277000.000000,597946000.000000,,418487000.000000,179459000.000000,,1.550000,-9964000.000000,200679000.000000,200679000.000000,235878000.000000,-53930000.000000,1.345000,1.529000,0.000000,0.000000,0.000000,0.000000,0.000000,6571000.000000,0.000000,,0.000000,-52998000.000000,-46427000.000000,-0.140000,-46427000.000000,-52998000.000000,-52998000.000000,-0.350000,-0.350000,-0.350000,236462000.000000,,236462000.000000,,,,3665000.000000,0.024000,1.000000,96310000.000000,0.290000,77625000.000000,0.000000,8402000.000000,,0.000000,0.000000,0.000000,0.000000,361484000.000000,311240000.000000,50244000.000000,-23857000.000000,-750000.000000,3576000.000000,-30000000.000000,0.000000,-26424000.000000,-10966000.000000,0.000000,13629000.000000,-96000.000000,-53930000.000000,-53930000.000000,-53930000.000000,0.000000,0.000000,-0.162000,148527000.000000,-52217000.000000,245613000.000000,0.000000,,,,85012000.000000,0.000000,,,,199826000.000000,-527160000.000000,332188000.000000,332188000.000000,55020000.000000,,,,,20793000.000000,77079000.000000,1.000000,322944713.000000,152598000.000000,152598000.000000,2.177000,520321000.000000,0.000000,932000.000000,0.000000,3.410000
ARQ,2015-12-31,2016-03-10,2015-12-31,2015-Q4,371361000.000000,3788461448.000000,2025-05-01,-1185000.000000,894772000.000000,,705563000.000000,189209000.000000,,2.980000,-6948000.000000,498998000.000000,498998000.000000,265267000.000000,-48289000.000000,2.111000,0.761000,0.000000,0.000000,0.000000,0.000000,0.000000,9100000.000000,0.000000,0.000000,0.000000,-47045000.000000,-37945000.000000,-0.101000,-37945000.000000,-47045000.000000,-47045000.000000,-0.360000,-0.360000,-0.360000,508048000.000000,,508048000.000000,3289463448.000000,-19.000000,-22.159000,17746000.000000,0.104000,1.000000,109093000.000000,0.291000,83475000.000000,0.000000,-21903000.000000,,0.000000,0.000000,0.000000,0.000000,386724000.000000,334202000.000000,52522000.000000,296692000.000000,-1176000.000000,252888000.000000,-1387000.000000,0.000000,282554000.000000,-9750000.000000,0.000000,24694000.000000,-806000.000000,-48289000.000000,-80489000.000000,-80489000.000000,0.000000,0.000000,-0.215000,156910000.000000,-47817000.000000,243680000.000000,0.000000,7.457000,-17.869000,-9.113000,87222000.000000,32200000.000000,11.300000,2.990000,1.520000,179200000.000000,-607649000.000000,374360000.000000,374360000.000000,59186000.000000,,,,,31705000.000000,84171000.000000,1.000000,335262075.000000,170498000.000000,170498000.000000,2.196000,811297000.000000,0.000000,1244000.000000,0.000000,4.758000
ARQ,2016-03-31,2016-05-06,2016-03-31,2016-Q1,270120000.000000,3426771744.000000,2025-05-01,-346000.000000,945069000.000000,,720052000.000000,225017000.000000,,1.343000,-7527000.000000,399182000.000000,399182000.000000,269029000.000000,-96755000.000000,1.600000,1.124000,0.000000,0.000000,0.000000,0.000000,0.000000,9118000.000000,0.000000,0.000000,0.000000,-96347000.000000,-87229000.000000,-0.230000,-87229000.000000,-96347000.000000,-96416000.000000,-0.290000,-0.290000,-0.290000,444884000.000000,,444884000.000000,3027589744.000000,,,-23038000.000000,-0.070000,1.000000,110240000.000000,0.291000,81162000.000000,69000.000000,14793000.000000,,0.000000,73162000.000000,43447000.000000,29715000.000000,500185000.000000,449932000.000000,50253000.000000,-100129000.000000,-400000.000000,556000.000000,0.000000,0.000000,-4850000.000000,-81326000.000000,-73086000.000000,-15511000.000000,1558000.000000,-96755000.000000,-96755000.000000,-96755000.000000,0.000000,0.000000,-0.255000,207373000.000000,-97133000.000000,303440000.000000,0.000000,7.703000,,,89039000.000000,0.000000,10.220000,,,237206000.000000,-704404000.000000,379269000.000000,379269000.000000,64592000.000000,,,,,31198000.000000,134603000.000000,1.000000,335300562.000000,331324000.000000,331324000.000000,1.145000,863907000.000000,0.000000,339000.000000,0.000000,2.607000
ARQ,2016-06-30,2016-08-04,2016-06-30,2016-Q2,309559000.000000,3868778340.000000,2025-05-01,72000.000000,933292000.000000,,721028000.000000,212264000.000000,,1.409000,-8313000.000000,379112000.000000,379112000.000000,289574000.000000,-27345000.000000,1.752000,0.980000,0.000000,0.000000,0.000000,0.000000,0.000000,9018000.000000,0.000000,0.000000,0.000000,-27162000.000000,-18144000.000000,-0.041000,-18144000.000000,-27162000.000000,-27033000.000000,-0.080000,-0.080000,-0.080000,471459000.000000,,471459000.000000,3489666340.000000,-16.000000,-18.391000,-28573000.000000,-0.085000,1.000000,148959000.000000,0.340000,79028000.000000,-129000.000000,63683000.000000,,0.000000,110367000.000000,90765000.000000,19602000.000000,461833000.000000,411469000.000000,50364000.000000,-28210000.000000,0.000000,14940000.000000,0.000000,0.000000,14816000.000000,-23880000.000000,-7427000.000000,-20260000.000000,1114000.000000,-27345000.000000,-27345000.000000,-27345000.000000,0.000000,0.000000,-0.062000,176319000.000000,-27360000.000000,326453000.000000,0.000000,8.206000,-14.965000,-10.481000,86325000.000000,0.000000,11.320000,2.538000,2.484000,225809000.000000,-731749000.000000,438533000.000000,438533000.000000,68638000.000000,,,,,36922000.000000,90004000.000000,1.000000,341764871.000000,334488000.000000,334488000.000000,1.311000,854264000.000000,0.000000,312000.000000,0.000000,2.554000
ARQ,2016-09-30,2016-11-02,2016-09-30,2016-Q3,357003000.000000,4148197126.000000,2025-05-01,213000.000000,1052208000.000000,,843027000.000000,209181000.000000,,1.484000,-3834000.000000,474596000.000000,474596000.000000,288688000.000000,-32323000.000000,1.735000,1.062000,0.000000,0.000000,0.000000,0.000000,0.000000,9681000.000000,0.000000,0.000000,0.000000,-32276000.000000,-22595000.000000,-0.051000,-22595000.000000,-32276000.000000,-32093000.000000,-0.090000,-0.090000,-0.090000,510389000.000000,,510389000.000000,3673601126.000000,-18.000000,-22.142000,74172000.000000,0.216000,1.000000,150314000.000000,0.342000,76951000.000000,-183000.000000,14637000.000000,,0.000000,120722000.000000,105244000.000000,15478000.000000,541819000.000000,486024000.000000,55795000.000000,95464000.000000,0.000000,32808000.000000,0.000000,0.000000,32808000.000000,-15214000.000000,-11360000.000000,78006000.000000,-136000.000000,-32323000.000000,-32323000.000000,-32323000.000000,0.000000,0.000000,-0.074000,182296000.000000,-31982000.000000,378153000.000000,0.000000,8.128000,-17.509000,-14.366000,89957000.000000,0.000000,11.780000,2.543000,2.484000,242080000.000000,-764072000.000000,439002000.000000,439002000.000000,70418000.000000,,,,,36779000.000000,98829000.000000,1.000000,352138975.000000,343893000.000000,343893000.000000,1.277000,975257000.000000,0.000000,230000.000000,0.000000,2.836000
ARQ,2016-12-31,2017-02-27,2016-12-31,2016-Q4,423961000.000000,6583735993.000000,2025-05-01,-1989000.000000,1211362000.000000,,1001425000.000000,209937000.000000,,1.616000,-5463000.000000,488745000.000000,488745000.000000,285392000.000000,-15167000.000000,1.734000,1.103000,0.000000,0.000000,0.000000,0.000000,0.000000,9928000.000000,0.000000,0.000000,0.000000,-14668000.000000,-4740000.000000,-0.010000,-4740000.000000,-14668000.000000,-14131000.000000,-0.040000,-0.040000,-0.040000,576153000.000000,,576153000.000000,6094990993.000000,-36.000000,-45.928000,-24567000.000000,-0.069000,1.000000,166525000.000000,0.368000,76465000.000000,-537000.000000,68688000.000000,,0.000000,129411000.000000,102045000.000000,27366000.000000,635209000.000000,577464000.000000,57745000.000000,23576000.000000,-1360000.000000,48135000.000000,-168000.000000,0.000000,47967000.000000,-2313000.000000,4529000.000000,-19104000.000000,-2974000.000000,-15167000.000000,-15167000.000000,-15167000.000000,0.000000,0.000000,-0.034000,180503000.000000,-13978000.000000,400660000.000000,0.000000,11.427000,-38.369000,-35.860000,88328000.000000,0.000000,17.930000,3.853000,3.584000,325314000.000000,-779239000.000000,451917000.000000,451917000.000000,64889000.000000,,,,,33887000.000000,102433000.000000,1.000000,367191076.000000,356441000.000000,356441000.000000,1.268000,1134897000.000000,0.000000,1036000.000000,0.000000,3.184000
ARQ,2017-03-31,2017-05-04,2017-03-31,2017-Q1,788459000.000000,7444670277.000000,2025-05-01,-1242000.000000,1591113000.000000,,1343355000.000000,247758000.000000,,1.712000,-6508000.000000,740990000.000000,740990000.000000,288123000.000000,-15090000.000000,2.421000,1.534000,345739000.000000,0.000000,345739000.000000,345739000.000000,0.000000,9437000.000000,0.000000,0.000000,0.000000,-14082000.000000,-4645000.000000,-0.010000,-4645000.000000,-14082000.000000,-14581000.000000,-0.040000,-0.040000,-0.040000,627933000.000000,,627933000.000000,7049419277.000000,-80.000000,-140.640000,37490000.000000,0.102000,1.000000,173431000.000000,0.376000,76498000.000000,499000.000000,564468000.000000,,0.000000,301350000.000000,238639000.000000,62711000.000000,963180000.000000,554896000.000000,408284000.000000,252245000.000000,-1600000.000000,57244000.000000,428003000.000000,0.000000,377583000.000000,-170394000.000000,-162286000.000000,43998000.000000,1058000.000000,-15090000.000000,-15090000.000000,-15090000.000000,0.000000,0.000000,-0.033000,187513000.000000,-14082000.000000,408638000.000000,0.000000,11.856000,-82.788000,-79.600000,91013000.000000,0.000000,19.900000,4.157000,4.075000,266088000.000000,-795012000.000000,461554000.000000,461554000.000000,68582000.000000,,,,,31670000.000000,106835000.000000,1.000000,374104034.000000,366737000.000000,366737000.000000,1.259000,1514615000.000000,0.000000,509000.000000,0.000000,4.130000
ARQ,2017-06-30,2017-08-02,2017-06-30,2017-Q2,812989000.000000,10152658420.000000,2025-05-01,-519000.000000,1741714000.000000,,1437917000.000000,303797000.000000,,1.870000,-7375000.000000,753701000.000000,753701000.000000,344076000.000000,-15962000.000000,2.301000,1.475000,349960000.000000,0.000000,349960000.000000,349960000.000000,0.000000,9125000.000000,0.000000,0.000000,0.000000,-12224000.000000,-3099000.000000,-0.006000,-3099000.000000,-12224000.000000,-15490000.000000,-0.040000,-0.040000,-0.040000,703744000.000000,,703744000.000000,9748917420.000000,-133.000000,-277.913000,39217000.000000,0.104000,1.000000,207429000.000000,0.376000,74413000.000000,3266000.000000,638632000.000000,,0.000000,377465000.000000,253366000.000000,124099000.000000,1037970000.000000,624928000.000000,413042000.000000,12711000.000000,0.000000,89863000.000000,-387000.000000,0.000000,50196000.000000,-85350000.000000,-77975000.000000,46592000.000000,1273000.000000,-15962000.000000,-15962000.000000,-15962000.000000,0.000000,0.000000,-0.029000,219653000.000000,-12224000.000000,519135000.000000,0.000000,14.427000,-129.264000,-126.000000,87442000.000000,0.000000,26.460000,5.332000,5.230000,309021000.000000,-810974000.000000,551505000.000000,551505000.000000,78126000.000000,,,,,39593000.000000,122904000.000000,1.000000,383698353.000000,376357000.000000,376357000.000000,1.465000,1667301000.000000,0.000000,472000.000000,0.000000,4.430000
ARQ,2017-09-30,2017-11-08,2017-09-30,2017-Q3,756198000.000000,14264318138.000000,2025-05-01,-393000.000000,2083852000.000000,,1686877000.000000,396975000.000000,,1.909000,-5742000.000000,693510000.000000,693510000.000000,366543000.000000,-16098000.000000,1.813000,1.843000,354237000.000000,0.000000,354237000.000000,354237000.000000,0.000000,9085000.000000,0.000000,0.000000,0.000000,-14891000.000000,-5806000.000000,-0.010000,-5806000.000000,-14891000.000000,-16745000.000000,-0.040000,-0.040000,-0.040000,732909000.000000,,732909000.000000,13925045138.000000,-249.000000,-761.347000,33985000.000000,0.089000,1.000000,218616000.000000,0.374000,72609000.000000,1854000.000000,741291000.000000,,0.000000,459625000.000000,268290000.000000,191335000.000000,1350943000.000000,930679000.000000,420264000.000000,-60191000.000000,0.000000,22026000.000000,-386000.000000,0.000000,3342000.000000,-104765000.000000,-99023000.000000,39727000.000000,1505000.000000,-16098000.000000,-16098000.000000,-16098000.000000,0.000000,0.000000,-0.028000,233507000.000000,-14891000.000000,822284000.000000,0.000000,19.463000,-228.899000,-229.438000,88666000.000000,0.000000,36.710000,6.958000,6.875000,587630000.000000,-827072000.000000,585159000.000000,585159000.000000,82547000.000000,,,,,40048000.000000,130845000.000000,1.000000,388567642.000000,383951000.000000,383951000.000000,1.524000,2011243000.000000,0.000000,-647000.000000,0.000000,5.238000
ARQ,2017-12-31,2018-02-27,2017-12-31,2017-Q4,805467000.000000,18196717090.000000,2025-05-01,-1318000.000000,2187270000.000000,,1778294000.000000,408976000.000000,,2.015000,-6472000.000000,735081000.000000,735081000.000000,376205000.000000,-15663000.000000,1.828000,1.782000,358572000.000000,0.000000,358572000.000000,358572000.000000,0.000000,9632000.000000,0.000000,0.000000,0.000000,-13009000.000000,-3377000.000000,-0.005000,-3377000.000000,-13009000.000000,-15848000.000000,-0.040000,-0.040000,-0.040000,786333000.000000,,786333000.000000,17820208090.000000,-329.000000,-1052.768000,-9078000.000000,-0.023000,1.000000,239830000.000000,0.389000,72661000.000000,2839000.000000,765273000.000000,,0.000000,446663000.000000,242996000.000000,203667000.000000,1400937000.000000,972827000.000000,428110000.000000,41571000.000000,-315000.000000,50615000.000000,-419000.000000,0.000000,23812000.000000,19898000.000000,26685000.000000,-2606000.000000,467000.000000,-15663000.000000,-15663000.000000,-15663000.000000,0.000000,0.000000,-0.025000,252839000.000000,-13009000.000000,865287000.000000,0.000000,23.141000,-289.697000,-270.059000,91496000.000000,0.000000,45.910000,8.218000,7.865000,620523000.000000,-842735000.000000,616035000.000000,616035000.000000,92633000.000000,,,,,44525000.000000,143139000.000000,1.000000,396356286.000000,390147000.000000,390147000.000000,1.579000,2114609000.000000,0.000000,-185000.000000,0.000000,5.420000
ARQ,2018-03-31,2018-05-02,2018-03-31,2018-Q1,858651000.000000,19497815294.000000,2025-05-01,-1294000.000000,2379612000.000000,,1990383000.000000,389229000.000000,,2.046000,-8083000.000000,776076000.000000,776076000.000000,413433000.000000,-23986000.000000,1.759000,1.938000,362965000.000000,0.000000,362965000.000000,362965000.000000,0.000000,10160000.000000,0.000000,0.000000,0.000000,-20992000.000000,-10832000.000000,-0.016000,-10832000.000000,-20992000.000000,-23811000.000000,-0.060000,-0.060000,-0.060000,809980000.000000,,809980000.000000,19084704294.000000,-312.000000,-825.677000,43970000.000000,0.111000,1.000000,255170000.000000,0.382000,72465000.000000,2819000.000000,762304000.000000,,0.000000,455541000.000000,278869000.000000,176672000.000000,1569632000.000000,1131732000.000000,437900000.000000,40995000.000000,-1055000.000000,31354000.000000,-665000.000000,0.000000,3038000.000000,-15493000.000000,-4771000.000000,52053000.000000,1397000.000000,-23986000.000000,-23986000.000000,-23986000.000000,0.000000,0.000000,-0.036000,276162000.000000,-20992000.000000,1018212000.000000,0.000000,24.072000,-271.902000,-270.333000,98170000.000000,0.000000,48.660000,8.053000,7.957000,700646000.000000,-871307000.000000,668603000.000000,668603000.000000,105095000.000000,,,,,46824000.000000,152767000.000000,1.000000,400694930.000000,395948000.000000,395948000.000000,1.689000,2307147000.000000,0.000000,175000.000000,0.000000,5.827000
ARQ,2018-06-30,2018-08-01,2018-06-30,2018-Q2,1553986000.000000,27441222365.000000,2025-05-01,-4456000.000000,3554827000.000000,,2869896000.000000,684931000.000000,,2.682000,-15060000.000000,1428372000.000000,1428372000.000000,499122000.000000,-5906000.000000,2.181000,2.287000,1071437000.000000,0.000000,1071437000.000000,1071437000.000000,0.000000,12328000.000000,0.000000,0.000000,0.000000,-2647000.000000,9681000.000000,0.012000,9681000.000000,-2647000.000000,-5302000.000000,-0.010000,-0.010000,-0.010000,1081629000.000000,,1081629000.000000,27084287365.000000,-526.000000,-2620.891000,3919000.000000,0.010000,1.000000,315816000.000000,0.388000,341170000.000000,2655000.000000,1540812000.000000,,0.000000,486789000.000000,318639000.000000,168150000.000000,2473198000.000000,1315910000.000000,1157288000.000000,652296000.000000,-110773000.000000,147970000.000000,854953000.000000,0.000000,788773000.000000,-150554000.000000,-24721000.000000,18979000.000000,-4902000.000000,-5906000.000000,-5906000.000000,-5906000.000000,0.000000,0.000000,-0.007000,318463000.000000,-2647000.000000,1151252000.000000,0.000000,25.370000,-445.091000,-445.733000,121708000.000000,0.000000,66.860000,10.221000,10.044000,806688000.000000,-877213000.000000,814938000.000000,814938000.000000,114800000.000000,,,,,52119000.000000,181015000.000000,1.000000,410428094.000000,403301000.000000,403301000.000000,2.021000,3213657000.000000,0.000000,604000.000000,0.000000,7.968000
ARQ,2018-09-30,2018-11-07,2018-09-30,2018-Q3,1013831000.000000,34192116875.000000,2025-05-01,-6345000.000000,3973368000.000000,,2877368000.000000,1096000000.000000,,2.739000,-14030000.000000,765070000.000000,765070000.000000,529448000.000000,19643000.000000,1.544000,2.541000,1023947000.000000,125971000.000000,897976000.000000,1023947000.000000,0.000000,15835000.000000,0.000000,0.000000,0.000000,27933000.000000,43768000.000000,0.050000,43768000.000000,27933000.000000,20709000.000000,0.050000,0.040000,0.050000,1122144000.000000,,1122144000.000000,34450993875.000000,-3953.000000,877.956000,33598000.000000,0.082000,1.000000,352660000.000000,0.400000,341094000.000000,7224000.000000,2027614000.000000,,0.000000,1059868000.000000,522205000.000000,537663000.000000,2851224000.000000,1863537000.000000,987687000.000000,-663302000.000000,-571000.000000,27581000.000000,-71330000.000000,0.000000,-101073000.000000,-609208000.000000,-594607000.000000,47628000.000000,-649000.000000,19643000.000000,19643000.000000,19643000.000000,0.000000,0.000000,0.022000,362527000.000000,-9867000.000000,1530830000.000000,0.000000,30.470000,-1319.548000,-1378.167000,130145000.000000,0.000000,82.690000,11.467000,11.362000,1194701000.000000,-857570000.000000,882108000.000000,882108000.000000,135773000.000000,,,,,58913000.000000,201864000.000000,1.000000,413497604.000000,409690000.000000,474915000.000000,2.153000,3632274000.000000,0.000000,1066000.000000,0.000000,8.866000
ARQ,2018-12-31,2019-02-27,2018-12-31,2018-Q4,1093364000.000000,33290160363.000000,2025-05-01,-6053000.000000,3281023000.000000,,2111905000.000000,1169118000.000000,,2.707000,-24030000.000000,632847000.000000,632847000.000000,552474000.000000,-28204000.000000,2.073000,1.928000,899695000.000000,0.000000,899695000.000000,899695000.000000,0.000000,22638000.000000,0.000000,0.000000,0.000000,-22547000.000000,91000.000000,0.000000,91000.000000,-22547000.000000,-27723000.000000,-0.060000,-0.060000,-0.060000,1120501000.000000,,1120501000.000000,33557008363.000000,-1849.000000,783.749000,152390000.000000,0.368000,1.000000,380054000.000000,0.408000,338807000.000000,5176000.000000,2190523000.000000,,0.000000,1095645000.000000,630965000.000000,464680000.000000,2160522000.000000,1018541000.000000,1141981000.000000,-132223000.000000,0.000000,39070000.000000,-150620000.000000,0.000000,-174983000.000000,-130593000.000000,-106563000.000000,176420000.000000,-3067000.000000,-28204000.000000,-28204000.000000,-28204000.000000,0.000000,0.000000,-0.030000,383162000.000000,-3108000.000000,803352000.000000,0.000000,29.710000,-865.736000,-881.333000,291402000.000000,0.000000,79.320000,10.094000,9.758000,364946000.000000,-885774000.000000,932528000.000000,932528000.000000,141811000.000000,,,,,59025000.000000,214750000.000000,1.000000,419694407.000000,413984000.000000,413984000.000000,2.253000,2942216000.000000,0.000000,481000.000000,0.000000,7.107000
ARQ,2019-03-31,2019-05-01,2019-03-31,2019-Q1,1082963000.000000,31138817730.000000,2025-05-01,-3424000.000000,4402591000.000000,,3266522000.000000,1136069000.000000,,2.675000,-18168000.000000,569329000.000000,569329000.000000,562605000.000000,-38151000.000000,1.496000,2.925000,1044899000.000000,23041000.000000,1021858000.000000,1044899000.000000,0.000000,25661000.000000,0.000000,0.000000,0.000000,-33341000.000000,-7680000.000000,-0.008000,-7680000.000000,-33341000.000000,-38022000.000000,-0.090000,-0.090000,-0.090000,1121589000.000000,,1121589000.000000,31614387730.000000,-1033.000000,689.367000,14276000.000000,0.034000,1.000000,396754000.000000,0.414000,346709000.000000,4681000.000000,2347893000.000000,,0.000000,1171073000.000000,690010000.000000,481063000.000000,3281002000.000000,2183559000.000000,1097443000.000000,-63518000.000000,-11248000.000000,25328000.000000,-1284000.000000,0.000000,-26852000.000000,-70387000.000000,-40971000.000000,32444000.000000,1277000.000000,-38151000.000000,-38151000.000000,-38151000.000000,0.000000,0.000000,-0.040000,418796000.000000,-22042000.000000,1928015000.000000,0.000000,27.763000,-591.790000,-669.273000,245662000.000000,0.000000,73.620000,8.676000,8.601000,1391078000.000000,-923925000.000000,959359000.000000,959359000.000000,153559000.000000,,,,,61088000.000000,235311000.000000,1.000000,422966826.000000,419289000.000000,419289000.000000,2.288000,4055882000.000000,0.000000,129000.000000,0.000000,9.673000
ARQ,2019-06-30,2019-08-01,2019-06-30,2019-Q2,1153052000.000000,34589042709.000000,2025-05-01,-926000.000000,4654006000.000000,,3528646000.000000,1125360000.000000,,2.798000,-11994000.000000,662863000.000000,662863000.000000,708393000.000000,-6740000.000000,1.485000,2.929000,1051246000.000000,24955000.000000,1026291000.000000,1051246000.000000,0.000000,26447000.000000,0.000000,0.000000,0.000000,-2073000.000000,24374000.000000,0.021000,24374000.000000,-2073000.000000,-7216000.000000,-0.020000,-0.020000,-0.020000,1184472000.000000,,1184472000.000000,34977425709.000000,-1165.000000,577.633000,121398000.000000,0.287000,1.000000,465845000.000000,0.397000,354377000.000000,5143000.000000,2312418000.000000,,0.000000,1169544000.000000,708717000.000000,460827000.000000,3469534000.000000,2375594000.000000,1093940000.000000,93534000.000000,-9124000.000000,41593000.000000,-1284000.000000,0.000000,-15553000.000000,-25368000.000000,-4250000.000000,133392000.000000,1063000.000000,-6740000.000000,-6740000.000000,-6740000.000000,0.000000,0.000000,-0.006000,466688000.000000,-843000.000000,2092780000.000000,0.000000,29.202000,-647.105000,-674.833000,238556000.000000,0.000000,80.980000,8.761000,8.682000,1506194000.000000,-930665000.000000,1174238000.000000,1174238000.000000,174201000.000000,,,,,79466000.000000,256929000.000000,1.000000,427130683.000000,423305000.000000,423305000.000000,2.774000,4299629000.000000,0.000000,-476000.000000,0.000000,10.157000
ARQ,2019-09-30,2019-11-06,2019-09-30,2019-Q3,1113865000.000000,26356661799.000000,2025-05-01,-2387000.000000,4000504000.000000,,2758766000.000000,1241738000.000000,,2.926000,-15664000.000000,653870000.000000,653870000.000000,766437000.000000,29397000.000000,1.677000,2.201000,1061105000.000000,25779000.000000,1035326000.000000,1061105000.000000,0.000000,26721000.000000,0.000000,0.000000,0.000000,37635000.000000,64356000.000000,0.051000,64356000.000000,37635000.000000,32003000.000000,0.070000,0.060000,0.070000,1249794000.000000,,1249794000.000000,26763896799.000000,-1317.000000,329.844000,223083000.000000,0.522000,1.000000,500037000.000000,0.395000,338767000.000000,5632000.000000,2424071000.000000,,0.000000,1242940000.000000,678432000.000000,564508000.000000,2750710000.000000,1644901000.000000,1105809000.000000,-8993000.000000,0.000000,14860000.000000,2568000.000000,0.000000,-43804000.000000,-200923000.000000,-185259000.000000,238747000.000000,-3013000.000000,29397000.000000,29397000.000000,29397000.000000,0.000000,0.000000,0.023000,467943000.000000,32094000.000000,1349631000.000000,0.000000,21.089000,-603.155000,-613.400000,242704000.000000,0.000000,61.340000,6.083000,6.047000,564492000.000000,-901268000.000000,1266474000.000000,1266474000.000000,168771000.000000,,,,,77426000.000000,265447000.000000,1.000000,429681477.000000,427124000.000000,466099000.000000,2.965000,3661737000.000000,0.000000,2606000.000000,0.000000,8.573000
ARQ,2019-12-31,2020-02-26,2019-12-31,2019-Q4,1525716000.000000,33334627205.000000,2025-05-01,1629000.000000,4551258000.000000,,3219801000.000000,1331457000.000000,,3.986000,-16672000.000000,1047118000.000000,1047118000.000000,786380000.000000,390940000.000000,1.901000,1.654000,1074937000.000000,27275000.000000,1047662000.000000,1074937000.000000,0.000000,26465000.000000,0.000000,0.000000,0.000000,397508000.000000,423973000.000000,0.323000,423973000.000000,397508000.000000,391448000.000000,0.920000,0.850000,0.920000,1715050000.000000,,1715050000.000000,33362446205.000000,83.000000,66.061000,44444000.000000,0.103000,1.000000,527049000.000000,0.401000,335424000.000000,6060000.000000,2549568000.000000,,0.000000,1194593000.000000,657290000.000000,537303000.000000,2836208000.000000,1694085000.000000,1142123000.000000,444836000.000000,309324000.000000,36733000.000000,0.000000,0.000000,-12665000.000000,391871000.000000,99219000.000000,61116000.000000,4514000.000000,390940000.000000,390940000.000000,390940000.000000,0.000000,0.000000,0.298000,509701000.000000,17348000.000000,1368969000.000000,0.000000,19.437000,88.787000,87.034000,262342000.000000,0.000000,76.590000,7.072000,6.906000,588692000.000000,-510328000.000000,1313429000.000000,1313429000.000000,173284000.000000,,,,,79883000.000000,303395000.000000,1.000000,435234720.000000,430279000.000000,466076000.000000,3.053000,4215834000.000000,0.000000,508000.000000,0.000000,9.798000
ARQ,2020-03-31,2020-05-06,2020-03-31,2020-Q1,2385317000.000000,29919820193.000000,2025-05-01,-3432000.000000,6003873000.000000,,4389975000.000000,1613898000.000000,,4.157000,-26137000.000000,1962316000.000000,1962316000.000000,842608000.000000,-105891000.000000,2.190000,2.321000,2147744000.000000,37335000.000000,2110409000.000000,2147744000.000000,0.000000,35186000.000000,0.000000,0.000000,0.000000,-96150000.000000,-60964000.000000,-0.044000,-60964000.000000,-96150000.000000,-105356000.000000,-0.240000,-0.240000,-0.240000,1807945000.000000,,1807945000.000000,30105248193.000000,89.000000,66.643000,95159000.000000,0.219000,1.000000,538501000.000000,0.390000,370469000.000000,9206000.000000,3814174000.000000,,0.000000,1212009000.000000,682549000.000000,529460000.000000,4195928000.000000,2004658000.000000,2191270000.000000,911211000.000000,-12742000.000000,130906000.000000,986241000.000000,0.000000,918120000.000000,-114617000.000000,-75738000.000000,121296000.000000,-13588000.000000,-105891000.000000,-105891000.000000,-105891000.000000,0.000000,0.000000,-0.077000,628789000.000000,-90288000.000000,1574589000.000000,0.000000,16.549000,97.235000,93.288000,564117000.000000,0.000000,68.100000,5.826000,5.768000,521629000.000000,-616219000.000000,1381109000.000000,1381109000.000000,194986000.000000,,,,,77303000.000000,324030000.000000,1.000000,439351251.000000,434940000.000000,434940000.000000,3.175000,5633404000.000000,0.000000,535000.000000,0.000000,12.952000
ARQ,2020-06-30,2020-08-05,2020-06-30,2020-Q2,2554554000.000000,64999577669.000000,2025-05-01,4366000.000000,7812272000.000000,,6187070000.000000,1625202000.000000,,4.377000,-30424000.000000,1972762000.000000,1972762000.000000,1326862000.000000,-11478000.000000,1.703000,3.056000,2654620000.000000,491391000.000000,2163229000.000000,2654620000.000000,0.000000,38274000.000000,0.000000,0.000000,0.000000,2539000.000000,40813000.000000,0.021000,40813000.000000,2539000.000000,-12230000.000000,-0.030000,-0.030000,-0.030000,1926307000.000000,,1926307000.000000,65681435669.000000,192.000000,140.292000,-303553000.000000,-0.690000,1.000000,596763000.000000,0.310000,395561000.000000,14769000.000000,4466053000.000000,,0.000000,1728532000.000000,1281847000.000000,446685000.000000,5885965000.000000,3632516000.000000,2253449000.000000,-3709000.000000,-5612000.000000,46679000.000000,447764000.000000,0.000000,448692000.000000,-187678000.000000,-151642000.000000,-273129000.000000,8406000.000000,-11478000.000000,-11478000.000000,-11478000.000000,0.000000,0.000000,-0.006000,619815000.000000,-23052000.000000,2747549000.000000,0.000000,33.743000,214.543000,203.542000,616507000.000000,0.000000,146.550000,11.046000,10.961000,879464000.000000,-627697000.000000,1923625000.000000,1923625000.000000,206825000.000000,,,,,96410000.000000,374482000.000000,1.000000,443531748.000000,440117000.000000,440117000.000000,4.371000,7416711000.000000,0.000000,-752000.000000,0.000000,16.852000
ARQ,2020-09-30,2020-11-05,2020-09-30,2020-Q3,2665559000.000000,79017655464.000000,2025-05-01,11910000.000000,8114276000.000000,,6491270000.000000,1623006000.000000,,4.641000,-29792000.000000,2118808000.000000,2118808000.000000,2239419000.000000,36515000.000000,1.697000,2.934000,2668131000.000000,524537000.000000,2143594000.000000,2668131000.000000,0.000000,39063000.000000,0.000000,0.000000,0.000000,50126000.000000,89189000.000000,0.029000,89189000.000000,50126000.000000,35146000.000000,0.080000,0.070000,0.080000,2062835000.000000,,2062835000.000000,79566978464.000000,225.000000,161.390000,382918000.000000,0.862000,1.000000,794455000.000000,0.262000,408182000.000000,14980000.000000,4429706000.000000,,0.000000,1685729000.000000,1286607000.000000,399122000.000000,6051441000.000000,3825711000.000000,2225730000.000000,153858000.000000,-10867000.000000,28515000.000000,25732000.000000,0.000000,-35388000.000000,-229418000.000000,-188759000.000000,412710000.000000,5954000.000000,36515000.000000,36515000.000000,36515000.000000,0.000000,0.000000,0.012000,745113000.000000,49342000.000000,2873788000.000000,0.000000,38.305000,254.825000,240.041000,646120000.000000,0.000000,175.230000,10.326000,10.178000,846786000.000000,-591182000.000000,3033874000.000000,3033874000.000000,226567000.000000,,,,,110416000.000000,502365000.000000,1.000000,450936800.000000,444458000.000000,488069000.000000,6.826000,7706094000.000000,0.000000,-1369000.000000,0.000000,17.338000
ARQ,2020-12-31,2021-02-23,2020-12-31,2020-Q4,3635525000.000000,116649575609.000000,2025-05-01,23328000.000000,9869550000.000000,,7761629000.000000,2107921000.000000,,5.920000,-52049000.000000,3158058000.000000,3158058000.000000,2355280000.000000,293959000.000000,1.881000,2.681000,3493427000.000000,516841000.000000,2976586000.000000,3493427000.000000,0.000000,41942000.000000,0.000000,0.000000,0.000000,316395000.000000,358337000.000000,0.113000,358337000.000000,316395000.000000,298407000.000000,0.660000,0.620000,0.660000,2681569000.000000,,2681569000.000000,116984944609.000000,429.000000,273.729000,68677000.000000,0.152000,1.000000,803690000.000000,0.254000,454313000.000000,17988000.000000,5624502000.000000,,0.000000,1621727000.000000,1157777000.000000,463950000.000000,7187981000.000000,4126104000.000000,3061877000.000000,1041797000.000000,-50000000.000000,187980000.000000,1120901000.000000,0.000000,983771000.000000,-74923000.000000,27126000.000000,120726000.000000,12223000.000000,293959000.000000,293959000.000000,293959000.000000,0.000000,0.000000,0.093000,758507000.000000,45183000.000000,3248413000.000000,0.000000,43.500000,547.381000,534.562000,690408000.000000,0.000000,256.590000,12.282000,11.972000,1024895000.000000,-297223000.000000,3158970000.000000,3158970000.000000,253448000.000000,,,,,113671000.000000,487996000.000000,1.000000,454614660.000000,452939000.000000,482167000.000000,6.974000,9415237000.000000,0.000000,4448000.000000,0.000000,20.787000
ARQ,2021-03-31,2021-05-06,2021-03-31,2021-Q1,3757754000.000000,101984363078.000000,2025-05-01,10199000.000000,11348720000.000000,,9318856000.000000,2029864000.000000,,5.087000,-34149000.000000,3022485000.000000,3022485000.000000,4093769000.000000,39008000.000000,1.676000,3.904000,4200264000.000000,819693000.000000,3380571000.000000,4200264000.000000,0.000000,49633000.000000,0.000000,0.000000,0.000000,40208000.000000,89841000.000000,0.018000,89841000.000000,40208000.000000,39955000.000000,0.090000,0.080000,0.090000,2314373000.000000,,2314373000.000000,103162142078.000000,252.000000,178.426000,-131890000.000000,-0.290000,1.000000,963501000.000000,0.191000,446233000.000000,253000.000000,6519164000.000000,,0.000000,1909374000.000000,1386832000.000000,522542000.000000,9034347000.000000,5561102000.000000,3473245000.000000,-82978000.000000,0.000000,32891000.000000,300114000.000000,0.000000,180992000.000000,-158023000.000000,-123874000.000000,-97741000.000000,-8206000.000000,39008000.000000,39008000.000000,39008000.000000,0.000000,0.000000,0.008000,895765000.000000,67736000.000000,4292785000.000000,0.000000,44.066000,284.869000,279.950000,709033000.000000,0.000000,223.960000,7.741000,7.735000,1109505000.000000,-155241000.000000,5057270000.000000,5057270000.000000,308678000.000000,,,,,118623000.000000,545369000.000000,1.000000,455368651.000000,454973000.000000,501353000.000000,11.116000,10902487000.000000,0.000000,947000.000000,0.000000,23.963000
ARQ,2021-06-30,2021-08-02,2021-06-30,2021-Q2,5353465000.000000,125212527893.000000,2025-05-01,7838000.000000,13815688000.000000,,11000235000.000000,2815453000.000000,,5.904000,-32479000.000000,4581234000.000000,4581234000.000000,3539608000.000000,203678000.000000,1.948000,4.120000,6126633000.000000,880785000.000000,5245848000.000000,6126633000.000000,0.000000,49009000.000000,0.000000,0.000000,0.000000,201125000.000000,250134000.000000,0.053000,250134000.000000,201125000.000000,194661000.000000,0.450000,0.400000,0.450000,2688852000.000000,,2688852000.000000,126757926893.000000,209.000000,160.962000,363074000.000000,0.797000,1.000000,1141064000.000000,0.244000,763596000.000000,6464000.000000,8950721000.000000,,0.000000,2769398000.000000,1822305000.000000,947093000.000000,11078987000.000000,5646770000.000000,5432217000.000000,1552006000.000000,-164304000.000000,39264000.000000,2031303000.000000,0.000000,1930355000.000000,-775016000.000000,-578233000.000000,395553000.000000,1114000.000000,204021000.000000,204021000.000000,204021000.000000,0.000000,-343000.000000,0.044000,1016070000.000000,124994000.000000,4250172000.000000,0.000000,46.567000,218.329000,212.797000,722160000.000000,0.000000,272.380000,7.860000,7.787000,1155757000.000000,48780000.000000,4680672000.000000,4680672000.000000,326510000.000000,,,,,146365000.000000,596121000.000000,1.000000,459697951.000000,455431000.000000,522578000.000000,10.277000,13052092000.000000,0.000000,-9360000.000000,0.000000,28.659000
ARQ,2021-09-30,2021-11-04,2021-09-30,2021-Q3,5012892000.000000,114147269132.000000,2025-05-01,-7411000.000000,13909426000.000000,,10562037000.000000,3347389000.000000,,6.425000,-31400000.000000,4514609000.000000,4514609000.000000,2711512000.000000,-2876000.000000,1.903000,3.684000,5914659000.000000,786140000.000000,5128519000.000000,5914659000.000000,0.000000,59043000.000000,0.000000,0.000000,0.000000,13945000.000000,72988000.000000,0.019000,72988000.000000,13945000.000000,536000.000000,0.000000,0.000000,0.000000,2959825000.000000,,2959825000.000000,115547319132.000000,202.000000,149.809000,343564000.000000,0.746000,1.000000,1133215000.000000,0.295000,788240000.000000,13409000.000000,8972091000.000000,,0.000000,3028002000.000000,1576895000.000000,1451107000.000000,10904712000.000000,5549145000.000000,5355567000.000000,-68442000.000000,334000.000000,12711000.000000,-98025000.000000,0.000000,-112607000.000000,-323580000.000000,-292514000.000000,374964000.000000,-7219000.000000,84000.000000,84000.000000,84000.000000,0.000000,-2960000.000000,0.000000,1110219000.000000,22996000.000000,4108510000.000000,,38.566000,212.536000,206.217000,723534000.000000,0.000000,247.460000,6.818000,6.809000,1211886000.000000,48864000.000000,3844727000.000000,3844727000.000000,366587000.000000,,,,,165011000.000000,675326000.000000,1.000000,461275637.000000,460654000.000000,504120000.000000,8.346000,13121186000.000000,0.000000,452000.000000,0.000000,28.484000
ARQ,2021-12-31,2022-02-24,2021-12-31,2021-Q4,5085824000.000000,55099714359.000000,2025-05-01,-16435000.000000,13925764000.000000,,10520928000.000000,3404836000.000000,,7.075000,-36292000.000000,4443669000.000000,4443669000.000000,2896491000.000000,-80984000.000000,1.936000,3.242000,5515785000.000000,561560000.000000,4954225000.000000,5515785000.000000,0.000000,60209000.000000,0.000000,0.000000,0.000000,-57234000.000000,2975000.000000,0.001000,2975000.000000,-57234000.000000,-70232000.000000,-0.170000,-0.150000,-0.170000,3272855000.000000,,3272855000.000000,56171830359.000000,284.000000,135.049000,138762000.000000,0.300000,1.000000,1182043000.000000,0.290000,776325000.000000,12998000.000000,8786451000.000000,,0.000000,2913653000.000000,1387223000.000000,1526430000.000000,10612175000.000000,5435104000.000000,5177071000.000000,781333000.000000,0.000000,41853000.000000,-228125000.000000,0.000000,653294000.000000,-54260000.000000,-17968000.000000,175054000.000000,7245000.000000,-76829000.000000,-76829000.000000,-76829000.000000,0.000000,-4155000.000000,-0.019000,1236657000.000000,-54614000.000000,4234235000.000000,0.000000,16.835000,331.359000,263.861000,731546000.000000,0.000000,94.990000,3.120000,2.466000,1171612000.000000,-27965000.000000,4078534000.000000,4078534000.000000,395841000.000000,,,,,178041000.000000,783699000.000000,1.000000,580058052.000000,462611000.000000,446504000.000000,8.816000,13149439000.000000,0.000000,6597000.000000,0.000000,28.424000
ARQ,2022-03-31,2022-05-05,2022-03-31,2022-Q1,5830663000.000000,55467153187.000000,2025-05-01,218357000.000000,29127467000.000000,,11860684000.000000,17266783000.000000,,32.161000,-41187000.000000,3993565000.000000,3993565000.000000,2665685000.000000,-207363000.000000,1.967000,0.671000,5361683000.000000,196029000.000000,5165654000.000000,5361683000.000000,0.000000,92752000.000000,0.000000,0.000000,0.000000,-190153000.000000,-97401000.000000,-0.025000,-97401000.000000,-190153000.000000,-205901000.000000,-0.380000,-0.380000,-0.380000,17412822000.000000,,17412822000.000000,56835271187.000000,-1759.000000,248.519000,188236000.000000,0.348000,1.000000,1294960000.000000,0.327000,14704129000.000000,15748000.000000,9761435000.000000,,0.000000,3791303000.000000,2458164000.000000,1333139000.000000,11677075000.000000,6030021000.000000,5647054000.000000,390532000.000000,570703000.000000,4093000.000000,-1351736000.000000,0.000000,-968556000.000000,1130613000.000000,601097000.000000,229423000.000000,-948000.000000,-204199000.000000,-204199000.000000,-204199000.000000,0.000000,-3164000.000000,-0.052000,1521749000.000000,-226789000.000000,4899628000.000000,0.000000,3.185000,-721.074000,-955.500000,758161000.000000,0.000000,95.550000,3.349000,3.123000,1341852000.000000,-232164000.000000,3960645000.000000,3960645000.000000,484761000.000000,,,,,275423000.000000,945838000.000000,1.000000,580503958.000000,541435000.000000,541435000.000000,7.315000,14423338000.000000,0.000000,-1702000.000000,238683000.000000,26.639000
ARQ,2022-06-30,2022-08-04,2022-06-30,2022-Q2,5565349000.000000,52940370226.000000,2025-05-01,-429916000.000000,28885160000.000000,,12526335000.000000,16358825000.000000,,28.993000,-44233000.000000,4020466000.000000,4020466000.000000,2934851000.000000,-209277000.000000,1.800000,0.712000,5283557000.000000,653507000.000000,4630050000.000000,5283557000.000000,0.000000,116014000.000000,0.000000,0.000000,0.000000,-193744000.000000,-77730000.000000,-0.018000,-77730000.000000,-193744000.000000,-206710000.000000,-0.360000,-0.360000,-0.360000,16855104000.000000,,16855104000.000000,54203461226.000000,-127.000000,-546.582000,-158859000.000000,-0.273000,1.000000,1469648000.000000,0.334000,14130213000.000000,12966000.000000,9057052000.000000,,0.000000,3688229000.000000,2668889000.000000,1019340000.000000,11993749000.000000,6960986000.000000,5032763000.000000,-211093000.000000,-31229000.000000,39024000.000000,-55500000.000000,0.000000,-271643000.000000,209670000.000000,285132000.000000,-114626000.000000,-34494000.000000,-208014000.000000,-208014000.000000,-208014000.000000,0.000000,-1263000.000000,-0.047000,1683421000.000000,-213773000.000000,4810611000.000000,0.000000,3.141000,-108.272000,-98.571000,754459000.000000,0.000000,89.700000,3.250000,3.201000,1472908000.000000,-440178000.000000,4404499000.000000,4404499000.000000,524827000.000000,,,,,256638000.000000,926547000.000000,1.000000,590193648.000000,581350000.000000,581350000.000000,7.576000,14754947000.000000,0.000000,1304000.000000,189198000.000000,25.380000
ARQ,2022-09-30,2022-11-03,2022-09-30,2022-Q3,6270196000.000000,32242012893.000000,2025-05-01,-1046639000.000000,29120932000.000000,,13548761000.000000,15572171000.000000,,27.836000,-36289000.000000,4331787000.000000,4331787000.000000,2948452000.000000,-18744000.000000,1.861000,0.763000,5518055000.000000,561590000.000000,4956465000.000000,5518055000.000000,0.000000,111808000.000000,0.000000,0.000000,0.000000,-25958000.000000,85850000.000000,0.019000,85850000.000000,-25958000.000000,-32000000.000000,-0.020000,-0.020000,-0.020000,16497664000.000000,,16497664000.000000,33428280893.000000,-72.000000,-387.323000,-20552000.000000,-0.035000,1.000000,1567089000.000000,0.347000,13588860000.000000,6042000.000000,9439775000.000000,,0.000000,3570960000.000000,2768080000.000000,802880000.000000,12590994000.000000,7278565000.000000,5312429000.000000,479965000.000000,-21000.000000,6116000.000000,269757000.000000,0.000000,358791000.000000,164967000.000000,201277000.000000,15737000.000000,-59530000.000000,-14711000.000000,-14711000.000000,-14711000.000000,0.000000,-4033000.000000,-0.003000,1615878000.000000,-48789000.000000,5220811000.000000,0.000000,1.954000,-64.004000,-57.968000,741897000.000000,0.000000,53.910000,1.901000,1.884000,1761694000.000000,-454889000.000000,4515541000.000000,4515541000.000000,548037000.000000,,,,,262733000.000000,881275000.000000,1.000000,598071098.000000,592672000.000000,592672000.000000,7.619000,15532072000.000000,0.000000,-17289000.000000,159498000.000000,26.207000
ARQ,2022-12-31,2023-02-23,2022-12-31,2022-Q4,7188889000.000000,44640234203.000000,2025-05-01,-523090000.000000,31364340000.000000,,15623405000.000000,15740935000.000000,,28.748000,-49106000.000000,4544202000.000000,4544202000.000000,2990707000.000000,-117621000.000000,1.852000,0.819000,6282750000.000000,938436000.000000,5344314000.000000,6282750000.000000,0.000000,149760000.000000,0.000000,0.000000,0.000000,-106976000.000000,42784000.000000,0.009000,42784000.000000,-106976000.000000,-108448000.000000,-0.180000,-0.180000,-0.180000,17222879000.000000,,17222879000.000000,46378782203.000000,-90.000000,-997.458000,-3737000.000000,-0.006000,1.000000,1660195000.000000,0.357000,13980795000.000000,1472000.000000,10687577000.000000,,0.000000,4000476000.000000,3427047000.000000,573429000.000000,14112985000.000000,8434516000.000000,5678469000.000000,801412000.000000,0.000000,32535000.000000,814339000.000000,0.000000,978988000.000000,-279554000.000000,-230448000.000000,45369000.000000,56609000.000000,-113823000.000000,-113823000.000000,-113823000.000000,0.000000,-3798000.000000,-0.024000,1795376000.000000,-135181000.000000,6011161000.000000,0.000000,2.592000,-82.553000,-79.731000,702474000.000000,0.000000,74.150000,2.546000,2.449000,2416324000.000000,-568712000.000000,4650902000.000000,4650902000.000000,604524000.000000,,,,,276484000.000000,991267000.000000,1.000000,602026085.000000,599094000.000000,599094000.000000,7.763000,17383545000.000000,0.000000,5375000.000000,132498000.000000,29.016000
ARQ,2023-03-31,2023-05-04,2023-03-31,2023-Q1,7194213000.000000,36553844855.000000,2025-05-01,-572561000.000000,31337327000.000000,,15900479000.000000,15436848000.000000,,28.974000,-32253000.000000,5061091000.000000,5061091000.000000,3275547000.000000,-19326000.000000,1.826000,0.794000,5592284000.000000,765734000.000000,4826550000.000000,5592284000.000000,0.000000,117506000.000000,0.000000,0.000000,0.000000,-22055000.000000,95451000.000000,0.019000,95451000.000000,-22055000.000000,-18894000.000000,-0.030000,-0.030000,-0.030000,17448897000.000000,,17448897000.000000,37085037855.000000,-106.000000,253.391000,262148000.000000,0.435000,1.000000,1714584000.000000,0.344000,13868360000.000000,-3161000.000000,9293894000.000000,,0.000000,3400122000.000000,2987375000.000000,412747000.000000,13862442000.000000,8706266000.000000,5156176000.000000,910275000.000000,0.000000,6825000.000000,-649658000.000000,0.000000,-9083000.000000,623924000.000000,656177000.000000,294401000.000000,1033000.000000,-16838000.000000,-16838000.000000,-16838000.000000,0.000000,-2488000.000000,-0.003000,1720756000.000000,-6172000.000000,6147834000.000000,0.000000,2.095000,-103.439000,-102.424000,344229000.000000,0.000000,60.430000,1.969000,1.961000,1897835000.000000,-585550000.000000,4990131000.000000,4990131000.000000,626937000.000000,,,,,279592000.000000,928836000.000000,1.000000,604895662.000000,602234000.000000,602234000.000000,8.286000,17468967000.000000,0.000000,-2056000.000000,0.000000,29.007000
ARQ,2023-06-30,2023-08-03,2023-06-30,2023-Q2,7602060000.000000,44871103922.000000,2025-05-01,-537378000.000000,31075924000.000000,,15841096000.000000,15234828000.000000,,29.252000,-29522000.000000,4745884000.000000,4745884000.000000,3668856000.000000,-125842000.000000,1.923000,0.750000,5250216000.000000,530321000.000000,4719895000.000000,5250216000.000000,0.000000,164628000.000000,0.000000,0.000000,0.000000,-130150000.000000,34478000.000000,0.006000,34478000.000000,-130150000.000000,-126206000.000000,-0.200000,-0.200000,-0.200000,17747156000.000000,,17747156000.000000,45375435922.000000,-159.000000,175.491000,83796000.000000,0.138000,1.000000,1866101000.000000,0.337000,13822323000.000000,-3944000.000000,9518897000.000000,,0.000000,3545890000.000000,3248660000.000000,297230000.000000,13306116000.000000,8239036000.000000,5067080000.000000,-637712000.000000,0.000000,59137000.000000,-333909000.000000,0.000000,-711927000.000000,-45025000.000000,-15503000.000000,113318000.000000,5922000.000000,-122506000.000000,-122506000.000000,-122506000.000000,0.000000,-3336000.000000,-0.022000,1998208000.000000,-132107000.000000,5859615000.000000,0.000000,2.528000,-167.506000,-171.047000,282808000.000000,0.000000,73.550000,2.279000,2.266000,2055298000.000000,-708056000.000000,5534957000.000000,5534957000.000000,694672000.000000,,,,,319253000.000000,1086900000.000000,1.000000,610076192.000000,606692000.000000,606692000.000000,9.123000,17253601000.000000,0.000000,-3700000.000000,0.000000,28.439000
ARQ,2023-09-30,2023-11-02,2023-09-30,2023-Q3,8348485000.000000,27007810140.000000,2025-05-01,-802482000.000000,32554898000.000000,,17540600000.000000,15014298000.000000,,29.140000,-37682000.000000,5112293000.000000,5112293000.000000,3719044000.000000,-33760000.000000,1.908000,0.827000,5330624000.000000,51858000.000000,5278766000.000000,5330624000.000000,0.000000,135169000.000000,0.000000,0.000000,0.000000,-840000.000000,134329000.000000,0.024000,134329000.000000,-840000.000000,20575000.000000,-0.050000,-0.050000,-0.050000,17812660000.000000,,17812660000.000000,27226141140.000000,-105.000000,88.672000,453483000.000000,0.742000,1.000000,1898449000.000000,0.338000,13528149000.000000,-21415000.000000,10052965000.000000,,0.000000,3879330000.000000,3453128000.000000,426202000.000000,14724392000.000000,9192115000.000000,5532277000.000000,-37739000.000000,0.000000,4454000.000000,101899000.000000,0.000000,-319563000.000000,-173931000.000000,-136249000.000000,491165000.000000,-35410000.000000,-28954000.000000,-28954000.000000,-28954000.000000,0.000000,-4806000.000000,-0.005000,1908357000.000000,-9908000.000000,7188467000.000000,0.000000,1.516000,-95.731000,-95.609000,268418000.000000,0.000000,43.980000,1.299000,1.293000,3689046000.000000,-737010000.000000,5617493000.000000,5617493000.000000,713788000.000000,,,,,345669000.000000,960266000.000000,1.000000,614093000.000000,611276000.000000,611276000.000000,9.190000,19026749000.000000,0.000000,49529000.000000,0.000000,31.126000
ARQ,2023-12-31,2024-02-22,2023-12-31,2023-Q4,8935653000.000000,41842496280.000000,2025-05-01,-378307000.000000,34069893000.000000,,18857282000.000000,15212611000.000000,,30.393000,-51694000.000000,4996465000.000000,4996465000.000000,3747290000.000000,157804000.000000,1.901000,0.823000,6017796000.000000,753035000.000000,5264761000.000000,6017796000.000000,0.000000,135455000.000000,0.000000,0.000000,0.000000,107577000.000000,243032000.000000,0.042000,243032000.000000,107577000.000000,126278000.000000,0.300000,0.300000,0.300000,18695256000.000000,,18695256000.000000,42863827280.000000,-943.000000,84.496000,-849617000.000000,-1.381000,1.000000,2025752000.000000,0.351000,13681241000.000000,-18701000.000000,11488354000.000000,,0.000000,4323147000.000000,4072020000.000000,251127000.000000,15377057000.000000,9921629000.000000,5455428000.000000,338357000.000000,-4969000.000000,-96795000.000000,672646000.000000,0.000000,800436000.000000,278233000.000000,334896000.000000,-797923000.000000,57611000.000000,178070000.000000,178070000.000000,178070000.000000,0.000000,-20266000.000000,0.031000,2156404000.000000,-130652000.000000,6803809000.000000,0.000000,2.238000,4281.876000,3398.000000,540757000.000000,0.000000,67.960000,1.909000,1.888000,3226294000.000000,-528429000.000000,5773042000.000000,5773042000.000000,685422000.000000,,,,,331583000.000000,1252197000.000000,1.000000,615693000.000000,615123000.000000,635795000.000000,9.385000,20388652000.000000,0.000000,-51792000.000000,35695000.000000,33.146000
ARQ,2024-03-31,2024-05-02,2024-03-31,2024-Q1,8037102000.000000,43377982300.000000,2025-05-01,-660203000.000000,35612830000.000000,,20538304000.000000,15074526000.000000,,30.777000,-31998000.000000,5753436000.000000,5753436000.000000,3862655000.000000,470820000.000000,1.643000,0.877000,5076830000.000000,1407623000.000000,3669207000.000000,5076830000.000000,0.000000,112152000.000000,0.000000,0.000000,0.000000,507497000.000000,619649000.000000,0.104000,619649000.000000,507497000.000000,507497000.000000,0.770000,0.740000,0.770000,18970801000.000000,,18970801000.000000,42701376300.000000,88.000000,41.398000,457397000.000000,0.742000,1.000000,2094473000.000000,0.352000,13394947000.000000,0.000000,9040075000.000000,,0.000000,3379736000.000000,3379736000.000000,0.000000,16645634000.000000,12501202000.000000,4144432000.000000,1522436000.000000,0.000000,-232152000.000000,-630005000.000000,0.000000,32409000.000000,1042387000.000000,1074385000.000000,489395000.000000,-41755000.000000,472005000.000000,472005000.000000,472005000.000000,0.000000,-1185000.000000,0.079000,1844730000.000000,249743000.000000,8137147000.000000,0.000000,2.287000,86.997000,85.732000,0.000000,0.000000,70.300000,1.896000,1.894000,3714810000.000000,-56424000.000000,5957128000.000000,5957128000.000000,720574000.000000,,,,,311168000.000000,915145000.000000,1.000000,617041000.000000,616401000.000000,637360000.000000,9.664000,22217883000.000000,0.000000,35492000.000000,0.000000,36.045000
ARQ,2024-06-30,2024-08-01,2024-06-30,2024-Q2,10060585000.000000,36877135500.000000,2025-05-01,-532369000.000000,37546600000.000000,,22291278000.000000,15255322000.000000,,31.250000,-38357000.000000,7799093000.000000,7799093000.000000,3922083000.000000,189872000.000000,1.823000,0.946000,7044770000.000000,1462005000.000000,5582765000.000000,7044770000.000000,0.000000,113866000.000000,0.000000,0.000000,0.000000,254297000.000000,368163000.000000,0.060000,368163000.000000,254297000.000000,254297000.000000,0.320000,0.310000,0.320000,19301996000.000000,,19301996000.000000,36122812500.000000,42.000000,26.460000,481035000.000000,0.779000,1.000000,2233480000.000000,0.363000,13451443000.000000,0.000000,11110141000.000000,,0.000000,3635522000.000000,3635522000.000000,0.000000,18253605000.000000,12230693000.000000,6022912000.000000,1487341000.000000,0.000000,-323250000.000000,1954975000.000000,0.000000,1140938000.000000,-174973000.000000,-136616000.000000,519392000.000000,1984000.000000,195268000.000000,195268000.000000,195268000.000000,0.000000,-5396000.000000,0.032000,1926918000.000000,306562000.000000,8059588000.000000,0.000000,1.911000,45.171000,44.701000,0.000000,0.000000,59.900000,1.569000,1.574000,3964214000.000000,138844000.000000,6155563000.000000,6155563000.000000,713163000.000000,,,,,320623000.000000,981130000.000000,1.000000,615645000.000000,617666000.000000,634221000.000000,9.966000,24095157000.000000,0.000000,59029000.000000,0.000000,39.010000
ARQ,2024-09-30,2024-11-07,2024-09-30,2024-Q3,10734950000.000000,46653399780.000000,2025-05-01,-189912000.000000,36355435000.000000,,20774912000.000000,15580523000.000000,,32.317000,-56599000.000000,8299804000.000000,8299804000.000000,3726116000.000000,281136000.000000,2.069000,0.826000,7067954000.000000,1136863000.000000,5931091000.000000,7067954000.000000,0.000000,116711000.000000,0.000000,0.000000,0.000000,340576000.000000,457287000.000000,0.077000,457287000.000000,340576000.000000,326765000.000000,0.460000,0.450000,0.460000,19920914000.000000,,19920914000.000000,45421549780.000000,38.000000,26.906000,628164000.000000,1.019000,1.000000,2249685000.000000,0.376000,13656044000.000000,13811000.000000,11427579000.000000,,0.000000,3604182000.000000,3604182000.000000,0.000000,16446140000.000000,10039962000.000000,6406178000.000000,915573000.000000,0.000000,-343724000.000000,679000.000000,0.000000,71745000.000000,105694000.000000,162293000.000000,684763000.000000,53371000.000000,283754000.000000,283754000.000000,283754000.000000,0.000000,-2618000.000000,0.047000,1926676000.000000,323009000.000000,6156306000.000000,0.000000,2.342000,41.319000,40.686000,0.000000,0.000000,75.270000,1.955000,1.944000,1508491000.000000,422598000.000000,5975801000.000000,5975801000.000000,710983000.000000,,,,,324054000.000000,987610000.000000,1.000000,619814000.000000,616428000.000000,632760000.000000,9.694000,22699391000.000000,0.000000,43011000.000000,0.000000,36.824000
ARQ,2024-12-31,2025-02-24,2024-12-31,2024-Q4,11333403000.000000,40836121600.000000,2025-05-01,-1001065000.000000,36777595000.000000,,19880201000.000000,16897394000.000000,,34.443000,-26993000.000000,8075247000.000000,8075247000.000000,3721163000.000000,1924669000.000000,2.326000,0.731000,7865733000.000000,1184497000.000000,6681236000.000000,7865733000.000000,0.000000,105453000.000000,0.000000,0.000000,0.000000,315252000.000000,420705000.000000,0.070000,420705000.000000,315252000.000000,299145000.000000,3.160000,3.060000,3.160000,21267932000.000000,,21267932000.000000,40626607600.000000,29.000000,22.018000,-13193000.000000,-0.021000,1.000000,2311398000.000000,0.383000,12850489000.000000,16107000.000000,15170794000.000000,,0.000000,4491389000.000000,4019412000.000000,471977000.000000,15542633000.000000,8546798000.000000,6995835000.000000,296075000.000000,0.000000,-116434000.000000,573748000.000000,0.000000,707570000.000000,-323156000.000000,-296163000.000000,13800000.000000,-102139000.000000,1946020000.000000,1946020000.000000,1946020000.000000,0.000000,-21351000.000000,0.323000,2298385000.000000,13013000.000000,5837152000.000000,0.000000,1.920000,14.096000,14.026000,534386000.000000,0.000000,65.920000,1.693000,1.686000,1060966000.000000,2368618000.000000,6032561000.000000,6032561000.000000,769695000.000000,,,,,316934000.000000,1249479000.000000,1.000000,619480000.000000,617482000.000000,639303000.000000,9.770000,23927106000.000000,1800994000.000000,-1646875000.000000,162435000.000000,38.749000
ARQ,2025-03-31,2025-05-01,2025-03-31,2025-Q1,11025668000.000000,35966311120.000000,2025-05-01,-870815000.000000,36395567000.000000,,19712379000.000000,16683188000.000000,,34.663000,-31882000.000000,7088831000.000000,7088831000.000000,3482193000.000000,188722000.000000,2.269000,0.697000,5727384000.000000,0.000000,5727384000.000000,5727384000.000000,0.000000,103317000.000000,0.000000,0.000000,0.000000,245443000.000000,348760000.000000,0.060000,348760000.000000,245443000.000000,228200000.000000,0.310000,0.300000,0.310000,21469194000.000000,,21469194000.000000,34604864120.000000,30.000000,21.697000,101454000.000000,0.164000,1.000000,2289603000.000000,0.397000,12894983000.000000,17243000.000000,13452426000.000000,,0.000000,3390849000.000000,3390849000.000000,0.000000,14960493000.000000,8686711000.000000,6273782000.000000,-141339000.000000,0.000000,-443015000.000000,-1868937000.000000,0.000000,-1211632000.000000,914708000.000000,946590000.000000,133336000.000000,22249000.000000,189872000.000000,189872000.000000,189872000.000000,0.000000,-1150000.000000,0.033000,1960301000.000000,329302000.000000,7102749000.000000,0.000000,1.675000,13.754000,13.760000,0.000000,0.000000,58.480000,1.503000,1.513000,1102538000.000000,2558490000.000000,5771796000.000000,5771796000.000000,760699000.000000,,,,,315236000.000000,996257000.000000,1.000000,615019000.000000,619370000.000000,635342000.000000,9.319000,23500584000.000000,1766132000.000000,38328000.000000,0.000000,37.943000
ART,2015-06-30,2015-10-14,2015-06-30,2015-Q2,168658000.000000,,2025-05-01,-1159000.000000,618559000.000000,,446805000.000000,171754000.000000,,1.779000,-34674000.000000,224285000.000000,224285000.000000,744791000.000000,-152336000.000000,1.606000,1.360000,30000000.000000,0.000000,30000000.000000,30000000.000000,0.000000,22828000.000000,0.000000,,0.000000,-148784000.000000,-125956000.000000,-0.121000,-125956000.000000,-148784000.000000,-148784000.000000,-1.040000,-1.040000,-1.040000,262047000.000000,,262047000.000000,,,,-104074000.000000,-0.707000,1.000000,294093000.000000,0.283000,73897000.000000,0.000000,72230000.000000,,0.000000,0.000000,0.000000,0.000000,356512000.000000,278147000.000000,78365000.000000,59377000.000000,7784000.000000,11412000.000000,0.000000,0.000000,161508000.000000,-30563000.000000,0.000000,-69400000.000000,-2168000.000000,-152336000.000000,-152336000.000000,-152336000.000000,0.000000,0.000000,-0.147000,439073000.000000,-144980000.000000,224756000.000000,0.000000,,,,81294000.000000,0.000000,,,,204331000.000000,-473230000.000000,1038884000.000000,1038884000.000000,164585000.000000,,,,-0.143000,49124000.000000,234770000.000000,1.000000,322944713.000000,147288000.000000,147288000.000000,7.053000,544662000.000000,0.000000,3552000.000000,0.000000,3.698000
ART,2015-09-30,2015-11-16,2015-09-30,2015-Q3,107247000.000000,,2025-05-01,-1277000.000000,597946000.000000,,418487000.000000,179459000.000000,,1.550000,,200679000.000000,200679000.000000,,,1.345000,1.529000,0.000000,0.000000,0.000000,0.000000,0.000000,,0.000000,,0.000000,,,,,,,,,,236462000.000000,,236462000.000000,,,,,,1.000000,,,77625000.000000,,8402000.000000,,0.000000,0.000000,0.000000,0.000000,361484000.000000,311240000.000000,50244000.000000,,,,,,,,,,,,,,,,,,,245613000.000000,,,,,85012000.000000,,,,,199826000.000000,-527160000.000000,,,,,,,,,,1.000000,322944713.000000,152598000.000000,,,520321000.000000,0.000000,,0.000000,3.410000
ART,2015-12-31,2016-03-10,2015-12-31,2015-Q4,371361000.000000,3788461448.000000,2025-05-01,-1185000.000000,894772000.000000,,705563000.000000,189209000.000000,,2.980000,-37432000.000000,498998000.000000,498998000.000000,897088000.000000,-179817000.000000,2.111000,0.761000,0.000000,0.000000,0.000000,0.000000,0.000000,27626000.000000,0.000000,0.000000,0.000000,-176071000.000000,-148445000.000000,-0.117000,-148445000.000000,-176071000.000000,-176071000.000000,-1.240000,-1.240000,-1.240000,508048000.000000,,508048000.000000,3289463448.000000,-19.000000,-22.159000,-9848000.000000,-0.058000,1.000000,370030000.000000,0.292000,83475000.000000,0.000000,-21903000.000000,,0.000000,0.000000,0.000000,0.000000,386724000.000000,334202000.000000,52522000.000000,245475000.000000,-5786000.000000,265097000.000000,-31387000.000000,0.000000,264763000.000000,-45096000.000000,0.000000,27584000.000000,-1776000.000000,-179817000.000000,-212017000.000000,-212017000.000000,0.000000,0.000000,-0.167000,544488000.000000,-174458000.000000,243680000.000000,0.000000,7.457000,-17.869000,-9.113000,87222000.000000,32200000.000000,11.300000,2.990000,1.520000,179200000.000000,-607649000.000000,1267118000.000000,1267118000.000000,199638000.000000,,,,-0.139000,81191000.000000,289084000.000000,1.000000,335262075.000000,170498000.000000,170498000.000000,7.432000,811297000.000000,0.000000,3746000.000000,0.000000,4.758000
ART,2016-03-31,2016-05-06,2016-03-31,2016-Q1,270120000.000000,3426771744.000000,2025-05-01,-346000.000000,945069000.000000,764086500.000000,720052000.000000,225017000.000000,,1.343000,,399182000.000000,399182000.000000,,,1.600000,1.124000,0.000000,0.000000,0.000000,0.000000,0.000000,,0.000000,0.000000,0.000000,,,,,,,,,,444884000.000000,362860250.000000,444884000.000000,3027589744.000000,,,,,1.000000,,,81162000.000000,,14793000.000000,18380500.000000,0.000000,73162000.000000,43447000.000000,29715000.000000,500185000.000000,449932000.000000,50253000.000000,,,,,,,,,,,,,,,,,,,303440000.000000,,7.703000,,,89039000.000000,,10.220000,,,237206000.000000,-704404000.000000,,,,,,,,,,1.000000,335300562.000000,331324000.000000,,,863907000.000000,0.000000,,0.000000,2.607000
ART,2016-06-30,2016-08-04,2016-06-30,2016-Q2,309559000.000000,3868778340.000000,2025-05-01,72000.000000,933292000.000000,842769750.000000,721028000.000000,212264000.000000,1.809000,1.409000,-32752000.000000,379112000.000000,379112000.000000,1059748000.000000,-226319000.000000,1.752000,0.980000,0.000000,0.000000,0.000000,0.000000,0.000000,33807000.000000,0.000000,0.000000,0.000000,-223552000.000000,-189745000.000000,-0.124000,-189745000.000000,-223552000.000000,-223492000.000000,-1.080000,-1.080000,-1.080000,471459000.000000,415213250.000000,471459000.000000,3489666340.000000,-16.000000,-18.391000,-30200000.000000,-0.090000,1.000000,464602000.000000,0.305000,79028000.000000,-60000.000000,63683000.000000,16243750.000000,0.000000,110367000.000000,90765000.000000,19602000.000000,461833000.000000,411469000.000000,50364000.000000,144496000.000000,-2326000.000000,271960000.000000,-31387000.000000,0.000000,266096000.000000,-125922000.000000,-80513000.000000,2552000.000000,1770000.000000,-226319000.000000,-258519000.000000,-258519000.000000,0.000000,0.000000,-0.170000,689129000.000000,-224527000.000000,326453000.000000,0.000000,8.206000,-14.965000,-10.481000,86325000.000000,32200000.000000,11.320000,2.538000,2.484000,225809000.000000,-731749000.000000,1524350000.000000,1524350000.000000,247436000.000000,-0.307000,-0.623000,-13.762000,-0.147000,120618000.000000,385857000.000000,1.000000,341764871.000000,334488000.000000,334488000.000000,4.557000,854264000.000000,0.000000,2827000.000000,0.000000,2.554000
ART,2016-09-30,2016-11-02,2016-09-30,2016-Q3,357003000.000000,4148197126.000000,2025-05-01,213000.000000,1052208000.000000,956335250.000000,843027000.000000,209181000.000000,1.706000,1.484000,-26622000.000000,474596000.000000,474596000.000000,1112558000.000000,-204712000.000000,1.735000,1.062000,0.000000,0.000000,0.000000,0.000000,0.000000,36917000.000000,0.000000,0.000000,0.000000,-202830000.000000,-165913000.000000,-0.102000,-165913000.000000,-202830000.000000,-202587000.000000,-0.820000,-0.820000,-0.820000,510389000.000000,483695000.000000,510389000.000000,3673601126.000000,-18.000000,-22.142000,40307000.000000,0.117000,1.000000,518606000.000000,0.318000,76951000.000000,-243000.000000,14637000.000000,17802500.000000,0.000000,120722000.000000,105244000.000000,15478000.000000,541819000.000000,486024000.000000,55795000.000000,263817000.000000,-1576000.000000,301192000.000000,-1387000.000000,0.000000,325328000.000000,-130170000.000000,-91873000.000000,66929000.000000,1730000.000000,-204712000.000000,-236912000.000000,-236912000.000000,0.000000,0.000000,-0.145000,722898000.000000,-204292000.000000,378153000.000000,0.000000,8.128000,-17.509000,-14.366000,89957000.000000,32200000.000000,11.780000,2.543000,2.484000,242080000.000000,-764072000.000000,1631164000.000000,1631164000.000000,262834000.000000,-0.248000,-0.490000,-11.393000,-0.124000,136604000.000000,407607000.000000,1.000000,352138975.000000,343893000.000000,343893000.000000,4.743000,975257000.000000,0.000000,2125000.000000,0.000000,2.836000
ART,2016-12-31,2017-02-27,2016-12-31,2016-Q4,423961000.000000,6583735993.000000,2025-05-01,-1989000.000000,1211362000.000000,1035482750.000000,1001425000.000000,209937000.000000,1.650000,1.687000,-25137000.000000,488745000.000000,488745000.000000,1132683000.000000,-171590000.000000,1.734000,1.103000,0.000000,0.000000,0.000000,0.000000,0.000000,37745000.000000,0.000000,0.000000,0.000000,-170453000.000000,-132708000.000000,-0.078000,-132708000.000000,-170453000.000000,-169673000.000000,-0.500000,-0.500000,-0.500000,576153000.000000,500721250.000000,576153000.000000,6094990993.000000,-36.000000,-45.928000,-2006000.000000,-0.006000,1.000000,576038000.000000,0.337000,76465000.000000,-780000.000000,68688000.000000,40450250.000000,0.000000,129411000.000000,102045000.000000,27366000.000000,635209000.000000,577464000.000000,57745000.000000,-9299000.000000,-1760000.000000,96439000.000000,-168000.000000,0.000000,90741000.000000,-122733000.000000,-87344000.000000,23131000.000000,-438000.000000,-171590000.000000,-171590000.000000,-171590000.000000,0.000000,0.000000,-0.100000,746491000.000000,-170453000.000000,400660000.000000,0.000000,11.427000,-38.369000,-35.860000,88328000.000000,0.000000,17.930000,3.853000,3.584000,325314000.000000,-779239000.000000,1708721000.000000,1708721000.000000,268537000.000000,-0.166000,-0.343000,-4.214000,-0.100000,138786000.000000,425869000.000000,1.000000,367191076.000000,341555000.000000,341555000.000000,5.003000,1134897000.000000,0.000000,1917000.000000,0.000000,3.323000
ART,2017-03-31,2017-05-04,2017-03-31,2017-Q1,788459000.000000,7444670277.000000,2025-05-01,-1242000.000000,1591113000.000000,1196993750.000000,1343355000.000000,247758000.000000,1.496000,1.712000,-24118000.000000,740990000.000000,740990000.000000,1151777000.000000,-89925000.000000,2.421000,1.534000,345739000.000000,0.000000,345739000.000000,345739000.000000,0.000000,38064000.000000,0.000000,0.000000,0.000000,-88188000.000000,-50124000.000000,-0.028000,-50124000.000000,-88188000.000000,-87838000.000000,-0.250000,-0.250000,-0.250000,627933000.000000,546483500.000000,627933000.000000,7049419277.000000,-80.000000,-140.640000,58522000.000000,0.160000,1.000000,639229000.000000,0.357000,76498000.000000,-350000.000000,564468000.000000,177869000.000000,0.000000,301350000.000000,238639000.000000,62711000.000000,963180000.000000,554896000.000000,408284000.000000,343075000.000000,-2960000.000000,153127000.000000,427835000.000000,0.000000,473174000.000000,-211801000.000000,-176544000.000000,82640000.000000,-938000.000000,-89925000.000000,-89925000.000000,-89925000.000000,0.000000,0.000000,-0.050000,726631000.000000,-87402000.000000,408638000.000000,0.000000,11.856000,-82.788000,-79.600000,91013000.000000,0.000000,19.900000,4.157000,4.075000,266088000.000000,-795012000.000000,1791006000.000000,1791006000.000000,272527000.000000,-0.075000,-0.165000,-0.496000,-0.049000,139258000.000000,398101000.000000,1.000000,374104034.000000,366737000.000000,366737000.000000,4.884000,1514615000.000000,0.000000,2087000.000000,0.000000,4.130000
ART,2017-06-30,2017-08-02,2017-06-30,2017-Q2,812989000.000000,10152658420.000000,2025-05-01,-519000.000000,1741714000.000000,1399099250.000000,1437917000.000000,303797000.000000,1.361000,1.870000,-23180000.000000,753701000.000000,753701000.000000,1206279000.000000,-78542000.000000,2.301000,1.475000,349960000.000000,0.000000,349960000.000000,349960000.000000,0.000000,38171000.000000,0.000000,0.000000,0.000000,-73250000.000000,-35079000.000000,-0.018000,-35079000.000000,-73250000.000000,-76295000.000000,-0.210000,-0.210000,-0.210000,703744000.000000,604554750.000000,703744000.000000,9748917420.000000,-133.000000,-277.913000,126312000.000000,0.336000,1.000000,697699000.000000,0.366000,74413000.000000,3045000.000000,638632000.000000,321606250.000000,0.000000,377465000.000000,253366000.000000,124099000.000000,1037970000.000000,624928000.000000,413042000.000000,383996000.000000,-2960000.000000,228050000.000000,427448000.000000,0.000000,508554000.000000,-273271000.000000,-247092000.000000,149492000.000000,-779000.000000,-78542000.000000,-78542000.000000,-78542000.000000,0.000000,0.000000,-0.041000,769965000.000000,-72266000.000000,519135000.000000,0.000000,14.427000,-129.264000,-126.000000,87442000.000000,0.000000,26.460000,5.332000,5.230000,309021000.000000,-810974000.000000,1903978000.000000,1903978000.000000,282015000.000000,-0.056000,-0.130000,-0.228000,-0.038000,141929000.000000,431001000.000000,1.000000,383698353.000000,376357000.000000,376357000.000000,5.059000,1667301000.000000,0.000000,2247000.000000,0.000000,4.430000
ART,2017-09-30,2017-11-08,2017-09-30,2017-Q3,756198000.000000,14264318138.000000,2025-05-01,-393000.000000,2083852000.000000,1657010250.000000,1686877000.000000,396975000.000000,1.237000,1.909000,-25088000.000000,693510000.000000,693510000.000000,1284134000.000000,-62317000.000000,1.813000,1.843000,354237000.000000,0.000000,354237000.000000,354237000.000000,0.000000,37575000.000000,0.000000,0.000000,0.000000,-55865000.000000,-18290000.000000,-0.009000,-18290000.000000,-55865000.000000,-60947000.000000,-0.160000,-0.160000,-0.160000,732909000.000000,660184750.000000,732909000.000000,13925045138.000000,-249.000000,-761.347000,86125000.000000,0.224000,1.000000,766001000.000000,0.374000,72609000.000000,5082000.000000,741291000.000000,503269750.000000,0.000000,459625000.000000,268290000.000000,191335000.000000,1350943000.000000,930679000.000000,420264000.000000,228341000.000000,-2960000.000000,217268000.000000,427062000.000000,0.000000,479088000.000000,-362822000.000000,-334755000.000000,111213000.000000,862000.000000,-62317000.000000,-62317000.000000,-62317000.000000,0.000000,0.000000,-0.030000,821176000.000000,-55175000.000000,822284000.000000,0.000000,19.463000,-228.899000,-229.438000,88666000.000000,0.000000,36.710000,6.958000,6.875000,587630000.000000,-827072000.000000,2050135000.000000,2050135000.000000,294144000.000000,-0.038000,-0.094000,-0.111000,-0.027000,145198000.000000,463017000.000000,1.000000,388567642.000000,383951000.000000,383951000.000000,5.340000,2011243000.000000,0.000000,1370000.000000,0.000000,5.238000
ART,2017-12-31,2018-02-27,2017-12-31,2017-Q4,805467000.000000,18196717090.000000,2025-05-01,-1318000.000000,2187270000.000000,1900987250.000000,1778294000.000000,408976000.000000,1.165000,2.073000,-26097000.000000,735081000.000000,735081000.000000,1374947000.000000,-62813000.000000,1.828000,1.782000,358572000.000000,0.000000,358572000.000000,358572000.000000,0.000000,37279000.000000,0.000000,0.000000,0.000000,-54206000.000000,-16927000.000000,-0.008000,-16927000.000000,-54206000.000000,-62664000.000000,-0.170000,-0.170000,-0.170000,786333000.000000,712729750.000000,786333000.000000,17820208090.000000,-329.000000,-1052.768000,101614000.000000,0.268000,1.000000,839306000.000000,0.379000,72661000.000000,8458000.000000,765273000.000000,677416000.000000,0.000000,446663000.000000,242996000.000000,203667000.000000,1400937000.000000,972827000.000000,428110000.000000,246336000.000000,-1915000.000000,219748000.000000,426811000.000000,0.000000,454933000.000000,-340611000.000000,-312599000.000000,127711000.000000,4303000.000000,-62813000.000000,-62813000.000000,-62813000.000000,0.000000,0.000000,-0.028000,893512000.000000,-54206000.000000,865287000.000000,0.000000,23.141000,-289.697000,-270.059000,91496000.000000,0.000000,45.910000,8.218000,7.865000,620523000.000000,-842735000.000000,2214253000.000000,2214253000.000000,321888000.000000,-0.033000,-0.088000,-0.080000,-0.024000,155836000.000000,503723000.000000,1.000000,396356286.000000,379344000.000000,379344000.000000,5.837000,2114609000.000000,0.000000,149000.000000,0.000000,5.574000
ART,2018-03-31,2018-05-02,2018-03-31,2018-Q1,858651000.000000,19497815294.000000,2025-05-01,-1294000.000000,2379612000.000000,2098112000.000000,1990383000.000000,389229000.000000,1.154000,2.046000,-27672000.000000,776076000.000000,776076000.000000,1500257000.000000,-71709000.000000,1.759000,1.938000,362965000.000000,0.000000,362965000.000000,362965000.000000,0.000000,38002000.000000,0.000000,0.000000,0.000000,-61116000.000000,-23114000.000000,-0.010000,-23114000.000000,-61116000.000000,-71894000.000000,-0.180000,-0.180000,-0.180000,809980000.000000,758241500.000000,809980000.000000,19084704294.000000,-312.000000,-825.677000,108094000.000000,0.273000,1.000000,921045000.000000,0.380000,72465000.000000,10778000.000000,762304000.000000,726875000.000000,0.000000,455541000.000000,278869000.000000,176672000.000000,1569632000.000000,1131732000.000000,437900000.000000,35086000.000000,-1370000.000000,193858000.000000,-1857000.000000,0.000000,80388000.000000,-185710000.000000,-155084000.000000,135766000.000000,4642000.000000,-71709000.000000,-71709000.000000,-71709000.000000,0.000000,0.000000,-0.030000,982161000.000000,-61116000.000000,1018212000.000000,0.000000,24.072000,-271.902000,-270.333000,98170000.000000,0.000000,48.660000,8.053000,7.957000,700646000.000000,-871307000.000000,2421302000.000000,2421302000.000000,358401000.000000,-0.034000,-0.095000,-0.084000,-0.025000,170990000.000000,549655000.000000,1.000000,400694930.000000,395948000.000000,395948000.000000,6.115000,2307147000.000000,0.000000,-185000.000000,0.000000,5.827000
ART,2018-06-30,2018-08-01,2018-06-30,2018-Q2,1553986000.000000,27441222365.000000,2025-05-01,-4456000.000000,3554827000.000000,2551390250.000000,2869896000.000000,684931000.000000,1.052000,2.682000,-35357000.000000,1428372000.000000,1428372000.000000,1655303000.000000,-61653000.000000,2.181000,2.287000,1071437000.000000,0.000000,1071437000.000000,1071437000.000000,0.000000,41205000.000000,0.000000,0.000000,0.000000,-51539000.000000,-10334000.000000,-0.004000,-10334000.000000,-51539000.000000,-61706000.000000,-0.150000,-0.150000,-0.150000,1081629000.000000,852712750.000000,1081629000.000000,27084287365.000000,-526.000000,-2620.891000,72796000.000000,0.181000,1.000000,1029432000.000000,0.383000,341170000.000000,10167000.000000,1540812000.000000,952420000.000000,0.000000,486789000.000000,318639000.000000,168150000.000000,2473198000.000000,1315910000.000000,1157288000.000000,674671000.000000,-112143000.000000,251965000.000000,853483000.000000,0.000000,818965000.000000,-250914000.000000,-101830000.000000,108153000.000000,-1533000.000000,-61653000.000000,-61653000.000000,-61653000.000000,0.000000,0.000000,-0.023000,1080971000.000000,-51539000.000000,1151252000.000000,0.000000,25.370000,-445.091000,-445.733000,121708000.000000,0.000000,66.860000,10.221000,10.044000,806688000.000000,-877213000.000000,2684735000.000000,2684735000.000000,395075000.000000,-0.024000,-0.072000,-0.054000,-0.019000,183516000.000000,607766000.000000,1.000000,410428094.000000,403301000.000000,403301000.000000,6.657000,3213657000.000000,0.000000,-53000.000000,0.000000,7.968000
ART,2018-09-30,2018-11-07,2018-09-30,2018-Q3,1013831000.000000,34192116875.000000,2025-05-01,-6345000.000000,3973368000.000000,3023769250.000000,2877368000.000000,1096000000.000000,0.986000,2.739000,-43645000.000000,765070000.000000,765070000.000000,1818208000.000000,-25912000.000000,1.544000,2.541000,1023947000.000000,125971000.000000,897976000.000000,1023947000.000000,0.000000,47955000.000000,0.000000,0.000000,0.000000,-8715000.000000,39240000.000000,0.013000,39240000.000000,-8715000.000000,-24252000.000000,-0.060000,-0.070000,-0.060000,1122144000.000000,950021500.000000,1122144000.000000,34450993875.000000,-3953.000000,877.956000,72409000.000000,0.177000,1.000000,1163476000.000000,0.390000,341094000.000000,15537000.000000,2027614000.000000,1274000750.000000,0.000000,1059868000.000000,522205000.000000,537663000.000000,2851224000.000000,1863537000.000000,987687000.000000,71560000.000000,-112714000.000000,257520000.000000,782539000.000000,0.000000,714550000.000000,-755357000.000000,-597414000.000000,116054000.000000,-3687000.000000,-25912000.000000,-25912000.000000,-25912000.000000,0.000000,0.000000,-0.009000,1209991000.000000,-46515000.000000,1530830000.000000,0.000000,30.470000,-1319.548000,-1378.167000,130145000.000000,0.000000,82.690000,11.467000,11.362000,1194701000.000000,-857570000.000000,2981684000.000000,2981684000.000000,448301000.000000,-0.009000,-0.027000,-0.007000,-0.003000,202381000.000000,678785000.000000,1.000000,413497604.000000,409690000.000000,474915000.000000,7.278000,3632274000.000000,0.000000,1660000.000000,0.000000,8.866000
ART,2018-12-31,2019-02-27,2018-12-31,2018-Q4,1093364000.000000,33290160363.000000,2025-05-01,-6053000.000000,3281023000.000000,3297207500.000000,2111905000.000000,1169118000.000000,1.000000,2.762000,-61203000.000000,632847000.000000,632847000.000000,1994477000.000000,-38453000.000000,2.073000,1.928000,899695000.000000,0.000000,899695000.000000,899695000.000000,0.000000,60961000.000000,0.000000,0.000000,0.000000,-18145000.000000,42816000.000000,0.013000,42816000.000000,-18145000.000000,-36127000.000000,-0.090000,-0.090000,-0.090000,1120501000.000000,1033563500.000000,1120501000.000000,33557008363.000000,-1849.000000,783.749000,233877000.000000,0.576000,1.000000,1303700000.000000,0.395000,338807000.000000,17982000.000000,2190523000.000000,1630313250.000000,0.000000,1095645000.000000,630965000.000000,464680000.000000,2160522000.000000,1018541000.000000,1141981000.000000,-102234000.000000,-112399000.000000,245975000.000000,632338000.000000,0.000000,515755000.000000,-905848000.000000,-730662000.000000,295080000.000000,-7221000.000000,-38453000.000000,-38453000.000000,-38453000.000000,0.000000,0.000000,-0.012000,1340314000.000000,-36614000.000000,803352000.000000,0.000000,29.710000,-865.736000,-881.333000,291402000.000000,0.000000,79.320000,10.094000,9.758000,364946000.000000,-885774000.000000,3298177000.000000,3298177000.000000,497479000.000000,-0.012000,-0.037000,-0.011000,-0.006000,216881000.000000,750396000.000000,1.000000,419694407.000000,405731000.000000,405731000.000000,8.129000,2942216000.000000,0.000000,2326000.000000,0.000000,7.252000
ART,2019-03-31,2019-05-01,2019-03-31,2019-Q1,1082963000.000000,31138817730.000000,2025-05-01,-3424000.000000,4402591000.000000,3802952250.000000,3266522000.000000,1136069000.000000,0.944000,2.675000,-71288000.000000,569329000.000000,569329000.000000,2143649000.000000,-52618000.000000,1.496000,2.925000,1044899000.000000,23041000.000000,1021858000.000000,1044899000.000000,0.000000,76462000.000000,0.000000,0.000000,0.000000,-30602000.000000,45860000.000000,0.013000,45860000.000000,-30602000.000000,-50338000.000000,-0.110000,-0.120000,-0.110000,1121589000.000000,1111465750.000000,1121589000.000000,31614387730.000000,-1033.000000,689.367000,204183000.000000,0.487000,1.000000,1445284000.000000,0.403000,346709000.000000,19736000.000000,2347893000.000000,2026710500.000000,0.000000,1171073000.000000,690010000.000000,481063000.000000,3281002000.000000,2183559000.000000,1097443000.000000,-206747000.000000,-122592000.000000,239949000.000000,631719000.000000,0.000000,485865000.000000,-960742000.000000,-766862000.000000,275471000.000000,-7341000.000000,-52618000.000000,-52618000.000000,-52618000.000000,0.000000,0.000000,-0.015000,1482948000.000000,-37664000.000000,1928015000.000000,0.000000,27.763000,-591.790000,-669.273000,245662000.000000,0.000000,73.620000,8.676000,8.601000,1391078000.000000,-923925000.000000,3588933000.000000,3588933000.000000,545943000.000000,-0.014000,-0.047000,-0.015000,-0.009000,231145000.000000,832940000.000000,1.000000,422966826.000000,419289000.000000,419289000.000000,8.560000,4055882000.000000,0.000000,2280000.000000,0.000000,9.673000
ART,2019-06-30,2019-08-01,2019-06-30,2019-Q2,1153052000.000000,34589042709.000000,2025-05-01,-926000.000000,4654006000.000000,4077747000.000000,3528646000.000000,1125360000.000000,0.968000,2.798000,-68222000.000000,662863000.000000,662863000.000000,2352920000.000000,-53452000.000000,1.485000,2.929000,1051246000.000000,24955000.000000,1026291000.000000,1051246000.000000,0.000000,90581000.000000,0.000000,0.000000,0.000000,-30028000.000000,60553000.000000,0.015000,60553000.000000,-30028000.000000,-52252000.000000,-0.120000,-0.130000,-0.120000,1184472000.000000,1137176500.000000,1184472000.000000,34977425709.000000,-1165.000000,577.633000,321662000.000000,0.760000,1.000000,1595313000.000000,0.404000,354377000.000000,22224000.000000,2312418000.000000,2219612000.000000,0.000000,1169544000.000000,708717000.000000,460827000.000000,3469534000.000000,2375594000.000000,1093940000.000000,-765509000.000000,-20943000.000000,133572000.000000,-224518000.000000,0.000000,-318461000.000000,-835556000.000000,-746391000.000000,389884000.000000,-1376000.000000,-53452000.000000,-53452000.000000,-53452000.000000,0.000000,0.000000,-0.014000,1631173000.000000,-35860000.000000,2092780000.000000,0.000000,29.202000,-647.105000,-674.833000,238556000.000000,0.000000,80.980000,8.761000,8.682000,1506194000.000000,-930665000.000000,3948233000.000000,3948233000.000000,605344000.000000,-0.013000,-0.047000,-0.014000,-0.008000,258492000.000000,908854000.000000,1.000000,427130683.000000,423305000.000000,423305000.000000,9.327000,4299629000.000000,0.000000,1200000.000000,0.000000,10.157000
ART,2019-09-30,2019-11-06,2019-09-30,2019-Q3,1113865000.000000,26356661799.000000,2025-05-01,-2387000.000000,4000504000.000000,4084531000.000000,2758766000.000000,1241738000.000000,1.061000,2.926000,-69856000.000000,653870000.000000,653870000.000000,2589909000.000000,-43698000.000000,1.677000,2.201000,1061105000.000000,25779000.000000,1035326000.000000,1061105000.000000,0.000000,101467000.000000,0.000000,0.000000,0.000000,-20326000.000000,81141000.000000,0.019000,81141000.000000,-20326000.000000,-40958000.000000,-0.100000,-0.110000,-0.100000,1249794000.000000,1169089000.000000,1249794000.000000,26763896799.000000,-1317.000000,329.844000,511147000.000000,1.197000,1.000000,1742690000.000000,0.402000,338767000.000000,20632000.000000,2424071000.000000,2318726250.000000,0.000000,1242940000.000000,678432000.000000,564508000.000000,2750710000.000000,1644901000.000000,1105809000.000000,-111200000.000000,-20372000.000000,120851000.000000,-150620000.000000,0.000000,-261192000.000000,-427271000.000000,-337043000.000000,581003000.000000,-3740000.000000,-43698000.000000,-43698000.000000,-43698000.000000,0.000000,0.000000,-0.010000,1736589000.000000,6101000.000000,1349631000.000000,0.000000,21.089000,-603.155000,-613.400000,242704000.000000,0.000000,61.340000,6.083000,6.047000,564492000.000000,-901268000.000000,4332599000.000000,4332599000.000000,638342000.000000,-0.011000,-0.037000,-0.009000,-0.005000,277005000.000000,972437000.000000,1.000000,429681477.000000,427124000.000000,466099000.000000,10.144000,3661737000.000000,0.000000,2740000.000000,0.000000,8.573000
ART,2019-12-31,2020-02-26,2019-12-31,2019-Q4,1525716000.000000,33334627205.000000,2025-05-01,1629000.000000,4551258000.000000,4402089750.000000,3219801000.000000,1331457000.000000,1.071000,4.035000,-62498000.000000,1047118000.000000,1047118000.000000,2823815000.000000,375446000.000000,1.901000,1.654000,1074937000.000000,27275000.000000,1047662000.000000,1074937000.000000,0.000000,105294000.000000,0.000000,0.000000,0.000000,399729000.000000,505023000.000000,0.107000,505023000.000000,399729000.000000,378213000.000000,0.880000,0.810000,0.880000,1715050000.000000,1317726250.000000,1715050000.000000,33362446205.000000,83.000000,66.061000,403201000.000000,0.949000,1.000000,1889685000.000000,0.401000,335424000.000000,21516000.000000,2549568000.000000,2408487500.000000,0.000000,1194593000.000000,657290000.000000,537303000.000000,2836208000.000000,1694085000.000000,1142123000.000000,465859000.000000,288952000.000000,118514000.000000,0.000000,0.000000,-98874000.000000,95193000.000000,-131261000.000000,465699000.000000,3841000.000000,375446000.000000,375446000.000000,375446000.000000,0.000000,0.000000,0.080000,1863128000.000000,26557000.000000,1368969000.000000,0.000000,19.437000,88.787000,87.034000,262342000.000000,0.000000,76.590000,7.072000,6.906000,588692000.000000,-510328000.000000,4713500000.000000,4713500000.000000,670606000.000000,0.085000,0.285000,0.166000,0.085000,297863000.000000,1061082000.000000,1.000000,435234720.000000,424999000.000000,466076000.000000,11.091000,4215834000.000000,0.000000,2767000.000000,0.000000,9.920000
ART,2020-03-31,2020-05-06,2020-03-31,2020-Q1,2385317000.000000,29919820193.000000,2025-05-01,-3432000.000000,6003873000.000000,4802410250.000000,4389975000.000000,1613898000.000000,1.069000,4.157000,-70467000.000000,1962316000.000000,1962316000.000000,3103818000.000000,307706000.000000,2.190000,2.321000,2147744000.000000,37335000.000000,2110409000.000000,2147744000.000000,0.000000,114819000.000000,0.000000,0.000000,0.000000,336920000.000000,451739000.000000,0.088000,451739000.000000,336920000.000000,310879000.000000,0.730000,0.650000,0.730000,1807945000.000000,1489315250.000000,1807945000.000000,30105248193.000000,89.000000,66.643000,484084000.000000,1.113000,1.000000,2031432000.000000,0.396000,370469000.000000,26041000.000000,3814174000.000000,2775057750.000000,0.000000,1212009000.000000,682549000.000000,529460000.000000,4195928000.000000,2004658000.000000,2191270000.000000,1440588000.000000,287458000.000000,224092000.000000,987525000.000000,0.000000,846098000.000000,50963000.000000,-166028000.000000,554551000.000000,-11024000.000000,307706000.000000,307706000.000000,307706000.000000,0.000000,0.000000,0.060000,2073121000.000000,-41689000.000000,1574589000.000000,0.000000,16.549000,97.235000,93.288000,564117000.000000,0.000000,68.100000,5.826000,5.768000,521629000.000000,-616219000.000000,5135250000.000000,5135250000.000000,711242000.000000,0.064000,0.207000,0.121000,0.066000,314078000.000000,1149801000.000000,1.000000,439351251.000000,434940000.000000,434940000.000000,11.807000,5633404000.000000,0.000000,3173000.000000,0.000000,12.952000
ART,2020-06-30,2020-08-05,2020-06-30,2020-Q2,2554554000.000000,64999577669.000000,2025-05-01,4366000.000000,7812272000.000000,5591976750.000000,6187070000.000000,1625202000.000000,1.052000,4.377000,-88897000.000000,1972762000.000000,1972762000.000000,3722287000.000000,302968000.000000,1.703000,3.056000,2654620000.000000,491391000.000000,2163229000.000000,2654620000.000000,0.000000,126646000.000000,0.000000,0.000000,0.000000,341532000.000000,468178000.000000,0.080000,468178000.000000,341532000.000000,305865000.000000,0.720000,0.640000,0.720000,1926307000.000000,1674774000.000000,1926307000.000000,65681435669.000000,192.000000,140.292000,59133000.000000,0.134000,1.000000,2162350000.000000,0.367000,395561000.000000,35667000.000000,4466053000.000000,3313466500.000000,0.000000,1728532000.000000,1281847000.000000,446685000.000000,5885965000.000000,3632516000.000000,2253449000.000000,1343345000.000000,290970000.000000,229178000.000000,1436573000.000000,0.000000,1310343000.000000,-111347000.000000,-313420000.000000,148030000.000000,-3681000.000000,302968000.000000,302968000.000000,302968000.000000,0.000000,0.000000,0.051000,2226248000.000000,-63898000.000000,2747549000.000000,0.000000,33.743000,214.543000,203.542000,616507000.000000,0.000000,146.550000,11.046000,10.961000,879464000.000000,-627697000.000000,5884637000.000000,5884637000.000000,743866000.000000,0.054000,0.181000,0.103000,0.058000,331022000.000000,1267354000.000000,1.000000,443531748.000000,440117000.000000,440117000.000000,13.371000,7416711000.000000,0.000000,2897000.000000,0.000000,16.852000
ART,2020-09-30,2020-11-05,2020-09-30,2020-Q3,2665559000.000000,79017655464.000000,2025-05-01,11910000.000000,8114276000.000000,6620419750.000000,6491270000.000000,1623006000.000000,1.156000,4.641000,-103025000.000000,2118808000.000000,2118808000.000000,5195269000.000000,310086000.000000,1.697000,2.934000,2668131000.000000,524537000.000000,2143594000.000000,2668131000.000000,0.000000,138988000.000000,0.000000,0.000000,0.000000,354023000.000000,493011000.000000,0.064000,493011000.000000,354023000.000000,309008000.000000,0.730000,0.650000,0.730000,2062835000.000000,1878034250.000000,2062835000.000000,79566978464.000000,225.000000,161.390000,218968000.000000,0.493000,1.000000,2456768000.000000,0.321000,408182000.000000,45015000.000000,4429706000.000000,3814875250.000000,0.000000,1685729000.000000,1286607000.000000,399122000.000000,6051441000.000000,3825711000.000000,2225730000.000000,1506196000.000000,280103000.000000,242833000.000000,1459737000.000000,0.000000,1318759000.000000,-139842000.000000,-316920000.000000,321993000.000000,5286000.000000,310086000.000000,310086000.000000,310086000.000000,0.000000,0.000000,0.041000,2503418000.000000,-46650000.000000,2873788000.000000,0.000000,38.305000,254.825000,240.041000,646120000.000000,0.000000,175.230000,10.326000,10.178000,846786000.000000,-591182000.000000,7652037000.000000,7652037000.000000,801662000.000000,0.047000,0.165000,0.093000,0.046000,364012000.000000,1504272000.000000,1.000000,450936800.000000,444458000.000000,488069000.000000,17.217000,7706094000.000000,0.000000,-1078000.000000,0.000000,17.338000
ART,2020-12-31,2021-02-23,2020-12-31,2020-Q4,3635525000.000000,116649575609.000000,2025-05-01,23328000.000000,9869550000.000000,7949992750.000000,7761629000.000000,2107921000.000000,1.195000,6.051000,-138402000.000000,3158058000.000000,3158058000.000000,6764169000.000000,213105000.000000,1.881000,2.681000,3493427000.000000,516841000.000000,2976586000.000000,3493427000.000000,0.000000,154465000.000000,0.000000,0.000000,0.000000,272910000.000000,427375000.000000,0.045000,427375000.000000,272910000.000000,215967000.000000,0.480000,0.440000,0.480000,2681569000.000000,2119664000.000000,2681569000.000000,116984944609.000000,429.000000,273.729000,243201000.000000,0.549000,1.000000,2733409000.000000,0.288000,454313000.000000,56943000.000000,5624502000.000000,4583608750.000000,0.000000,1621727000.000000,1157777000.000000,463950000.000000,7187981000.000000,4126104000.000000,3061877000.000000,2103157000.000000,-79221000.000000,394080000.000000,2580638000.000000,0.000000,2315195000.000000,-606636000.000000,-389013000.000000,381603000.000000,12995000.000000,213105000.000000,213105000.000000,213105000.000000,0.000000,0.000000,0.022000,2752224000.000000,-18815000.000000,3248413000.000000,0.000000,43.500000,547.381000,534.562000,690408000.000000,0.000000,256.590000,12.282000,11.972000,1024895000.000000,-297223000.000000,9497578000.000000,9497578000.000000,881826000.000000,0.027000,0.101000,0.060000,0.029000,397800000.000000,1688873000.000000,1.000000,454614660.000000,443126000.000000,482167000.000000,21.433000,9415237000.000000,0.000000,2862000.000000,0.000000,21.247000
ART,2021-03-31,2021-05-06,2021-03-31,2021-Q1,3757754000.000000,101984363078.000000,2025-05-01,10199000.000000,11348720000.000000,9286204500.000000,9318856000.000000,2029864000.000000,1.419000,5.087000,-146414000.000000,3022485000.000000,3022485000.000000,10015330000.000000,358004000.000000,1.676000,3.904000,4200264000.000000,819693000.000000,3380571000.000000,4200264000.000000,0.000000,168912000.000000,0.000000,0.000000,0.000000,409268000.000000,578180000.000000,0.044000,578180000.000000,409268000.000000,361278000.000000,0.800000,0.740000,0.800000,2314373000.000000,2246271000.000000,2314373000.000000,103162142078.000000,252.000000,178.426000,16152000.000000,0.036000,1.000000,3158409000.000000,0.240000,446233000.000000,47990000.000000,6519164000.000000,5259856250.000000,0.000000,1909374000.000000,1386832000.000000,522542000.000000,9034347000.000000,5561102000.000000,3473245000.000000,1108968000.000000,-66479000.000000,296065000.000000,1894511000.000000,0.000000,1578067000.000000,-650042000.000000,-437149000.000000,162566000.000000,18377000.000000,358004000.000000,358004000.000000,358004000.000000,0.000000,0.000000,0.027000,3019200000.000000,139209000.000000,4292785000.000000,0.000000,44.066000,284.869000,279.950000,709033000.000000,0.000000,223.960000,7.741000,7.735000,1109505000.000000,-155241000.000000,13173739000.000000,13173739000.000000,995518000.000000,0.039000,0.159000,0.078000,0.031000,439120000.000000,1910212000.000000,1.000000,455368651.000000,454973000.000000,501353000.000000,28.955000,10902487000.000000,0.000000,3274000.000000,0.000000,23.963000
ART,2021-06-30,2021-08-02,2021-06-30,2021-Q2,5353465000.000000,125212527893.000000,2025-05-01,7838000.000000,13815688000.000000,10787058500.000000,11000235000.000000,2815453000.000000,1.477000,5.904000,-148469000.000000,4581234000.000000,4581234000.000000,12228076000.000000,573160000.000000,1.948000,4.120000,6126633000.000000,880785000.000000,5245848000.000000,6126633000.000000,0.000000,179647000.000000,0.000000,0.000000,0.000000,607854000.000000,787501000.000000,0.049000,787501000.000000,607854000.000000,568169000.000000,1.280000,1.170000,1.280000,2688852000.000000,2436907250.000000,2688852000.000000,126757926893.000000,209.000000,160.962000,682779000.000000,1.499000,1.000000,3702710000.000000,0.232000,763596000.000000,39685000.000000,8950721000.000000,6381023250.000000,0.000000,2769398000.000000,1822305000.000000,947093000.000000,11078987000.000000,5646770000.000000,5432217000.000000,2664683000.000000,-225171000.000000,288650000.000000,3478050000.000000,0.000000,3059730000.000000,-1237380000.000000,-863740000.000000,831248000.000000,11085000.000000,573503000.000000,573503000.000000,573503000.000000,0.000000,-343000.000000,0.036000,3415455000.000000,287255000.000000,4250172000.000000,0.000000,46.567000,218.329000,212.797000,722160000.000000,0.000000,272.380000,7.860000,7.787000,1155757000.000000,48780000.000000,15930786000.000000,15930786000.000000,1115203000.000000,0.053000,0.235000,0.095000,0.038000,489075000.000000,2131851000.000000,1.000000,459697951.000000,455431000.000000,522578000.000000,34.980000,13052092000.000000,0.000000,-5334000.000000,0.000000,28.659000
ART,2021-09-30,2021-11-04,2021-09-30,2021-Q3,5012892000.000000,114147269132.000000,2025-05-01,-7411000.000000,13909426000.000000,12235846000.000000,10562037000.000000,3347389000.000000,1.368000,6.425000,-150077000.000000,4514609000.000000,4514609000.000000,12700169000.000000,533769000.000000,1.903000,3.684000,5914659000.000000,786140000.000000,5128519000.000000,5914659000.000000,0.000000,199627000.000000,0.000000,0.000000,0.000000,571673000.000000,771300000.000000,0.046000,771300000.000000,571673000.000000,533559000.000000,1.200000,1.100000,1.200000,2959825000.000000,2661154750.000000,2959825000.000000,115547319132.000000,202.000000,149.809000,643425000.000000,1.397000,1.000000,4041470000.000000,0.241000,788240000.000000,38114000.000000,8972091000.000000,7516619500.000000,0.000000,3028002000.000000,1576895000.000000,1451107000.000000,10904712000.000000,5549145000.000000,5355567000.000000,2442383000.000000,-213970000.000000,272846000.000000,3354293000.000000,0.000000,2982511000.000000,-1331542000.000000,-967495000.000000,793502000.000000,-2088000.000000,537072000.000000,537072000.000000,537072000.000000,0.000000,-3303000.000000,0.032000,3780561000.000000,260909000.000000,4108510000.000000,0.000000,38.566000,212.536000,206.217000,723534000.000000,0.000000,247.460000,6.818000,6.809000,1211886000.000000,48864000.000000,16741639000.000000,16741639000.000000,1255223000.000000,0.044000,0.202000,0.076000,0.034000,543670000.000000,2304812000.000000,1.000000,461275637.000000,460654000.000000,504120000.000000,36.343000,13121186000.000000,0.000000,-3513000.000000,0.000000,28.484000
ART,2021-12-31,2022-02-24,2021-12-31,2021-Q4,5085824000.000000,55099714359.000000,2025-05-01,-16435000.000000,13925764000.000000,13249899500.000000,10520928000.000000,3404836000.000000,1.333000,7.139000,-134320000.000000,4443669000.000000,4443669000.000000,13241380000.000000,158826000.000000,1.936000,3.242000,5515785000.000000,561560000.000000,4954225000.000000,5515785000.000000,0.000000,217894000.000000,0.000000,0.000000,0.000000,198044000.000000,415938000.000000,0.024000,415938000.000000,198044000.000000,164920000.000000,0.360000,0.330000,0.360000,3272855000.000000,2808976250.000000,3272855000.000000,56171830359.000000,284.000000,135.049000,713510000.000000,1.556000,1.000000,4419823000.000000,0.250000,776325000.000000,33124000.000000,8786451000.000000,8307106750.000000,0.000000,2913653000.000000,1387223000.000000,1526430000.000000,10612175000.000000,5435104000.000000,5177071000.000000,2181919000.000000,-163970000.000000,126719000.000000,2005267000.000000,0.000000,2652034000.000000,-1310879000.000000,-1012589000.000000,847830000.000000,-7066000.000000,166284000.000000,166284000.000000,166284000.000000,0.000000,-7458000.000000,0.009000,4258711000.000000,161112000.000000,4234235000.000000,0.000000,16.835000,331.359000,263.861000,731546000.000000,0.000000,94.990000,3.120000,2.466000,1171612000.000000,-27965000.000000,17661203000.000000,17661203000.000000,1399079000.000000,0.013000,0.059000,0.024000,0.011000,608040000.000000,2600515000.000000,1.000000,580058052.000000,458432000.000000,501779000.000000,38.525000,13149439000.000000,0.000000,-1364000.000000,0.000000,28.684000
ART,2022-03-31,2022-05-05,2022-03-31,2022-Q1,5830663000.000000,55467153187.000000,2025-05-01,218357000.000000,29127467000.000000,17694586250.000000,11860684000.000000,17266783000.000000,0.936000,32.161000,-141358000.000000,3993565000.000000,3993565000.000000,11813296000.000000,-87545000.000000,1.967000,0.671000,5361683000.000000,196029000.000000,5165654000.000000,5361683000.000000,0.000000,261013000.000000,0.000000,0.000000,0.000000,-32317000.000000,228696000.000000,0.014000,228696000.000000,-32317000.000000,-80936000.000000,-0.100000,-0.130000,-0.100000,17412822000.000000,6583588500.000000,17412822000.000000,56835271187.000000,-1759.000000,248.519000,1033636000.000000,1.909000,1.000000,4751282000.000000,0.287000,14704129000.000000,48619000.000000,9761435000.000000,9117674500.000000,0.000000,3791303000.000000,2458164000.000000,1333139000.000000,11677075000.000000,6030021000.000000,5647054000.000000,2655429000.000000,406733000.000000,97921000.000000,353417000.000000,0.000000,1502486000.000000,-22243000.000000,-287618000.000000,1174994000.000000,192000.000000,-76923000.000000,-76923000.000000,-76923000.000000,0.000000,-10622000.000000,-0.005000,4884695000.000000,-133413000.000000,4899628000.000000,0.000000,3.185000,-721.074000,-955.500000,758161000.000000,0.000000,95.550000,3.349000,3.123000,1341852000.000000,-232164000.000000,16564578000.000000,16564578000.000000,1573699000.000000,-0.004000,-0.012000,-0.004000,-0.002000,764840000.000000,3000984000.000000,1.000000,580503958.000000,541435000.000000,541435000.000000,30.594000,14423338000.000000,0.000000,-4013000.000000,238683000.000000,26.639000
ART,2022-06-30,2022-08-04,2022-06-30,2022-Q2,5565349000.000000,52940370226.000000,2025-05-01,-429916000.000000,28885160000.000000,21461954250.000000,12526335000.000000,16358825000.000000,0.759000,28.993000,-153112000.000000,4020466000.000000,4020466000.000000,11208539000.000000,-500500000.000000,1.800000,0.712000,5283557000.000000,653507000.000000,4630050000.000000,5283557000.000000,0.000000,328018000.000000,0.000000,0.000000,0.000000,-427186000.000000,-99168000.000000,-0.006000,-99168000.000000,-427186000.000000,-482307000.000000,-0.910000,-0.890000,-0.910000,16855104000.000000,10125151500.000000,16855104000.000000,54203461226.000000,-127.000000,-546.582000,511703000.000000,0.880000,1.000000,5079866000.000000,0.312000,14130213000.000000,55121000.000000,9057052000.000000,9144257250.000000,0.000000,3688229000.000000,2668889000.000000,1019340000.000000,11993749000.000000,6960986000.000000,5032763000.000000,892330000.000000,539808000.000000,97681000.000000,-1733386000.000000,0.000000,-699512000.000000,962443000.000000,575747000.000000,664815000.000000,-35416000.000000,-488958000.000000,-488958000.000000,-488958000.000000,0.000000,-11542000.000000,-0.030000,5552046000.000000,-472180000.000000,4810611000.000000,0.000000,3.141000,-108.272000,-98.571000,754459000.000000,0.000000,89.700000,3.250000,3.201000,1472908000.000000,-440178000.000000,16288405000.000000,16288405000.000000,1772016000.000000,-0.023000,-0.048000,-0.047000,-0.026000,875113000.000000,3331410000.000000,1.000000,590193648.000000,581350000.000000,581350000.000000,28.018000,14754947000.000000,0.000000,6651000.000000,189198000.000000,25.380000
ART,2022-09-30,2022-11-03,2022-09-30,2022-Q3,6270196000.000000,32242012893.000000,2025-05-01,-1046639000.000000,29120932000.000000,25264830750.000000,13548761000.000000,15572171000.000000,0.671000,27.836000,-158001000.000000,4331787000.000000,4331787000.000000,11445479000.000000,-516368000.000000,1.861000,0.763000,5518055000.000000,561590000.000000,4956465000.000000,5518055000.000000,0.000000,380783000.000000,0.000000,0.000000,0.000000,-467089000.000000,-86306000.000000,-0.005000,-86306000.000000,-467089000.000000,-514843000.000000,-0.930000,-0.910000,-0.930000,16497664000.000000,13509611250.000000,16497664000.000000,33428280893.000000,-72.000000,-387.323000,147587000.000000,0.249000,1.000000,5513740000.000000,0.325000,13588860000.000000,47754000.000000,9439775000.000000,9261178250.000000,0.000000,3570960000.000000,2768080000.000000,802880000.000000,12590994000.000000,7278565000.000000,5312429000.000000,1440737000.000000,539453000.000000,91086000.000000,-1365604000.000000,0.000000,-228114000.000000,1450990000.000000,1069538000.000000,305588000.000000,-87727000.000000,-503753000.000000,-503753000.000000,-503753000.000000,0.000000,-12615000.000000,-0.030000,6057705000.000000,-543965000.000000,5220811000.000000,0.000000,1.954000,-64.004000,-57.968000,741897000.000000,0.000000,53.910000,1.901000,1.884000,1761694000.000000,-454889000.000000,16959219000.000000,16959219000.000000,1953466000.000000,-0.020000,-0.037000,-0.050000,-0.028000,972835000.000000,3537359000.000000,1.000000,598071098.000000,592672000.000000,592672000.000000,28.615000,15532072000.000000,0.000000,-11090000.000000,159498000.000000,26.207000
ART,2022-12-31,2023-02-23,2022-12-31,2022-Q4,7188889000.000000,44640234203.000000,2025-05-01,-523090000.000000,31364340000.000000,29624474750.000000,15623405000.000000,15740935000.000000,0.592000,29.749000,-170815000.000000,4544202000.000000,4544202000.000000,11539695000.000000,-553005000.000000,1.852000,0.819000,6282750000.000000,938436000.000000,5344314000.000000,6282750000.000000,0.000000,470334000.000000,0.000000,0.000000,0.000000,-516831000.000000,-46497000.000000,-0.003000,-46497000.000000,-516831000.000000,-553059000.000000,-0.930000,-0.930000,-0.930000,17222879000.000000,16997117250.000000,17222879000.000000,46378782203.000000,-90.000000,-997.458000,5088000.000000,0.009000,1.000000,5991892000.000000,0.342000,13980795000.000000,36228000.000000,10687577000.000000,9736459750.000000,0.000000,4000476000.000000,3427047000.000000,573429000.000000,14112985000.000000,8434516000.000000,5678469000.000000,1460816000.000000,539453000.000000,81768000.000000,-323140000.000000,0.000000,97580000.000000,1225696000.000000,857058000.000000,175903000.000000,-38363000.000000,-540747000.000000,-540747000.000000,-540747000.000000,0.000000,-12258000.000000,-0.031000,6616424000.000000,-624532000.000000,6011161000.000000,0.000000,2.592000,-82.553000,-79.731000,702474000.000000,0.000000,74.150000,2.546000,2.449000,2416324000.000000,-568712000.000000,17531587000.000000,17531587000.000000,2135612000.000000,-0.018000,-0.032000,-0.053000,-0.029000,1071278000.000000,3744800000.000000,1.000000,602026085.000000,578949000.000000,578949000.000000,30.282000,17383545000.000000,0.000000,-12312000.000000,132498000.000000,30.026000
ART,2023-03-31,2023-05-04,2023-03-31,2023-Q1,7194213000.000000,36553844855.000000,2025-05-01,-572561000.000000,31337327000.000000,30176939750.000000,15900479000.000000,15436848000.000000,0.615000,28.974000,-161881000.000000,5061091000.000000,5061091000.000000,12149557000.000000,-364968000.000000,1.826000,0.794000,5592284000.000000,765734000.000000,4826550000.000000,5592284000.000000,0.000000,495088000.000000,0.000000,0.000000,0.000000,-348733000.000000,146355000.000000,0.008000,146355000.000000,-348733000.000000,-366052000.000000,-0.590000,-0.590000,-0.590000,17448897000.000000,17006136000.000000,17448897000.000000,37085037855.000000,-106.000000,253.391000,79000000.000000,0.131000,1.000000,6411516000.000000,0.345000,13868360000.000000,17319000.000000,9293894000.000000,9619574500.000000,0.000000,3400122000.000000,2987375000.000000,412747000.000000,13862442000.000000,8706266000.000000,5156176000.000000,1980559000.000000,-31250000.000000,84500000.000000,378938000.000000,0.000000,1057053000.000000,719007000.000000,912138000.000000,240881000.000000,-36382000.000000,-353386000.000000,-353386000.000000,-353386000.000000,0.000000,-11582000.000000,-0.019000,6815431000.000000,-403915000.000000,6147834000.000000,0.000000,2.095000,-103.439000,-102.424000,344229000.000000,0.000000,60.430000,1.969000,1.961000,1897835000.000000,-585550000.000000,18561073000.000000,18561073000.000000,2304325000.000000,-0.012000,-0.021000,-0.036000,-0.019000,1075447000.000000,3727925000.000000,1.000000,604895662.000000,602234000.000000,602234000.000000,30.820000,17468967000.000000,0.000000,-12666000.000000,0.000000,29.007000
ART,2023-06-30,2023-08-03,2023-06-30,2023-Q2,7602060000.000000,44871103922.000000,2025-05-01,-537378000.000000,31075924000.000000,30724630750.000000,15841096000.000000,15234828000.000000,0.641000,29.252000,-147170000.000000,4745884000.000000,4745884000.000000,12883562000.000000,-281533000.000000,1.923000,0.750000,5250216000.000000,530321000.000000,4719895000.000000,5250216000.000000,0.000000,543702000.000000,0.000000,0.000000,0.000000,-285139000.000000,258563000.000000,0.013000,258563000.000000,-285139000.000000,-285548000.000000,-0.430000,-0.430000,-0.430000,17747156000.000000,17229149000.000000,17747156000.000000,45375435922.000000,-159.000000,175.491000,321655000.000000,0.530000,1.000000,6807969000.000000,0.346000,13822323000.000000,409000.000000,9518897000.000000,9735035750.000000,0.000000,3545890000.000000,3248660000.000000,297230000.000000,13306116000.000000,8239036000.000000,5067080000.000000,1553940000.000000,-21000.000000,104613000.000000,100529000.000000,0.000000,616769000.000000,464312000.000000,611503000.000000,468825000.000000,4034000.000000,-267878000.000000,-267878000.000000,-267878000.000000,0.000000,-13655000.000000,-0.014000,7130218000.000000,-322249000.000000,5859615000.000000,0.000000,2.528000,-167.506000,-171.047000,282808000.000000,0.000000,73.550000,2.279000,2.266000,2055298000.000000,-708056000.000000,19691531000.000000,19691531000.000000,2474170000.000000,-0.009000,-0.016000,-0.029000,-0.014000,1138062000.000000,3888278000.000000,1.000000,610076192.000000,606692000.000000,606692000.000000,32.457000,17253601000.000000,0.000000,-17670000.000000,0.000000,28.439000
ART,2023-09-30,2023-11-02,2023-09-30,2023-Q3,8348485000.000000,27007810140.000000,2025-05-01,-802482000.000000,32554898000.000000,31583122250.000000,17540600000.000000,15014298000.000000,0.658000,29.140000,-148563000.000000,5112293000.000000,5112293000.000000,13654154000.000000,-296549000.000000,1.908000,0.827000,5330624000.000000,51858000.000000,5278766000.000000,5330624000.000000,0.000000,567063000.000000,0.000000,0.000000,0.000000,-260021000.000000,307042000.000000,0.015000,307042000.000000,-260021000.000000,-232973000.000000,-0.460000,-0.460000,-0.460000,17812660000.000000,17557898000.000000,17812660000.000000,27226141140.000000,-105.000000,88.672000,795690000.000000,1.302000,1.000000,7139329000.000000,0.343000,13528149000.000000,-27048000.000000,10052965000.000000,9888333250.000000,0.000000,3879330000.000000,3453128000.000000,426202000.000000,14724392000.000000,9192115000.000000,5532277000.000000,1036236000.000000,0.000000,102951000.000000,-67329000.000000,0.000000,-61585000.000000,125414000.000000,273977000.000000,944253000.000000,28154000.000000,-282121000.000000,-282121000.000000,-282121000.000000,0.000000,-14428000.000000,-0.014000,7422697000.000000,-283368000.000000,7188467000.000000,0.000000,1.516000,-95.731000,-95.609000,268418000.000000,0.000000,43.980000,1.299000,1.293000,3689046000.000000,-737010000.000000,20793483000.000000,20793483000.000000,2639921000.000000,-0.009000,-0.016000,-0.026000,-0.013000,1220998000.000000,3967269000.000000,1.000000,614093000.000000,611276000.000000,611276000.000000,34.017000,19026749000.000000,0.000000,49148000.000000,0.000000,31.126000
ART,2023-12-31,2024-02-22,2023-12-31,2023-Q4,8935653000.000000,41842496280.000000,2025-05-01,-378307000.000000,34069893000.000000,32259510500.000000,18857282000.000000,15212611000.000000,0.679000,30.706000,-151151000.000000,4996465000.000000,4996465000.000000,14410737000.000000,-21124000.000000,1.901000,0.823000,6017796000.000000,753035000.000000,5264761000.000000,6017796000.000000,0.000000,552758000.000000,0.000000,0.000000,0.000000,-45468000.000000,507290000.000000,0.023000,507290000.000000,-45468000.000000,1753000.000000,0.020000,0.020000,0.020000,18695256000.000000,17925992250.000000,18695256000.000000,42863827280.000000,-943.000000,84.496000,-50190000.000000,-0.082000,1.000000,7504886000.000000,0.342000,13681241000.000000,-47221000.000000,11488354000.000000,10088527500.000000,0.000000,4323147000.000000,4072020000.000000,251127000.000000,15377057000.000000,9921629000.000000,5455428000.000000,573181000.000000,-4969000.000000,-26379000.000000,-209022000.000000,0.000000,-240137000.000000,683201000.000000,839321000.000000,100961000.000000,29156000.000000,9772000.000000,9772000.000000,9772000.000000,0.000000,-30896000.000000,0.000000,7783725000.000000,-278839000.000000,6803809000.000000,0.000000,2.238000,4281.876000,3398.000000,540757000.000000,0.000000,67.960000,1.909000,1.888000,3226294000.000000,-528429000.000000,21915623000.000000,21915623000.000000,2720819000.000000,0.000000,0.001000,-0.005000,-0.002000,1276097000.000000,4228199000.000000,1.000000,615693000.000000,608856000.000000,614024000.000000,35.995000,20388652000.000000,0.000000,-8019000.000000,35695000.000000,33.487000
ART,2024-03-31,2024-05-02,2024-03-31,2024-Q1,8037102000.000000,43377982300.000000,2025-05-01,-660203000.000000,35612830000.000000,33328386250.000000,20538304000.000000,15074526000.000000,0.687000,30.777000,-150896000.000000,5753436000.000000,5753436000.000000,14997845000.000000,469022000.000000,1.643000,0.877000,5076830000.000000,1407623000.000000,3669207000.000000,5076830000.000000,0.000000,547404000.000000,0.000000,0.000000,0.000000,484084000.000000,1031488000.000000,0.045000,1031488000.000000,484084000.000000,528144000.000000,0.820000,0.790000,0.820000,18970801000.000000,18306468250.000000,18970801000.000000,42701376300.000000,88.000000,41.398000,145059000.000000,0.235000,1.000000,7884775000.000000,0.345000,13394947000.000000,-44060000.000000,9040075000.000000,10025072750.000000,0.000000,3379736000.000000,3379736000.000000,0.000000,16645634000.000000,12501202000.000000,4144432000.000000,1185342000.000000,-4969000.000000,-265356000.000000,-189369000.000000,0.000000,-198645000.000000,1101664000.000000,1257529000.000000,295955000.000000,-13632000.000000,498615000.000000,498615000.000000,498615000.000000,0.000000,-29593000.000000,0.022000,7907699000.000000,-22924000.000000,8137147000.000000,0.000000,2.287000,86.997000,85.732000,0.000000,0.000000,70.300000,1.896000,1.894000,3714810000.000000,-56424000.000000,22882620000.000000,22882620000.000000,2814456000.000000,0.015000,0.027000,0.048000,0.021000,1307673000.000000,4214508000.000000,1.000000,617041000.000000,616401000.000000,637360000.000000,37.123000,22217883000.000000,0.000000,29529000.000000,0.000000,36.045000
ART,2024-06-30,2024-08-01,2024-06-30,2024-Q2,10060585000.000000,36877135500.000000,2025-05-01,-532369000.000000,37546600000.000000,34946055250.000000,22291278000.000000,15255322000.000000,0.673000,31.250000,-159731000.000000,7799093000.000000,7799093000.000000,15251072000.000000,784736000.000000,1.823000,0.946000,7044770000.000000,1462005000.000000,5582765000.000000,7044770000.000000,0.000000,496642000.000000,0.000000,0.000000,0.000000,868531000.000000,1365173000.000000,0.058000,1365173000.000000,868531000.000000,908647000.000000,1.340000,1.300000,1.340000,19301996000.000000,18695178250.000000,19301996000.000000,36122812500.000000,42.000000,26.460000,542298000.000000,0.878000,1.000000,8252154000.000000,0.351000,13451443000.000000,-40116000.000000,11110141000.000000,10422883750.000000,0.000000,3635522000.000000,3635522000.000000,0.000000,18253605000.000000,12230693000.000000,6022912000.000000,3310395000.000000,-4969000.000000,-647743000.000000,2099515000.000000,0.000000,1654220000.000000,971716000.000000,1136416000.000000,702029000.000000,-17570000.000000,816389000.000000,816389000.000000,816389000.000000,0.000000,-31653000.000000,0.035000,7836409000.000000,415745000.000000,8059588000.000000,0.000000,1.911000,45.171000,44.701000,0.000000,0.000000,59.900000,1.569000,1.574000,3964214000.000000,138844000.000000,23503226000.000000,23503226000.000000,2832947000.000000,0.023000,0.044000,0.083000,0.037000,1309043000.000000,4108738000.000000,1.000000,615645000.000000,617666000.000000,634221000.000000,38.052000,24095157000.000000,0.000000,92258000.000000,0.000000,39.010000
ART,2024-09-30,2024-11-07,2024-09-30,2024-Q3,10734950000.000000,46653399780.000000,2025-05-01,-189912000.000000,36355435000.000000,35896189500.000000,20774912000.000000,15580523000.000000,0.665000,32.317000,-178648000.000000,8299804000.000000,8299804000.000000,15258144000.000000,1099632000.000000,2.069000,0.826000,7067954000.000000,1136863000.000000,5931091000.000000,7067954000.000000,0.000000,478184000.000000,0.000000,0.000000,0.000000,1209947000.000000,1688131000.000000,0.071000,1688131000.000000,1209947000.000000,1214837000.000000,1.850000,1.800000,1.850000,19920914000.000000,19222241750.000000,19920914000.000000,45421549780.000000,38.000000,26.906000,716979000.000000,1.163000,1.000000,8603390000.000000,0.361000,13656044000.000000,-4890000.000000,11427579000.000000,10766537250.000000,0.000000,3604182000.000000,3604182000.000000,0.000000,16446140000.000000,10039962000.000000,6406178000.000000,4263707000.000000,-4969000.000000,-995921000.000000,1998295000.000000,0.000000,2045528000.000000,1251341000.000000,1434958000.000000,895627000.000000,71211000.000000,1129097000.000000,1129097000.000000,1129097000.000000,0.000000,-29465000.000000,0.047000,7854728000.000000,748662000.000000,6156306000.000000,0.000000,2.342000,41.319000,40.686000,0.000000,0.000000,75.270000,1.955000,1.944000,1508491000.000000,422598000.000000,23861534000.000000,23861534000.000000,2830142000.000000,0.031000,0.059000,0.112000,0.051000,1287428000.000000,4136082000.000000,1.000000,619814000.000000,616428000.000000,632760000.000000,38.709000,22699391000.000000,0.000000,85740000.000000,0.000000,36.824000
ART,2024-12-31,2025-02-24,2024-12-31,2024-Q4,11333403000.000000,40836121600.000000,2025-05-01,-1001065000.000000,36777595000.000000,36573115000.000000,19880201000.000000,16897394000.000000,0.660000,34.470000,-153947000.000000,8075247000.000000,8075247000.000000,15232017000.000000,2866497000.000000,2.326000,0.731000,7865733000.000000,1184497000.000000,6681236000.000000,7865733000.000000,0.000000,448182000.000000,0.000000,0.000000,0.000000,1397006000.000000,1845188000.000000,0.076000,1845188000.000000,1397006000.000000,1387704000.000000,4.700000,4.560000,4.700000,21267932000.000000,19865410750.000000,21267932000.000000,40626607600.000000,29.000000,22.018000,1553403000.000000,2.518000,1.000000,8889036000.000000,0.369000,12850489000.000000,9302000.000000,15170794000.000000,11687147250.000000,0.000000,4491389000.000000,4019412000.000000,471977000.000000,15542633000.000000,8546798000.000000,6995835000.000000,4221425000.000000,0.000000,-1015560000.000000,1899397000.000000,0.000000,1952662000.000000,649952000.000000,803899000.000000,1707350000.000000,-88539000.000000,2897047000.000000,2897047000.000000,2897047000.000000,0.000000,-30550000.000000,0.120000,7996709000.000000,892327000.000000,5837152000.000000,0.000000,1.920000,14.096000,14.026000,534386000.000000,0.000000,65.920000,1.693000,1.686000,1060966000.000000,2368618000.000000,24121053000.000000,24121053000.000000,2914415000.000000,0.079000,0.146000,0.120000,0.058000,1272779000.000000,4133364000.000000,1.000000,619480000.000000,616993000.000000,636390000.000000,39.095000,23927106000.000000,1800994000.000000,-1509343000.000000,162435000.000000,38.780000
ART,2025-03-31,2025-05-01,2025-03-31,2025-Q1,11025668000.000000,35966311120.000000,2025-05-01,-870815000.000000,36395567000.000000,36768799250.000000,19712379000.000000,16683188000.000000,0.651000,34.663000,-153831000.000000,7088831000.000000,7088831000.000000,14851555000.000000,2584399000.000000,2.269000,0.697000,5727384000.000000,0.000000,5727384000.000000,5727384000.000000,0.000000,439347000.000000,0.000000,0.000000,0.000000,1155568000.000000,1594915000.000000,0.067000,1594915000.000000,1155568000.000000,1108407000.000000,4.250000,4.120000,4.250000,21469194000.000000,20490009000.000000,21469194000.000000,34604864120.000000,30.000000,21.697000,1197460000.000000,1.933000,1.000000,9084166000.000000,0.380000,12894983000.000000,47161000.000000,13452426000.000000,12790235000.000000,0.000000,3390849000.000000,3390849000.000000,0.000000,14960493000.000000,8686711000.000000,6273782000.000000,2557650000.000000,0.000000,-1226423000.000000,660465000.000000,0.000000,708621000.000000,522273000.000000,676104000.000000,1351291000.000000,-24535000.000000,2614914000.000000,2614914000.000000,2614914000.000000,0.000000,-30515000.000000,0.109000,8112280000.000000,971886000.000000,7102749000.000000,0.000000,1.675000,13.754000,13.760000,0.000000,0.000000,58.480000,1.503000,1.513000,1102538000.000000,2558490000.000000,23935721000.000000,23935721000.000000,2954540000.000000,0.071000,0.128000,0.090000,0.048000,1276847000.000000,4214476000.000000,1.000000,615019000.000000,619370000.000000,635342000.000000,38.645000,23500584000.000000,1766132000.000000,-1506507000.000000,0.000000,37.943000
ARY,2015-12-31,2016-03-10,2015-12-31,2015-FY,371361000.000000,3788461448.000000,2025-05-01,-1185000.000000,894772000.000000,,705563000.000000,189209000.000000,,2.980000,-37432000.000000,498998000.000000,498998000.000000,897088000.000000,-179817000.000000,2.111000,0.761000,0.000000,0.000000,0.000000,0.000000,0.000000,27626000.000000,0.000000,0.000000,0.000000,-176071000.000000,-148445000.000000,-0.117000,-148445000.000000,-176071000.000000,-176071000.000000,-1.240000,-1.240000,-1.240000,508048000.000000,,508048000.000000,3289463448.000000,-19.000000,-22.159000,-9848000.000000,-0.058000,1.000000,370030000.000000,0.292000,83475000.000000,0.000000,-21903000.000000,,0.000000,0.000000,0.000000,0.000000,386724000.000000,334202000.000000,52522000.000000,245475000.000000,-5786000.000000,265097000.000000,-31387000.000000,0.000000,264763000.000000,-45096000.000000,0.000000,27584000.000000,-1776000.000000,-179817000.000000,-212017000.000000,-212017000.000000,0.000000,0.000000,-0.167000,544488000.000000,-174458000.000000,243680000.000000,0.000000,7.457000,-17.869000,-9.113000,87222000.000000,32200000.000000,11.300000,2.990000,1.520000,179200000.000000,-607649000.000000,1267118000.000000,1267118000.000000,199638000.000000,,,,-0.139000,81191000.000000,289084000.000000,1.000000,335262075.000000,170498000.000000,170498000.000000,7.432000,811297000.000000,0.000000,3746000.000000,0.000000,4.758000
ARY,2016-12-31,2017-02-27,2016-12-31,2016-FY,423961000.000000,6583735993.000000,2025-05-01,-1989000.000000,1211362000.000000,1035482750.000000,1001425000.000000,209937000.000000,1.650000,1.687000,-25137000.000000,488745000.000000,488745000.000000,1132683000.000000,-171590000.000000,1.734000,1.103000,0.000000,0.000000,0.000000,0.000000,0.000000,37745000.000000,0.000000,0.000000,0.000000,-170453000.000000,-132708000.000000,-0.078000,-132708000.000000,-170453000.000000,-169673000.000000,-0.500000,-0.500000,-0.500000,576153000.000000,500721250.000000,576153000.000000,6094990993.000000,-36.000000,-45.928000,-2006000.000000,-0.006000,1.000000,576038000.000000,0.337000,76465000.000000,-780000.000000,68688000.000000,40450250.000000,0.000000,129411000.000000,102045000.000000,27366000.000000,635209000.000000,577464000.000000,57745000.000000,-9299000.000000,-1760000.000000,96439000.000000,-168000.000000,0.000000,90741000.000000,-122733000.000000,-87344000.000000,23131000.000000,-438000.000000,-171590000.000000,-171590000.000000,-171590000.000000,0.000000,0.000000,-0.100000,746491000.000000,-170453000.000000,400660000.000000,0.000000,11.427000,-38.369000,-35.860000,88328000.000000,0.000000,17.930000,3.853000,3.584000,325314000.000000,-779239000.000000,1708721000.000000,1708721000.000000,268537000.000000,-0.166000,-0.343000,-4.214000,-0.100000,138786000.000000,425869000.000000,1.000000,367191076.000000,341555000.000000,341555000.000000,5.003000,1134897000.000000,0.000000,1917000.000000,0.000000,3.323000
ARY,2017-12-31,2018-02-27,2017-12-31,2017-FY,805467000.000000,18196717090.000000,2025-05-01,-1318000.000000,2187270000.000000,1900987250.000000,1778294000.000000,408976000.000000,1.165000,2.073000,-26097000.000000,735081000.000000,735081000.000000,1374947000.000000,-62813000.000000,1.828000,1.782000,358572000.000000,0.000000,358572000.000000,358572000.000000,0.000000,37279000.000000,0.000000,0.000000,0.000000,-54206000.000000,-16927000.000000,-0.008000,-16927000.000000,-54206000.000000,-62664000.000000,-0.170000,-0.170000,-0.170000,786333000.000000,712729750.000000,786333000.000000,17820208090.000000,-329.000000,-1052.768000,101614000.000000,0.268000,1.000000,839306000.000000,0.379000,72661000.000000,8458000.000000,765273000.000000,677416000.000000,0.000000,446663000.000000,242996000.000000,203667000.000000,1400937000.000000,972827000.000000,428110000.000000,246336000.000000,-1915000.000000,219748000.000000,426811000.000000,0.000000,454933000.000000,-340611000.000000,-312599000.000000,127711000.000000,4303000.000000,-62813000.000000,-62813000.000000,-62813000.000000,0.000000,0.000000,-0.028000,893512000.000000,-54206000.000000,865287000.000000,0.000000,23.141000,-289.697000,-270.059000,91496000.000000,0.000000,45.910000,8.218000,7.865000,620523000.000000,-842735000.000000,2214253000.000000,2214253000.000000,321888000.000000,-0.033000,-0.088000,-0.080000,-0.024000,155836000.000000,503723000.000000,1.000000,396356286.000000,379344000.000000,379344000.000000,5.837000,2114609000.000000,0.000000,149000.000000,0.000000,5.574000
ARY,2018-12-31,2019-02-27,2018-12-31,2018-FY,1093364000.000000,33290160363.000000,2025-05-01,-6053000.000000,3281023000.000000,3297207500.000000,2111905000.000000,1169118000.000000,1.000000,2.762000,-61203000.000000,632847000.000000,632847000.000000,1994477000.000000,-38453000.000000,2.073000,1.928000,899695000.000000,0.000000,899695000.000000,899695000.000000,0.000000,60961000.000000,0.000000,0.000000,0.000000,-18145000.000000,42816000.000000,0.013000,42816000.000000,-18145000.000000,-36127000.000000,-0.090000,-0.090000,-0.090000,1120501000.000000,1033563500.000000,1120501000.000000,33557008363.000000,-1849.000000,783.749000,233877000.000000,0.576000,1.000000,1303700000.000000,0.395000,338807000.000000,17982000.000000,2190523000.000000,1630313250.000000,0.000000,1095645000.000000,630965000.000000,464680000.000000,2160522000.000000,1018541000.000000,1141981000.000000,-102234000.000000,-112399000.000000,245975000.000000,632338000.000000,0.000000,515755000.000000,-905848000.000000,-730662000.000000,295080000.000000,-7221000.000000,-38453000.000000,-38453000.000000,-38453000.000000,0.000000,0.000000,-0.012000,1340314000.000000,-36614000.000000,803352000.000000,0.000000,29.710000,-865.736000,-881.333000,291402000.000000,0.000000,79.320000,10.094000,9.758000,364946000.000000,-885774000.000000,3298177000.000000,3298177000.000000,497479000.000000,-0.012000,-0.037000,-0.011000,-0.006000,216881000.000000,750396000.000000,1.000000,419694407.000000,405731000.000000,405731000.000000,8.129000,2942216000.000000,0.000000,2326000.000000,0.000000,7.252000
ARY,2019-12-31,2020-02-26,2019-12-31,2019-FY,1525716000.000000,33334627205.000000,2025-05-01,1629000.000000,4551258000.000000,4402089750.000000,3219801000.000000,1331457000.000000,1.071000,4.035000,-62498000.000000,1047118000.000000,1047118000.000000,2823815000.000000,375446000.000000,1.901000,1.654000,1074937000.000000,27275000.000000,1047662000.000000,1074937000.000000,0.000000,105294000.000000,0.000000,0.000000,0.000000,399729000.000000,505023000.000000,0.107000,505023000.000000,399729000.000000,378213000.000000,0.880000,0.810000,0.880000,1715050000.000000,1317726250.000000,1715050000.000000,33362446205.000000,83.000000,66.061000,403201000.000000,0.949000,1.000000,1889685000.000000,0.401000,335424000.000000,21516000.000000,2549568000.000000,2408487500.000000,0.000000,1194593000.000000,657290000.000000,537303000.000000,2836208000.000000,1694085000.000000,1142123000.000000,465859000.000000,288952000.000000,118514000.000000,0.000000,0.000000,-98874000.000000,95193000.000000,-131261000.000000,465699000.000000,3841000.000000,375446000.000000,375446000.000000,375446000.000000,0.000000,0.000000,0.080000,1863128000.000000,26557000.000000,1368969000.000000,0.000000,19.437000,88.787000,87.034000,262342000.000000,0.000000,76.590000,7.072000,6.906000,588692000.000000,-510328000.000000,4713500000.000000,4713500000.000000,670606000.000000,0.085000,0.285000,0.166000,0.085000,297863000.000000,1061082000.000000,1.000000,435234720.000000,424999000.000000,466076000.000000,11.091000,4215834000.000000,0.000000,2767000.000000,0.000000,9.920000
ARY,2020-12-31,2021-02-23,2020-12-31,2020-FY,3635525000.000000,116649575609.000000,2025-05-01,23328000.000000,9869550000.000000,7949992750.000000,7761629000.000000,2107921000.000000,1.195000,6.051000,-138402000.000000,3158058000.000000,3158058000.000000,6764169000.000000,213105000.000000,1.881000,2.681000,3493427000.000000,516841000.000000,2976586000.000000,3493427000.000000,0.000000,154465000.000000,0.000000,0.000000,0.000000,272910000.000000,427375000.000000,0.045000,427375000.000000,272910000.000000,215967000.000000,0.480000,0.440000,0.480000,2681569000.000000,2119664000.000000,2681569000.000000,116984944609.000000,429.000000,273.729000,243201000.000000,0.549000,1.000000,2733409000.000000,0.288000,454313000.000000,56943000.000000,5624502000.000000,4583608750.000000,0.000000,1621727000.000000,1157777000.000000,463950000.000000,7187981000.000000,4126104000.000000,3061877000.000000,2103157000.000000,-79221000.000000,394080000.000000,2580638000.000000,0.000000,2315195000.000000,-606636000.000000,-389013000.000000,381603000.000000,12995000.000000,213105000.000000,213105000.000000,213105000.000000,0.000000,0.000000,0.022000,2752224000.000000,-18815000.000000,3248413000.000000,0.000000,43.500000,547.381000,534.562000,690408000.000000,0.000000,256.590000,12.282000,11.972000,1024895000.000000,-297223000.000000,9497578000.000000,9497578000.000000,881826000.000000,0.027000,0.101000,0.060000,0.029000,397800000.000000,1688873000.000000,1.000000,454614660.000000,443126000.000000,482167000.000000,21.433000,9415237000.000000,0.000000,2862000.000000,0.000000,21.247000
ARY,2021-12-31,2022-02-24,2021-12-31,2021-FY,5085824000.000000,55099714359.000000,2025-05-01,-16435000.000000,13925764000.000000,13249899500.000000,10520928000.000000,3404836000.000000,1.333000,7.139000,-134320000.000000,4443669000.000000,4443669000.000000,13241380000.000000,158826000.000000,1.936000,3.242000,5515785000.000000,561560000.000000,4954225000.000000,5515785000.000000,0.000000,217894000.000000,0.000000,0.000000,0.000000,198044000.000000,415938000.000000,0.024000,415938000.000000,198044000.000000,164920000.000000,0.360000,0.330000,0.360000,3272855000.000000,2808976250.000000,3272855000.000000,56171830359.000000,284.000000,135.049000,713510000.000000,1.556000,1.000000,4419823000.000000,0.250000,776325000.000000,33124000.000000,8786451000.000000,8307106750.000000,0.000000,2913653000.000000,1387223000.000000,1526430000.000000,10612175000.000000,5435104000.000000,5177071000.000000,2181919000.000000,-163970000.000000,126719000.000000,2005267000.000000,0.000000,2652034000.000000,-1310879000.000000,-1012589000.000000,847830000.000000,-7066000.000000,166284000.000000,166284000.000000,166284000.000000,0.000000,-7458000.000000,0.009000,4258711000.000000,161112000.000000,4234235000.000000,0.000000,16.835000,331.359000,263.861000,731546000.000000,0.000000,94.990000,3.120000,2.466000,1171612000.000000,-27965000.000000,17661203000.000000,17661203000.000000,1399079000.000000,0.013000,0.059000,0.024000,0.011000,608040000.000000,2600515000.000000,1.000000,580058052.000000,458432000.000000,501779000.000000,38.525000,13149439000.000000,0.000000,-1364000.000000,0.000000,28.684000
ARY,2022-12-31,2023-02-23,2022-12-31,2022-FY,7188889000.000000,44640234203.000000,2025-05-01,-523090000.000000,31364340000.000000,29624474750.000000,15623405000.000000,15740935000.000000,0.592000,29.749000,-170815000.000000,4544202000.000000,4544202000.000000,11539695000.000000,-553005000.000000,1.852000,0.819000,6282750000.000000,938436000.000000,5344314000.000000,6282750000.000000,0.000000,470334000.000000,0.000000,0.000000,0.000000,-516831000.000000,-46497000.000000,-0.003000,-46497000.000000,-516831000.000000,-553059000.000000,-0.930000,-0.930000,-0.930000,17222879000.000000,16997117250.000000,17222879000.000000,46378782203.000000,-90.000000,-997.458000,5088000.000000,0.009000,1.000000,5991892000.000000,0.342000,13980795000.000000,36228000.000000,10687577000.000000,9736459750.000000,0.000000,4000476000.000000,3427047000.000000,573429000.000000,14112985000.000000,8434516000.000000,5678469000.000000,1460816000.000000,539453000.000000,81768000.000000,-323140000.000000,0.000000,97580000.000000,1225696000.000000,857058000.000000,175903000.000000,-38363000.000000,-540747000.000000,-540747000.000000,-540747000.000000,0.000000,-12258000.000000,-0.031000,6616424000.000000,-624532000.000000,6011161000.000000,0.000000,2.592000,-82.553000,-79.731000,702474000.000000,0.000000,74.150000,2.546000,2.449000,2416324000.000000,-568712000.000000,17531587000.000000,17531587000.000000,2135612000.000000,-0.018000,-0.032000,-0.053000,-0.029000,1071278000.000000,3744800000.000000,1.000000,602026085.000000,578949000.000000,578949000.000000,30.282000,17383545000.000000,0.000000,-12312000.000000,132498000.000000,30.026000
ARY,2023-12-31,2024-02-22,2023-12-31,2023-FY,8935653000.000000,41842496280.000000,2025-05-01,-378307000.000000,34069893000.000000,32259510500.000000,18857282000.000000,15212611000.000000,0.679000,30.706000,-151151000.000000,4996465000.000000,4996465000.000000,14410737000.000000,-21124000.000000,1.901000,0.823000,6017796000.000000,753035000.000000,5264761000.000000,6017796000.000000,0.000000,552758000.000000,0.000000,0.000000,0.000000,-45468000.000000,507290000.000000,0.023000,507290000.000000,-45468000.000000,1753000.000000,0.020000,0.020000,0.020000,18695256000.000000,17925992250.000000,18695256000.000000,42863827280.000000,-943.000000,84.496000,-50190000.000000,-0.082000,1.000000,7504886000.000000,0.342000,13681241000.000000,-47221000.000000,11488354000.000000,10088527500.000000,0.000000,4323147000.000000,4072020000.000000,251127000.000000,15377057000.000000,9921629000.000000,5455428000.000000,573181000.000000,-4969000.000000,-26379000.000000,-209022000.000000,0.000000,-240137000.000000,683201000.000000,839321000.000000,100961000.000000,29156000.000000,9772000.000000,9772000.000000,9772000.000000,0.000000,-30896000.000000,0.000000,7783725000.000000,-278839000.000000,6803809000.000000,0.000000,2.238000,4281.876000,3398.000000,540757000.000000,0.000000,67.960000,1.909000,1.888000,3226294000.000000,-528429000.000000,21915623000.000000,21915623000.000000,2720819000.000000,0.000000,0.001000,-0.005000,-0.002000,1276097000.000000,4228199000.000000,1.000000,615693000.000000,608856000.000000,614024000.000000,35.995000,20388652000.000000,0.000000,-8019000.000000,35695000.000000,33.487000
ARY,2024-12-31,2025-02-24,2024-12-31,2024-FY,11333403000.000000,40836121600.000000,2025-05-01,-1001065000.000000,36777595000.000000,36573115000.000000,19880201000.000000,16897394000.000000,0.660000,34.470000,-153947000.000000,8075247000.000000,8075247000.000000,15232017000.000000,2866497000.000000,2.326000,0.731000,7865733000.000000,1184497000.000000,6681236000.000000,7865733000.000000,0.000000,448182000.000000,0.000000,0.000000,0.000000,1397006000.000000,1845188000.000000,0.076000,1845188000.000000,1397006000.000000,1387704000.000000,4.700000,4.560000,4.700000,21267932000.000000,19865410750.000000,21267932000.000000,40626607600.000000,29.000000,22.018000,1553403000.000000,2.518000,1.000000,8889036000.000000,0.369000,12850489000.000000,9302000.000000,15170794000.000000,11687147250.000000,0.000000,4491389000.000000,4019412000.000000,471977000.000000,15542633000.000000,8546798000.000000,6995835000.000000,4221425000.000000,0.000000,-1015560000.000000,1899397000.000000,0.000000,1952662000.000000,649952000.000000,803899000.000000,1707350000.000000,-88539000.000000,2897047000.000000,2897047000.000000,2897047000.000000,0.000000,-30550000.000000,0.120000,7996709000.000000,892327000.000000,5837152000.000000,0.000000,1.920000,14.096000,14.026000,534386000.000000,0.000000,65.920000,1.693000,1.686000,1060966000.000000,2368618000.000000,24121053000.000000,24121053000.000000,2914415000.000000,0.079000,0.146000,0.120000,0.058000,1272779000.000000,4133364000.000000,1.000000,619480000.000000,616993000.000000,636390000.000000,39.095000,23927106000.000000,1800994000.000000,-1509343000.000000,162435000.000000,38.780000
MRQ,2013-12-31,2013-12-31,2013-12-31,2013-Q4,124061000.000000,,2025-05-01,-693000.000000,318341000.000000,,253802000.000000,64539000.000000,,1.269000,,185446000.000000,185446000.000000,,,1.956000,0.962000,0.000000,0.000000,0.000000,0.000000,0.000000,,0.000000,,0.000000,,,,,,,,,,162294000.000000,,162294000.000000,,,,,,1.000000,,,1214000.000000,,1940000.000000,,0.000000,0.000000,0.000000,0.000000,156047000.000000,129741000.000000,26306000.000000,,,,,,,,,,,,,,,,,,,100335000.000000,,,,,51656000.000000,,,,,64968000.000000,-241539000.000000,,,,,,,,,,1.000000,,127845000.000000,,,317127000.000000,0.000000,,0.000000,2.481000
MRQ,2014-09-30,2014-09-30,2014-09-30,2014-Q3,,,2025-05-01,,,,,,,,-6621000.000000,,,166281000.000000,-37666000.000000,,,,,,,,5130000.000000,,,0.000000,-37381000.000000,-32251000.000000,-0.142000,-32251000.000000,-37381000.000000,-37381000.000000,-0.270000,-0.270000,-0.270000,,,,,,,-43436000.000000,-0.302000,1.000000,61139000.000000,0.269000,,0.000000,,,,,,,,,,67761000.000000,11644000.000000,1349000.000000,0.000000,0.000000,100171000.000000,5023000.000000,0.000000,-36815000.000000,-618000.000000,-37666000.000000,-37666000.000000,-37666000.000000,0.000000,0.000000,-0.166000,97130000.000000,-35991000.000000,,0.000000,,,,,0.000000,,,,,,227420000.000000,227420000.000000,39483000.000000,,,,,10332000.000000,50428000.000000,1.000000,,143756000.000000,143756000.000000,1.582000,,,285000.000000,,
MRQ,2014-12-31,2014-12-31,2014-12-31,2014-Q4,218761000.000000,,2025-05-01,-807000.000000,541888000.000000,,409867000.000000,132021000.000000,,1.848000,-7533000.000000,251644000.000000,251644000.000000,182567000.000000,-37072000.000000,2.145000,0.980000,30000000.000000,0.000000,30000000.000000,30000000.000000,0.000000,5743000.000000,0.000000,,0.000000,-33213000.000000,-27470000.000000,-0.109000,-27470000.000000,-33213000.000000,-35375000.000000,-0.240000,-0.240000,-0.240000,273672000.000000,,273672000.000000,,,,-32364000.000000,-0.219000,1.000000,68327000.000000,0.272000,50546000.000000,2162000.000000,78592000.000000,,0.000000,0.000000,0.000000,0.000000,268216000.000000,191106000.000000,77110000.000000,15991000.000000,0.000000,1430000.000000,0.000000,0.000000,52704000.000000,-11206000.000000,0.000000,-24831000.000000,-676000.000000,-37072000.000000,-37072000.000000,-37072000.000000,0.000000,0.000000,-0.148000,102892000.000000,-34565000.000000,154084000.000000,0.000000,,,,63733000.000000,0.000000,,,,144783000.000000,-395632000.000000,250894000.000000,250894000.000000,39670000.000000,,,,,10099000.000000,56508000.000000,1.000000,,148096000.000000,148096000.000000,1.694000,491342000.000000,0.000000,1697000.000000,0.000000,3.318000
MRQ,2015-03-31,2015-03-31,2015-03-31,2015-Q1,,,2025-05-01,,,,,,,,-10419000.000000,,,176272000.000000,-47978000.000000,,,,,,,,5546000.000000,,,0.000000,-47146000.000000,-41600000.000000,-0.166000,-41600000.000000,-47146000.000000,-47560000.000000,-0.330000,-0.330000,-0.330000,,,,,,,-21369000.000000,-0.147000,1.000000,74285000.000000,0.296000,,414000.000000,,,,,,,,,,-24330000.000000,-3850000.000000,1749000.000000,0.000000,0.000000,1749000.000000,-14269000.000000,0.000000,-10950000.000000,-860000.000000,-47978000.000000,-47978000.000000,-47978000.000000,0.000000,0.000000,-0.191000,120635000.000000,-46350000.000000,,0.000000,,,,,0.000000,,,,,,250557000.000000,250557000.000000,39545000.000000,,,,,13461000.000000,64300000.000000,1.000000,,145069000.000000,145069000.000000,1.727000,,,418000.000000,,
MRQ,2015-06-30,2015-06-30,2015-06-30,2015-Q2,168658000.000000,,2025-05-01,-1159000.000000,618559000.000000,,446805000.000000,171754000.000000,,1.756000,-10341000.000000,224285000.000000,224285000.000000,219671000.000000,-29620000.000000,1.606000,1.360000,30000000.000000,0.000000,30000000.000000,30000000.000000,0.000000,6410000.000000,0.000000,,0.000000,-28024000.000000,-21614000.000000,-0.070000,-21614000.000000,-28024000.000000,-28468000.000000,-0.200000,-0.200000,-0.200000,262047000.000000,,262047000.000000,,,,-9890000.000000,-0.066000,1.000000,90342000.000000,0.291000,73897000.000000,444000.000000,72230000.000000,,0.000000,0.000000,0.000000,0.000000,356512000.000000,278147000.000000,78365000.000000,-3030000.000000,-10000.000000,6884000.000000,0.000000,0.000000,6884000.000000,-10351000.000000,0.000000,451000.000000,-14000.000000,-29620000.000000,-29620000.000000,-29620000.000000,0.000000,0.000000,-0.096000,118416000.000000,-28074000.000000,224756000.000000,0.000000,,,,81294000.000000,0.000000,,,,204331000.000000,-473230000.000000,310013000.000000,310013000.000000,45887000.000000,,,,,15232000.000000,63534000.000000,1.000000,322944713.000000,149253000.000000,149253000.000000,2.077000,544662000.000000,0.000000,1152000.000000,0.000000,3.649000
MRQ,2015-09-30,2015-09-30,2015-09-30,2015-Q3,107247000.000000,,2025-05-01,-1277000.000000,597946000.000000,,418487000.000000,179459000.000000,,1.552000,-9964000.000000,200679000.000000,200679000.000000,235878000.000000,-53930000.000000,1.345000,1.529000,0.000000,0.000000,0.000000,0.000000,0.000000,6570000.000000,0.000000,,0.000000,-52861000.000000,-46291000.000000,-0.139000,-46291000.000000,-52861000.000000,-52998000.000000,-0.350000,-0.350000,-0.350000,236462000.000000,,236462000.000000,,,,3665000.000000,0.024000,1.000000,96310000.000000,0.290000,77625000.000000,137000.000000,8402000.000000,,0.000000,0.000000,0.000000,0.000000,361484000.000000,311240000.000000,50244000.000000,-23857000.000000,-750000.000000,3576000.000000,-30000000.000000,0.000000,-26424000.000000,-10966000.000000,0.000000,13629000.000000,-96000.000000,-53930000.000000,-53930000.000000,-53930000.000000,0.000000,0.000000,-0.162000,148527000.000000,-52217000.000000,245613000.000000,0.000000,,,,85012000.000000,0.000000,,,,199826000.000000,-527160000.000000,332188000.000000,332188000.000000,55020000.000000,,,,,20793000.000000,77079000.000000,1.000000,322944713.000000,152334000.000000,152334000.000000,2.181000,520321000.000000,0.000000,932000.000000,0.000000,3.416000
MRQ,2015-12-31,2015-12-31,2015-12-31,2015-Q4,371361000.000000,4227346293.000000,2025-05-01,-1185000.000000,894772000.000000,,705563000.000000,189209000.000000,,2.980000,-6708000.000000,489552000.000000,489552000.000000,265267000.000000,-48289000.000000,2.111000,0.761000,0.000000,0.000000,0.000000,0.000000,0.000000,9100000.000000,0.000000,0.000000,0.000000,-46427000.000000,-37327000.000000,-0.100000,-37327000.000000,-46427000.000000,-47045000.000000,-0.360000,-0.360000,-0.360000,508048000.000000,,508048000.000000,4026667293.000000,-23.000000,-27.424000,11285000.000000,0.066000,1.000000,109093000.000000,0.291000,83475000.000000,618000.000000,-12457000.000000,,0.000000,604000.000000,604000.000000,0.000000,386724000.000000,334202000.000000,52522000.000000,292110000.000000,-1176000.000000,252888000.000000,-1387000.000000,0.000000,282554000.000000,-7632000.000000,0.000000,17993000.000000,-805000.000000,-48289000.000000,-80489000.000000,-80489000.000000,0.000000,0.000000,-0.215000,156910000.000000,-47817000.000000,234234000.000000,0.000000,8.321000,-19.939000,-10.556000,87222000.000000,32200000.000000,13.090000,3.336000,1.761000,179200000.000000,-607649000.000000,374360000.000000,374360000.000000,59186000.000000,,,,,31705000.000000,84171000.000000,1.000000,322944713.000000,170498000.000000,170498000.000000,2.196000,811297000.000000,0.000000,1244000.000000,0.000000,4.758000
MRQ,2016-03-31,2016-03-31,2016-03-31,2016-Q1,270120000.000000,5122804506.000000,2025-05-01,-346000.000000,945069000.000000,,720052000.000000,225017000.000000,,1.343000,-7527000.000000,399182000.000000,399182000.000000,269029000.000000,-96755000.000000,1.600000,1.124000,0.000000,0.000000,0.000000,0.000000,0.000000,9118000.000000,0.000000,0.000000,0.000000,-97133000.000000,-88015000.000000,-0.232000,-88015000.000000,-97133000.000000,-96416000.000000,-0.290000,-0.290000,-0.290000,444884000.000000,,444884000.000000,4623806506.000000,-21.000000,-23.927000,-21276000.000000,-0.064000,1.000000,110240000.000000,0.291000,81162000.000000,-717000.000000,14793000.000000,,0.000000,73162000.000000,43447000.000000,29715000.000000,500185000.000000,449932000.000000,50253000.000000,-98054000.000000,-400000.000000,0.000000,0.000000,0.000000,-4850000.000000,-81013000.000000,-73086000.000000,-13749000.000000,1558000.000000,-96755000.000000,-96755000.000000,-96755000.000000,0.000000,0.000000,-0.255000,207373000.000000,-97133000.000000,303440000.000000,0.000000,11.515000,-19.643000,-12.733000,89039000.000000,0.000000,15.280000,3.670000,3.627000,237206000.000000,-704404000.000000,379269000.000000,379269000.000000,64592000.000000,,,,,31198000.000000,134603000.000000,1.000000,335262075.000000,331324000.000000,331324000.000000,1.145000,863907000.000000,0.000000,339000.000000,0.000000,2.607000
MRQ,2016-06-30,2016-06-30,2016-06-30,2016-Q2,309559000.000000,3034470086.000000,2025-05-01,72000.000000,933292000.000000,,721028000.000000,212264000.000000,,1.409000,-8313000.000000,379112000.000000,379112000.000000,289574000.000000,-27345000.000000,1.752000,0.980000,0.000000,0.000000,0.000000,0.000000,0.000000,9018000.000000,0.000000,0.000000,0.000000,-27360000.000000,-18342000.000000,-0.042000,-18342000.000000,-27360000.000000,-27033000.000000,-0.080000,-0.080000,-0.080000,471459000.000000,,471459000.000000,2635288086.000000,-12.000000,-13.872000,-27102000.000000,-0.081000,1.000000,148959000.000000,0.340000,79028000.000000,-327000.000000,63683000.000000,,0.000000,110367000.000000,90765000.000000,19602000.000000,461833000.000000,411469000.000000,50364000.000000,-18599000.000000,0.000000,15496000.000000,0.000000,0.000000,14816000.000000,-15740000.000000,-7427000.000000,-18789000.000000,1114000.000000,-27345000.000000,-27345000.000000,-27345000.000000,0.000000,0.000000,-0.062000,176319000.000000,-27360000.000000,326453000.000000,0.000000,6.436000,-11.738000,-8.380000,86325000.000000,0.000000,9.050000,1.991000,1.986000,225809000.000000,-731749000.000000,438533000.000000,438533000.000000,68638000.000000,,,,,36922000.000000,90004000.000000,1.000000,335300562.000000,334488000.000000,334488000.000000,1.311000,854264000.000000,0.000000,312000.000000,0.000000,2.554000
MRQ,2016-09-30,2016-09-30,2016-09-30,2016-Q3,357003000.000000,3984978396.000000,2025-05-01,213000.000000,1052208000.000000,,843027000.000000,209181000.000000,,1.484000,-3834000.000000,474596000.000000,474596000.000000,288688000.000000,-32323000.000000,1.735000,1.062000,0.000000,0.000000,0.000000,0.000000,0.000000,9681000.000000,0.000000,0.000000,0.000000,-31982000.000000,-22301000.000000,-0.051000,-22301000.000000,-31982000.000000,-32093000.000000,-0.090000,-0.090000,-0.090000,510389000.000000,,510389000.000000,3605866396.000000,-18.000000,-21.724000,51939000.000000,0.151000,1.000000,150314000.000000,0.342000,76951000.000000,111000.000000,14637000.000000,,0.000000,120722000.000000,105244000.000000,15478000.000000,541819000.000000,486024000.000000,55795000.000000,73251000.000000,0.000000,32808000.000000,0.000000,0.000000,32808000.000000,-15194000.000000,-11360000.000000,55773000.000000,-136000.000000,-32323000.000000,-32323000.000000,-32323000.000000,0.000000,0.000000,-0.074000,182296000.000000,-31982000.000000,378153000.000000,0.000000,7.808000,-16.821000,-14.220000,89957000.000000,0.000000,11.660000,2.443000,2.458000,242080000.000000,-764072000.000000,439002000.000000,439002000.000000,70418000.000000,,,,,36779000.000000,98829000.000000,1.000000,341764871.000000,343893000.000000,343893000.000000,1.277000,975257000.000000,0.000000,230000.000000,0.000000,2.836000
MRQ,2016-12-31,2016-12-31,2016-12-31,2016-Q4,423961000.000000,4799654229.000000,2025-05-01,-1989000.000000,1211362000.000000,,1001425000.000000,209937000.000000,,1.616000,-5463000.000000,488745000.000000,488745000.000000,285392000.000000,-15167000.000000,1.734000,1.103000,0.000000,0.000000,0.000000,0.000000,0.000000,9928000.000000,0.000000,0.000000,0.000000,-13731000.000000,-3803000.000000,-0.008000,-3803000.000000,-13731000.000000,-14131000.000000,-0.040000,-0.040000,-0.040000,576153000.000000,,576153000.000000,4325058229.000000,-25.000000,-32.652000,-5567000.000000,-0.016000,1.000000,166525000.000000,0.368000,76465000.000000,400000.000000,68688000.000000,,0.000000,129411000.000000,102045000.000000,27366000.000000,635209000.000000,577464000.000000,57745000.000000,42595000.000000,-960000.000000,48135000.000000,-168000.000000,0.000000,47967000.000000,-2294000.000000,4529000.000000,-104000.000000,-2974000.000000,-15167000.000000,-15167000.000000,-15167000.000000,0.000000,0.000000,-0.034000,180503000.000000,-13978000.000000,495385000.000000,0.000000,8.331000,-27.972000,-27.260000,88328000.000000,0.000000,13.630000,2.809000,2.724000,321102000.000000,-779239000.000000,451917000.000000,451917000.000000,64889000.000000,,,,,33887000.000000,102433000.000000,1.000000,352138975.000000,356441000.000000,356441000.000000,1.268000,1134897000.000000,0.000000,1036000.000000,0.000000,3.184000
MRQ,2017-03-31,2017-03-31,2017-03-31,2017-Q1,788459000.000000,6345061793.000000,2025-05-01,-1242000.000000,1591113000.000000,,1343355000.000000,247758000.000000,,1.712000,-6508000.000000,740990000.000000,740990000.000000,288123000.000000,-15090000.000000,2.421000,1.534000,345739000.000000,0.000000,345739000.000000,345739000.000000,0.000000,9437000.000000,0.000000,0.000000,0.000000,-14082000.000000,-4645000.000000,-0.010000,-4645000.000000,-14082000.000000,-14581000.000000,-0.040000,-0.040000,-0.040000,627933000.000000,,627933000.000000,5856316793.000000,-67.000000,-119.295000,37490000.000000,0.102000,1.000000,173431000.000000,0.376000,76498000.000000,499000.000000,564468000.000000,,0.000000,301350000.000000,238639000.000000,62711000.000000,963180000.000000,554896000.000000,408284000.000000,252245000.000000,-1600000.000000,96524000.000000,428003000.000000,0.000000,377583000.000000,-170394000.000000,-162286000.000000,43998000.000000,1058000.000000,-15090000.000000,-15090000.000000,-15090000.000000,0.000000,0.000000,-0.033000,187513000.000000,-14082000.000000,408638000.000000,0.000000,10.105000,-70.559000,-69.120000,91013000.000000,0.000000,17.280000,3.543000,3.538000,266088000.000000,-795012000.000000,461554000.000000,461554000.000000,68582000.000000,,,,,31670000.000000,106835000.000000,1.000000,367191076.000000,366737000.000000,366737000.000000,1.259000,1514615000.000000,0.000000,509000.000000,0.000000,4.130000
MRQ,2017-06-30,2017-06-30,2017-06-30,2017-Q2,812989000.000000,8776480638.000000,2025-05-01,-519000.000000,1741714000.000000,,1437917000.000000,303797000.000000,,1.870000,-7375000.000000,753701000.000000,753701000.000000,344076000.000000,-15962000.000000,2.301000,1.475000,349960000.000000,0.000000,349960000.000000,349960000.000000,0.000000,9125000.000000,0.000000,0.000000,0.000000,-12224000.000000,-3099000.000000,-0.006000,-3099000.000000,-12224000.000000,-15490000.000000,-0.040000,-0.040000,-0.040000,703744000.000000,,703744000.000000,8381229638.000000,-116.000000,-247.614000,39217000.000000,0.104000,1.000000,207429000.000000,0.376000,74413000.000000,3266000.000000,638632000.000000,,0.000000,377465000.000000,253366000.000000,124099000.000000,1037970000.000000,624928000.000000,413042000.000000,12711000.000000,0.000000,50583000.000000,-387000.000000,0.000000,50196000.000000,-85350000.000000,-77975000.000000,46592000.000000,1273000.000000,-15962000.000000,-15962000.000000,-15962000.000000,0.000000,0.000000,-0.029000,219653000.000000,-12224000.000000,519135000.000000,0.000000,12.471000,-111.743000,-111.714000,87442000.000000,0.000000,23.460000,4.610000,4.637000,309021000.000000,-810974000.000000,551505000.000000,551505000.000000,78126000.000000,,,,,39593000.000000,122904000.000000,1.000000,374104034.000000,376357000.000000,376357000.000000,1.465000,1667301000.000000,0.000000,472000.000000,0.000000,4.430000
MRQ,2017-09-30,2017-09-30,2017-09-30,2017-Q3,756198000.000000,11054349550.000000,2025-05-01,-393000.000000,2083852000.000000,,1686877000.000000,396975000.000000,,1.909000,-5742000.000000,693510000.000000,693510000.000000,366543000.000000,-16098000.000000,1.813000,1.843000,354237000.000000,0.000000,354237000.000000,354237000.000000,0.000000,9085000.000000,0.000000,0.000000,0.000000,-13665000.000000,-4580000.000000,-0.008000,-4580000.000000,-13665000.000000,-16745000.000000,-0.040000,-0.040000,-0.040000,732909000.000000,,732909000.000000,10650608550.000000,-198.000000,-660.421000,33985000.000000,0.089000,1.000000,218616000.000000,0.374000,72609000.000000,3080000.000000,741291000.000000,,0.000000,459625000.000000,268290000.000000,191335000.000000,1350943000.000000,930679000.000000,420264000.000000,-60191000.000000,0.000000,22026000.000000,-386000.000000,0.000000,3342000.000000,-104765000.000000,-99023000.000000,39727000.000000,1505000.000000,-16098000.000000,-16098000.000000,-16098000.000000,0.000000,0.000000,-0.028000,233507000.000000,-14891000.000000,822284000.000000,0.000000,15.083000,-177.389000,-180.062000,88666000.000000,0.000000,28.810000,5.392000,5.396000,587630000.000000,-827072000.000000,585159000.000000,585159000.000000,82547000.000000,,,,,40048000.000000,130845000.000000,1.000000,383698353.000000,383951000.000000,383951000.000000,1.524000,2011243000.000000,0.000000,-647000.000000,0.000000,5.238000
MRQ,2017-12-31,2017-12-31,2017-12-31,2017-Q4,805467000.000000,13471640148.000000,2025-05-01,-1318000.000000,2187270000.000000,,1778294000.000000,408976000.000000,,2.015000,-6472000.000000,735081000.000000,735081000.000000,376205000.000000,-15663000.000000,1.828000,1.782000,358572000.000000,0.000000,358572000.000000,358572000.000000,0.000000,9632000.000000,0.000000,0.000000,0.000000,-13365000.000000,-3733000.000000,-0.006000,-3733000.000000,-13365000.000000,-15848000.000000,-0.040000,-0.040000,-0.040000,786333000.000000,,786333000.000000,13132367148.000000,-250.000000,-856.533000,-9078000.000000,-0.023000,1.000000,239830000.000000,0.389000,72661000.000000,2483000.000000,765273000.000000,,0.000000,446663000.000000,242996000.000000,203667000.000000,1400937000.000000,972827000.000000,428110000.000000,41571000.000000,-315000.000000,50615000.000000,1020000.000000,0.000000,23812000.000000,19898000.000000,26685000.000000,-2606000.000000,467000.000000,-15663000.000000,-15663000.000000,-15663000.000000,0.000000,0.000000,-0.025000,252839000.000000,-13009000.000000,848524000.000000,0.000000,17.132000,-214.472000,-203.941000,91496000.000000,0.000000,34.670000,6.084000,5.940000,620523000.000000,-842735000.000000,616035000.000000,616035000.000000,92633000.000000,,,,,44525000.000000,143139000.000000,1.000000,388567642.000000,390147000.000000,390147000.000000,1.579000,2114609000.000000,0.000000,-185000.000000,0.000000,5.420000
MRQ,2018-03-31,2018-03-31,2018-03-31,2018-Q1,858651000.000000,19500729271.000000,2025-05-01,-1294000.000000,2379612000.000000,,1990383000.000000,389229000.000000,,2.046000,-8083000.000000,776076000.000000,776076000.000000,413433000.000000,-23986000.000000,1.759000,1.938000,362965000.000000,0.000000,362965000.000000,362965000.000000,0.000000,10160000.000000,0.000000,0.000000,0.000000,-21699000.000000,-11539000.000000,-0.017000,-11539000.000000,-21699000.000000,-23811000.000000,-0.060000,-0.060000,-0.060000,809980000.000000,,809980000.000000,19124220271.000000,-314.000000,-833.263000,43970000.000000,0.111000,1.000000,255170000.000000,0.382000,72465000.000000,2112000.000000,762304000.000000,,0.000000,455541000.000000,278869000.000000,176672000.000000,1569632000.000000,1131732000.000000,437900000.000000,40995000.000000,-1055000.000000,31354000.000000,-665000.000000,0.000000,3038000.000000,-15493000.000000,-4771000.000000,52053000.000000,1397000.000000,-23986000.000000,-23986000.000000,-23986000.000000,0.000000,0.000000,-0.036000,276162000.000000,-20992000.000000,1018212000.000000,0.000000,24.076000,-271.943000,-273.333000,98170000.000000,0.000000,49.200000,8.054000,8.046000,700646000.000000,-871307000.000000,668603000.000000,668603000.000000,105095000.000000,,,,,46824000.000000,152767000.000000,1.000000,396356286.000000,395948000.000000,395948000.000000,1.689000,2307147000.000000,0.000000,175000.000000,0.000000,5.827000
MRQ,2018-06-30,2018-06-30,2018-06-30,2018-Q2,1553986000.000000,24698835485.000000,2025-05-01,-4456000.000000,3554827000.000000,,2869896000.000000,684931000.000000,,2.682000,-15060000.000000,1428372000.000000,1428372000.000000,499122000.000000,-5906000.000000,2.181000,2.287000,1071437000.000000,0.000000,1071437000.000000,1071437000.000000,0.000000,12328000.000000,0.000000,0.000000,0.000000,-1832000.000000,10496000.000000,0.013000,10496000.000000,-1832000.000000,-5302000.000000,-0.010000,-0.010000,-0.010000,1081629000.000000,,1081629000.000000,24285724485.000000,-480.000000,-2595.738000,3919000.000000,0.010000,1.000000,315816000.000000,0.388000,341170000.000000,3470000.000000,1540812000.000000,,0.000000,486789000.000000,318639000.000000,168150000.000000,2473198000.000000,1315910000.000000,1157288000.000000,652296000.000000,-110773000.000000,147970000.000000,854953000.000000,0.000000,788773000.000000,-150554000.000000,-24721000.000000,18979000.000000,-4902000.000000,-5906000.000000,-5906000.000000,-5906000.000000,0.000000,0.000000,-0.007000,318463000.000000,-2647000.000000,1151252000.000000,0.000000,22.835000,-400.610000,-410.933000,121708000.000000,0.000000,61.640000,9.200000,9.260000,806688000.000000,-877213000.000000,814938000.000000,814938000.000000,114800000.000000,,,,,52119000.000000,181015000.000000,1.000000,400694930.000000,403301000.000000,403301000.000000,2.021000,3213657000.000000,0.000000,604000.000000,0.000000,7.968000
MRQ,2018-09-30,2018-09-30,2018-09-30,2018-Q3,1013831000.000000,40636485587.000000,2025-05-01,-6345000.000000,3973368000.000000,,2877368000.000000,1096000000.000000,,2.739000,-14030000.000000,765070000.000000,765070000.000000,529448000.000000,19643000.000000,1.544000,2.541000,1023947000.000000,125971000.000000,897976000.000000,1023947000.000000,0.000000,15835000.000000,0.000000,0.000000,0.000000,27933000.000000,43768000.000000,0.050000,43768000.000000,27933000.000000,20709000.000000,0.050000,0.040000,0.050000,1122144000.000000,,1122144000.000000,40279550587.000000,-4494.000000,1033.021000,33598000.000000,0.082000,1.000000,352660000.000000,0.400000,341094000.000000,7224000.000000,2027614000.000000,,0.000000,1059868000.000000,522205000.000000,537663000.000000,2851224000.000000,1863537000.000000,987687000.000000,-663302000.000000,-571000.000000,27581000.000000,-68672000.000000,0.000000,-101073000.000000,-609208000.000000,-594607000.000000,47628000.000000,-649000.000000,19643000.000000,19643000.000000,19643000.000000,0.000000,0.000000,0.022000,362527000.000000,-9867000.000000,1530830000.000000,0.000000,36.213000,-1568.250000,-1650.167000,130145000.000000,0.000000,99.010000,13.629000,13.604000,1194701000.000000,-857570000.000000,882108000.000000,882108000.000000,135773000.000000,,,,,58913000.000000,201864000.000000,1.000000,410428094.000000,409690000.000000,474915000.000000,2.153000,3632274000.000000,0.000000,1066000.000000,0.000000,8.866000
MRQ,2018-12-31,2018-12-31,2018-12-31,2018-Q4,1093364000.000000,23193080608.000000,2025-05-01,-6053000.000000,3281023000.000000,,2111905000.000000,1169118000.000000,,2.707000,-24030000.000000,583173000.000000,583173000.000000,552474000.000000,-28204000.000000,2.073000,1.928000,899695000.000000,0.000000,899695000.000000,899695000.000000,0.000000,22638000.000000,0.000000,0.000000,0.000000,-22547000.000000,91000.000000,0.000000,91000.000000,-22547000.000000,-27723000.000000,-0.060000,-0.060000,-0.060000,1120501000.000000,,1120501000.000000,23451957608.000000,-1292.000000,547.738000,152390000.000000,0.368000,1.000000,380054000.000000,0.408000,338807000.000000,5176000.000000,2240197000.000000,,0.000000,1095645000.000000,630965000.000000,464680000.000000,2160522000.000000,1018541000.000000,1141981000.000000,-132223000.000000,0.000000,39070000.000000,-149337000.000000,0.000000,-174983000.000000,-130593000.000000,-106563000.000000,176420000.000000,-3067000.000000,-28204000.000000,-28204000.000000,-28204000.000000,0.000000,0.000000,-0.030000,383162000.000000,-3108000.000000,803352000.000000,0.000000,20.699000,-603.154000,-623.222000,291402000.000000,0.000000,56.090000,7.032000,6.900000,364946000.000000,-885774000.000000,932528000.000000,932528000.000000,141811000.000000,,,,,59025000.000000,214750000.000000,1.000000,413497604.000000,413984000.000000,413984000.000000,2.253000,2942216000.000000,0.000000,481000.000000,0.000000,7.107000
MRQ,2019-03-31,2019-03-31,2019-03-31,2019-Q1,1082963000.000000,31443504972.000000,2025-05-01,-3424000.000000,4402591000.000000,,3266522000.000000,1136069000.000000,,2.675000,-18168000.000000,569329000.000000,569329000.000000,562605000.000000,-38151000.000000,1.496000,2.925000,1044899000.000000,23041000.000000,1021858000.000000,1044899000.000000,0.000000,25661000.000000,0.000000,0.000000,0.000000,-33341000.000000,-7680000.000000,-0.008000,-7680000.000000,-33341000.000000,-38022000.000000,-0.090000,-0.090000,-0.090000,1121589000.000000,,1121589000.000000,31710352972.000000,-1065.000000,679.386000,14276000.000000,0.034000,1.000000,396754000.000000,0.414000,346709000.000000,4681000.000000,2347893000.000000,,0.000000,1171073000.000000,690010000.000000,481063000.000000,3281002000.000000,2183559000.000000,1097443000.000000,-63518000.000000,-11248000.000000,25328000.000000,0.000000,0.000000,-26852000.000000,-70387000.000000,-40971000.000000,32444000.000000,1277000.000000,-38151000.000000,-38151000.000000,-38151000.000000,0.000000,0.000000,-0.040000,418796000.000000,-22042000.000000,1928015000.000000,0.000000,28.035000,-597.581000,-681.091000,245662000.000000,0.000000,74.920000,8.761000,8.753000,1391078000.000000,-923925000.000000,959359000.000000,959359000.000000,154350000.000000,,,,,61088000.000000,235311000.000000,1.000000,419694407.000000,419289000.000000,419289000.000000,2.288000,4055882000.000000,0.000000,129000.000000,0.000000,9.673000
MRQ,2019-06-30,2019-06-30,2019-06-30,2019-Q2,1153052000.000000,30677783890.000000,2025-05-01,-926000.000000,4654006000.000000,,3528646000.000000,1125360000.000000,,2.798000,-11994000.000000,662863000.000000,662863000.000000,708393000.000000,-6740000.000000,1.485000,2.929000,1051246000.000000,24955000.000000,1026291000.000000,1051246000.000000,0.000000,26447000.000000,0.000000,0.000000,0.000000,-2073000.000000,24374000.000000,0.021000,24374000.000000,-2073000.000000,-7216000.000000,-0.020000,-0.020000,-0.020000,1184472000.000000,,1184472000.000000,31153353890.000000,-1037.000000,514.481000,121398000.000000,0.287000,1.000000,465845000.000000,0.397000,354377000.000000,5143000.000000,2312418000.000000,,0.000000,1169544000.000000,708717000.000000,460827000.000000,3469534000.000000,2375594000.000000,1093940000.000000,93534000.000000,-9124000.000000,41593000.000000,0.000000,0.000000,-15553000.000000,-25368000.000000,-4250000.000000,133392000.000000,1063000.000000,-6740000.000000,-6740000.000000,-6740000.000000,0.000000,0.000000,-0.006000,466688000.000000,-843000.000000,2092780000.000000,0.000000,25.900000,-573.931000,-604.417000,238556000.000000,0.000000,72.530000,7.770000,7.776000,1506194000.000000,-930665000.000000,1174238000.000000,1174238000.000000,174201000.000000,,,,,79466000.000000,256929000.000000,1.000000,422966826.000000,423305000.000000,423305000.000000,2.774000,4299629000.000000,0.000000,-476000.000000,0.000000,10.157000
MRQ,2019-09-30,2019-09-30,2019-09-30,2019-Q3,1113865000.000000,26460745812.000000,2025-05-01,-2387000.000000,4000504000.000000,,2758766000.000000,1241738000.000000,,2.926000,-15664000.000000,653870000.000000,653870000.000000,766437000.000000,29397000.000000,1.677000,2.201000,1061105000.000000,25779000.000000,1035326000.000000,1061105000.000000,0.000000,26721000.000000,0.000000,0.000000,0.000000,37635000.000000,64356000.000000,0.051000,64356000.000000,37635000.000000,32003000.000000,0.070000,0.060000,0.070000,1249794000.000000,,1249794000.000000,26849128812.000000,-1321.000000,330.895000,223083000.000000,0.522000,1.000000,500037000.000000,0.395000,338767000.000000,5632000.000000,2424071000.000000,,0.000000,1242940000.000000,678432000.000000,564508000.000000,2750710000.000000,1644901000.000000,1105809000.000000,-8993000.000000,0.000000,14860000.000000,0.000000,0.000000,-43804000.000000,-200923000.000000,-185259000.000000,238747000.000000,-3013000.000000,29397000.000000,29397000.000000,29397000.000000,0.000000,0.000000,0.023000,467943000.000000,32094000.000000,1349631000.000000,0.000000,21.172000,-605.537000,-619.500000,242704000.000000,0.000000,61.950000,6.107000,6.107000,564492000.000000,-901268000.000000,1266474000.000000,1266474000.000000,168771000.000000,,,,,77426000.000000,265447000.000000,1.000000,427130683.000000,427124000.000000,466099000.000000,2.965000,3661737000.000000,0.000000,2606000.000000,0.000000,8.573000
MRQ,2019-12-31,2019-12-31,2019-12-31,2019-Q4,1525716000.000000,26880873201.000000,2025-05-01,1629000.000000,4551258000.000000,,3219801000.000000,1331457000.000000,,3.986000,-16672000.000000,1047118000.000000,1047118000.000000,786380000.000000,390940000.000000,1.901000,1.654000,1074937000.000000,27275000.000000,1047662000.000000,1074937000.000000,0.000000,26465000.000000,0.000000,0.000000,0.000000,397508000.000000,423973000.000000,0.323000,423973000.000000,397508000.000000,391448000.000000,0.920000,0.850000,0.920000,1715050000.000000,,1715050000.000000,27288108201.000000,68.000000,54.033000,-93625000.000000,-0.218000,1.000000,527049000.000000,0.401000,335424000.000000,6060000.000000,2549568000.000000,,0.000000,1194593000.000000,657290000.000000,537303000.000000,2836208000.000000,1694085000.000000,1142123000.000000,649042000.000000,309324000.000000,36733000.000000,0.000000,0.000000,329610000.000000,391871000.000000,99219000.000000,-76953000.000000,4514000.000000,390940000.000000,390940000.000000,390940000.000000,0.000000,0.000000,0.298000,509701000.000000,17348000.000000,1368969000.000000,0.000000,15.674000,71.597000,71.091000,262342000.000000,0.000000,62.560000,5.703000,5.641000,588692000.000000,-510328000.000000,1313429000.000000,1313429000.000000,176843000.000000,,,,,79883000.000000,304317000.000000,1.000000,429681477.000000,430279000.000000,466076000.000000,3.053000,4215834000.000000,0.000000,508000.000000,0.000000,9.798000
MRQ,2020-03-31,2020-03-31,2020-03-31,2020-Q1,2385317000.000000,22797594634.000000,2025-05-01,-3432000.000000,6003873000.000000,,4389975000.000000,1613898000.000000,,4.157000,-26137000.000000,1962316000.000000,1962316000.000000,842608000.000000,-105891000.000000,2.190000,2.321000,2147744000.000000,37335000.000000,2110409000.000000,2147744000.000000,0.000000,35186000.000000,0.000000,0.000000,0.000000,-96150000.000000,-60964000.000000,-0.044000,-60964000.000000,-96150000.000000,-105356000.000000,-0.240000,-0.240000,-0.240000,1807945000.000000,,1807945000.000000,22825413634.000000,68.000000,50.528000,95159000.000000,0.219000,1.000000,538501000.000000,0.390000,370469000.000000,9206000.000000,3814174000.000000,,0.000000,1212009000.000000,682549000.000000,529460000.000000,4195928000.000000,2004658000.000000,2191270000.000000,911211000.000000,-12742000.000000,130906000.000000,986241000.000000,0.000000,918120000.000000,-114617000.000000,-75738000.000000,121296000.000000,-13588000.000000,-105891000.000000,-105891000.000000,-105891000.000000,0.000000,0.000000,-0.077000,628789000.000000,-90288000.000000,1574589000.000000,0.000000,12.610000,74.089000,71.753000,564117000.000000,0.000000,52.380000,4.439000,4.436000,521629000.000000,-616219000.000000,1381109000.000000,1381109000.000000,194986000.000000,,,,,77303000.000000,324030000.000000,1.000000,435234720.000000,434940000.000000,434940000.000000,3.175000,5633404000.000000,0.000000,535000.000000,0.000000,12.952000
MRQ,2020-06-30,2020-06-30,2020-06-30,2020-Q2,2554554000.000000,46105520280.000000,2025-05-01,4366000.000000,7812272000.000000,,6187070000.000000,1625202000.000000,,4.377000,-30424000.000000,1972762000.000000,1972762000.000000,1326862000.000000,-11478000.000000,1.703000,3.056000,2654620000.000000,491391000.000000,2163229000.000000,2654620000.000000,0.000000,38274000.000000,0.000000,0.000000,0.000000,2539000.000000,40813000.000000,0.021000,40813000.000000,2539000.000000,-12230000.000000,-0.030000,-0.030000,-0.030000,1926307000.000000,,1926307000.000000,46290948280.000000,136.000000,98.875000,-303553000.000000,-0.690000,1.000000,596763000.000000,0.310000,395561000.000000,14769000.000000,4466053000.000000,,0.000000,1728532000.000000,1281847000.000000,446685000.000000,5885965000.000000,3632516000.000000,2253449000.000000,-3709000.000000,-5612000.000000,46679000.000000,447764000.000000,0.000000,448692000.000000,-187678000.000000,-151642000.000000,-273129000.000000,8406000.000000,-11478000.000000,-11478000.000000,-11478000.000000,0.000000,0.000000,-0.006000,619815000.000000,-23052000.000000,2747549000.000000,0.000000,23.935000,152.180000,145.750000,616507000.000000,0.000000,104.940000,7.835000,7.849000,879464000.000000,-627697000.000000,1923625000.000000,1923625000.000000,207730000.000000,,,,,96410000.000000,374482000.000000,1.000000,439351251.000000,440117000.000000,440117000.000000,4.371000,7416711000.000000,0.000000,-752000.000000,0.000000,16.852000
MRQ,2020-09-30,2020-09-30,2020-09-30,2020-Q3,2665559000.000000,72096085637.000000,2025-05-01,11910000.000000,8114276000.000000,,6491270000.000000,1623006000.000000,,4.641000,-29792000.000000,2118808000.000000,2118808000.000000,2239419000.000000,36515000.000000,1.697000,2.934000,2668131000.000000,524537000.000000,2143594000.000000,2668131000.000000,0.000000,39063000.000000,0.000000,0.000000,0.000000,50126000.000000,89189000.000000,0.029000,89189000.000000,50126000.000000,35146000.000000,0.080000,0.070000,0.080000,2062835000.000000,,2062835000.000000,72777943637.000000,206.000000,147.619000,382918000.000000,0.862000,1.000000,794455000.000000,0.262000,408182000.000000,14980000.000000,4429706000.000000,,0.000000,1685729000.000000,1286607000.000000,399122000.000000,6051441000.000000,3825711000.000000,2225730000.000000,153858000.000000,-10867000.000000,28515000.000000,25732000.000000,0.000000,-35388000.000000,-229418000.000000,-188759000.000000,412710000.000000,5954000.000000,36515000.000000,36515000.000000,36515000.000000,0.000000,0.000000,0.012000,745113000.000000,49342000.000000,2873788000.000000,0.000000,34.950000,232.504000,222.671000,646120000.000000,0.000000,162.550000,9.422000,9.441000,846786000.000000,-591182000.000000,3033874000.000000,3033874000.000000,227550000.000000,,,,,110416000.000000,502365000.000000,1.000000,443531748.000000,444458000.000000,488069000.000000,6.826000,7706094000.000000,0.000000,-1369000.000000,0.000000,17.338000
MRQ,2020-12-31,2020-12-31,2020-12-31,2020-Q4,3635525000.000000,98141885152.000000,2025-05-01,23328000.000000,9869550000.000000,,7761629000.000000,2107921000.000000,,5.920000,-52049000.000000,3158058000.000000,3158058000.000000,2355280000.000000,293959000.000000,1.881000,2.681000,3493427000.000000,516841000.000000,2976586000.000000,3493427000.000000,0.000000,41942000.000000,0.000000,0.000000,0.000000,316395000.000000,358337000.000000,0.113000,358337000.000000,316395000.000000,298407000.000000,0.660000,0.620000,0.660000,2681569000.000000,,2681569000.000000,98691208152.000000,362.000000,230.924000,-139816000.000000,-0.309000,1.000000,803690000.000000,0.254000,454313000.000000,17988000.000000,5624502000.000000,,0.000000,1621727000.000000,1157777000.000000,463950000.000000,7187981000.000000,4126104000.000000,3061877000.000000,2194844000.000000,-50000000.000000,187980000.000000,782756000.000000,0.000000,2345311000.000000,-74923000.000000,27126000.000000,-87767000.000000,12223000.000000,293959000.000000,293959000.000000,293959000.000000,0.000000,0.000000,0.093000,758507000.000000,45183000.000000,3248413000.000000,0.000000,36.599000,460.533000,453.417000,690408000.000000,0.000000,217.640000,10.333000,10.154000,1024895000.000000,-297223000.000000,3158970000.000000,3158970000.000000,250670000.000000,,,,,113671000.000000,487996000.000000,1.000000,450936800.000000,452939000.000000,482167000.000000,6.974000,9415237000.000000,0.000000,4448000.000000,0.000000,20.787000
MRQ,2021-03-31,2021-03-31,2021-03-31,2021-Q1,3757754000.000000,103220258553.000000,2025-05-01,10199000.000000,11348720000.000000,,9318856000.000000,2029864000.000000,,5.087000,-34149000.000000,3022485000.000000,3022485000.000000,4093769000.000000,39008000.000000,1.676000,3.904000,4200264000.000000,819693000.000000,3380571000.000000,4200264000.000000,0.000000,49633000.000000,0.000000,0.000000,0.000000,40208000.000000,89841000.000000,0.018000,89841000.000000,40208000.000000,39955000.000000,0.090000,0.080000,0.090000,2314373000.000000,,2314373000.000000,103555627553.000000,253.000000,179.106000,-63342000.000000,-0.139000,1.000000,963501000.000000,0.191000,446233000.000000,253000.000000,6519164000.000000,,0.000000,1909374000.000000,1386832000.000000,522542000.000000,9034347000.000000,5561102000.000000,3473245000.000000,924166000.000000,0.000000,32891000.000000,300114000.000000,0.000000,1119588000.000000,-158023000.000000,-123874000.000000,-29193000.000000,-8206000.000000,39008000.000000,39008000.000000,39008000.000000,0.000000,0.000000,0.008000,895765000.000000,67736000.000000,4292785000.000000,0.000000,44.600000,288.322000,283.812000,709033000.000000,0.000000,227.050000,7.835000,7.841000,1109505000.000000,-155241000.000000,5057270000.000000,5057270000.000000,310141000.000000,,,,,118623000.000000,545369000.000000,1.000000,454614660.000000,454973000.000000,501353000.000000,11.116000,10902487000.000000,0.000000,947000.000000,0.000000,23.963000
MRQ,2021-06-30,2021-06-30,2021-06-30,2021-Q2,5353465000.000000,111018877114.000000,2025-05-01,7838000.000000,13815688000.000000,,11000235000.000000,2815453000.000000,,5.904000,-32479000.000000,4581234000.000000,4581234000.000000,3539608000.000000,203678000.000000,1.948000,4.120000,6126633000.000000,880785000.000000,5245848000.000000,6126633000.000000,0.000000,49009000.000000,0.000000,0.000000,0.000000,201125000.000000,250134000.000000,0.053000,250134000.000000,201125000.000000,194661000.000000,0.450000,0.400000,0.450000,2688852000.000000,,2688852000.000000,112196656114.000000,185.000000,142.472000,242868000.000000,0.533000,1.000000,1141064000.000000,0.244000,763596000.000000,6464000.000000,8950721000.000000,,0.000000,2769398000.000000,1822305000.000000,947093000.000000,11078987000.000000,5646770000.000000,5432217000.000000,1302849000.000000,-164304000.000000,39264000.000000,2031303000.000000,0.000000,1801404000.000000,-775016000.000000,-578233000.000000,275347000.000000,1114000.000000,204021000.000000,204021000.000000,204021000.000000,0.000000,-343000.000000,0.044000,1016070000.000000,124994000.000000,4250172000.000000,0.000000,41.289000,193.580000,190.469000,722160000.000000,0.000000,243.800000,6.969000,6.970000,1155757000.000000,48780000.000000,4680672000.000000,4680672000.000000,324059000.000000,,,,,146365000.000000,594743000.000000,1.000000,455368651.000000,455431000.000000,522578000.000000,10.277000,13052092000.000000,0.000000,-9360000.000000,0.000000,28.659000
MRQ,2021-09-30,2021-09-30,2021-09-30,2021-Q3,5012892000.000000,110253956568.000000,2025-05-01,-7411000.000000,13909426000.000000,,10562037000.000000,3347389000.000000,,6.425000,-31400000.000000,4514609000.000000,4514609000.000000,2711512000.000000,-2876000.000000,1.903000,3.684000,5914659000.000000,786140000.000000,5128519000.000000,5914659000.000000,0.000000,59043000.000000,0.000000,0.000000,0.000000,13945000.000000,72988000.000000,0.019000,72988000.000000,13945000.000000,536000.000000,0.000000,0.000000,0.000000,2959825000.000000,,2959825000.000000,111799355568.000000,196.000000,144.949000,375922000.000000,0.816000,1.000000,1133215000.000000,0.295000,788240000.000000,13409000.000000,8972091000.000000,,0.000000,3028002000.000000,1576895000.000000,1451107000.000000,10904712000.000000,5549145000.000000,5355567000.000000,-234447000.000000,334000.000000,12711000.000000,-98025000.000000,0.000000,-310970000.000000,-323580000.000000,-292514000.000000,407322000.000000,-7219000.000000,84000.000000,84000.000000,84000.000000,0.000000,-2960000.000000,0.000000,1110219000.000000,22996000.000000,4108510000.000000,,37.250000,205.287000,199.867000,723534000.000000,0.000000,239.840000,6.586000,6.599000,1211886000.000000,48864000.000000,3844727000.000000,3844727000.000000,360729000.000000,,,,,165011000.000000,676421000.000000,1.000000,459697951.000000,460654000.000000,504120000.000000,8.346000,13121186000.000000,0.000000,452000.000000,0.000000,28.484000
MRQ,2021-12-31,2021-12-31,2021-12-31,2021-Q4,5085824000.000000,74500628132.000000,2025-05-01,-16435000.000000,15026360000.000000,,11621524000.000000,3404836000.000000,,7.075000,-36292000.000000,4443669000.000000,4443669000.000000,2896491000.000000,-80984000.000000,1.778000,3.579000,5452213000.000000,497988000.000000,4954225000.000000,5452213000.000000,0.000000,60209000.000000,0.000000,0.000000,0.000000,-57234000.000000,2975000.000000,0.001000,2975000.000000,-57234000.000000,-70232000.000000,-0.170000,-0.150000,-0.170000,3272855000.000000,,3272855000.000000,75900678132.000000,383.000000,182.481000,158062000.000000,0.342000,1.000000,1182043000.000000,0.290000,776325000.000000,12998000.000000,8722879000.000000,,0.000000,2913653000.000000,1387223000.000000,1526430000.000000,11712771000.000000,6535700000.000000,5177071000.000000,189351000.000000,0.000000,41853000.000000,-228125000.000000,0.000000,42012000.000000,-54260000.000000,-17968000.000000,194354000.000000,7245000.000000,-76829000.000000,-76829000.000000,-76829000.000000,0.000000,-4155000.000000,-0.019000,1236657000.000000,-54614000.000000,4234235000.000000,0.000000,22.763000,448.032000,448.639000,731546000.000000,0.000000,161.510000,4.218000,4.192000,1171612000.000000,-27965000.000000,4078534000.000000,4078534000.000000,391343000.000000,,,,,178041000.000000,783626000.000000,1.000000,461275637.000000,462611000.000000,446504000.000000,8.816000,14250035000.000000,0.000000,6597000.000000,15236000.000000,30.803000
MRQ,2022-03-31,2022-03-31,2022-03-31,2022-Q1,5830663000.000000,78655871851.000000,2025-05-01,218357000.000000,29127467000.000000,,11860684000.000000,17266783000.000000,,32.161000,-41187000.000000,3993565000.000000,3993565000.000000,2665685000.000000,-207363000.000000,1.967000,0.671000,5361683000.000000,196029000.000000,5165654000.000000,5361683000.000000,0.000000,92752000.000000,0.000000,0.000000,0.000000,-190153000.000000,-97401000.000000,-0.025000,-97401000.000000,-190153000.000000,-205901000.000000,-0.380000,-0.380000,-0.380000,17412822000.000000,,17412822000.000000,79727987851.000000,-2467.000000,348.620000,188236000.000000,0.348000,1.000000,1294960000.000000,0.327000,14704129000.000000,15748000.000000,9761435000.000000,,0.000000,3791303000.000000,2458164000.000000,1333139000.000000,11677075000.000000,6030021000.000000,5647054000.000000,390532000.000000,570703000.000000,4093000.000000,-1351736000.000000,0.000000,-968556000.000000,1130613000.000000,601097000.000000,229423000.000000,-948000.000000,-204199000.000000,-204199000.000000,-204199000.000000,0.000000,-3164000.000000,-0.052000,1521749000.000000,-226789000.000000,4899628000.000000,0.000000,4.517000,-1022.527000,-1356.000000,758161000.000000,0.000000,135.600000,4.748000,4.432000,1341852000.000000,-232164000.000000,3960645000.000000,3960645000.000000,458224000.000000,,,,,275423000.000000,945711000.000000,1.000000,580058052.000000,541435000.000000,541435000.000000,7.315000,14423338000.000000,0.000000,-1702000.000000,238683000.000000,26.639000
MRQ,2022-06-30,2022-06-30,2022-06-30,2022-Q2,5565349000.000000,35677773259.000000,2025-05-01,-429916000.000000,28885160000.000000,,12526335000.000000,16358825000.000000,,28.993000,-44233000.000000,4020466000.000000,4020466000.000000,2934851000.000000,-209277000.000000,1.800000,0.712000,5283557000.000000,653507000.000000,4630050000.000000,5283557000.000000,0.000000,116014000.000000,0.000000,0.000000,0.000000,-193744000.000000,-77730000.000000,-0.018000,-77730000.000000,-193744000.000000,-206710000.000000,-0.360000,-0.360000,-0.360000,16855104000.000000,,16855104000.000000,37045891259.000000,-87.000000,-373.567000,-158859000.000000,-0.273000,1.000000,1469648000.000000,0.334000,14130213000.000000,12966000.000000,9057052000.000000,,0.000000,3688229000.000000,2668889000.000000,1019340000.000000,11993749000.000000,6960986000.000000,5032763000.000000,-211093000.000000,-31229000.000000,39024000.000000,-55500000.000000,0.000000,-271643000.000000,209670000.000000,285132000.000000,-114626000.000000,-34494000.000000,-208014000.000000,-208014000.000000,-208014000.000000,0.000000,-1263000.000000,-0.047000,1683421000.000000,-213773000.000000,4810611000.000000,0.000000,2.117000,-72.967000,-67.538000,754459000.000000,0.000000,61.460000,2.190000,2.194000,1472908000.000000,-440178000.000000,4404499000.000000,4404499000.000000,524827000.000000,,,,,256638000.000000,926547000.000000,1.000000,580503958.000000,581350000.000000,581350000.000000,7.576000,14754947000.000000,0.000000,1304000.000000,189198000.000000,25.380000
MRQ,2022-09-30,2022-09-30,2022-09-30,2022-Q3,6270196000.000000,32454748704.000000,2025-05-01,-1046639000.000000,29120932000.000000,,13548761000.000000,15572171000.000000,,27.836000,-36289000.000000,4331787000.000000,4331787000.000000,2948452000.000000,-18744000.000000,1.861000,0.763000,5518055000.000000,561590000.000000,4956465000.000000,5518055000.000000,0.000000,111808000.000000,0.000000,0.000000,0.000000,-25958000.000000,85850000.000000,0.019000,85850000.000000,-25958000.000000,-32000000.000000,-0.020000,-0.020000,-0.020000,16497664000.000000,,16497664000.000000,33717839704.000000,-72.000000,-390.678000,-20552000.000000,-0.035000,1.000000,1567089000.000000,0.347000,13588860000.000000,6042000.000000,9439775000.000000,,0.000000,3570960000.000000,2768080000.000000,802880000.000000,12590994000.000000,7278565000.000000,5312429000.000000,479965000.000000,-21000.000000,6116000.000000,269757000.000000,0.000000,358791000.000000,164967000.000000,201277000.000000,15737000.000000,-59530000.000000,-14711000.000000,-14711000.000000,-14711000.000000,0.000000,-4033000.000000,-0.003000,1615878000.000000,-48789000.000000,5220811000.000000,0.000000,1.967000,-64.426000,-59.129000,741897000.000000,0.000000,54.990000,1.914000,1.922000,1761694000.000000,-454889000.000000,4515541000.000000,4515541000.000000,548037000.000000,,,,,262733000.000000,881275000.000000,1.000000,590193648.000000,592672000.000000,592672000.000000,7.619000,15532072000.000000,0.000000,-17289000.000000,159498000.000000,26.207000
MRQ,2022-12-31,2022-12-31,2022-12-31,2022-Q4,7188889000.000000,37582787798.000000,2025-05-01,-523090000.000000,31364340000.000000,,15623405000.000000,15740935000.000000,,28.748000,-49106000.000000,4544202000.000000,4544202000.000000,2990707000.000000,-117621000.000000,1.852000,0.819000,6265910000.000000,921596000.000000,5344314000.000000,6265910000.000000,0.000000,149760000.000000,0.000000,0.000000,0.000000,-106976000.000000,42784000.000000,0.009000,42784000.000000,-106976000.000000,-108448000.000000,-0.180000,-0.180000,-0.180000,17222879000.000000,,17222879000.000000,38769055798.000000,-75.000000,-833.797000,-3737000.000000,-0.006000,1.000000,1660195000.000000,0.357000,13980795000.000000,1472000.000000,10670737000.000000,,0.000000,4000476000.000000,3427047000.000000,573429000.000000,14112985000.000000,8434516000.000000,5678469000.000000,801412000.000000,0.000000,32535000.000000,814339000.000000,0.000000,978988000.000000,-279554000.000000,-230448000.000000,45369000.000000,56609000.000000,-113823000.000000,-113823000.000000,-113823000.000000,0.000000,-3798000.000000,-0.024000,1795376000.000000,-135181000.000000,6011161000.000000,0.000000,2.182000,-69.502000,-67.570000,702474000.000000,0.000000,62.840000,2.144000,2.075000,2416324000.000000,-568712000.000000,4650902000.000000,4650902000.000000,604524000.000000,,,,,276484000.000000,991267000.000000,1.000000,598071098.000000,599094000.000000,599094000.000000,7.763000,17383545000.000000,0.000000,5375000.000000,132498000.000000,29.016000
MRQ,2023-03-31,2023-03-31,2023-03-31,2023-Q1,7194213000.000000,41329090735.000000,2025-05-01,-572561000.000000,31337327000.000000,,15900479000.000000,15436848000.000000,,28.974000,-32253000.000000,5061091000.000000,5061091000.000000,3275547000.000000,95828000.000000,1.826000,0.794000,5592284000.000000,765734000.000000,4826550000.000000,5592284000.000000,0.000000,117506000.000000,0.000000,0.000000,0.000000,77194000.000000,194700000.000000,0.039000,194700000.000000,77194000.000000,77194000.000000,0.160000,0.160000,0.160000,17448897000.000000,,17448897000.000000,43067638735.000000,-173.000000,175.354000,262148000.000000,0.435000,1.000000,1714584000.000000,0.344000,13868360000.000000,0.000000,9293894000.000000,,0.000000,3400122000.000000,2987375000.000000,412747000.000000,13862442000.000000,8706266000.000000,5156176000.000000,910275000.000000,0.000000,6825000.000000,-649658000.000000,0.000000,-9083000.000000,623924000.000000,656177000.000000,294401000.000000,1033000.000000,98316000.000000,98316000.000000,98316000.000000,0.000000,-2488000.000000,0.020000,1720756000.000000,-6172000.000000,6147834000.000000,0.000000,2.369000,-173.483000,-171.625000,344229000.000000,0.000000,68.650000,2.227000,2.227000,1897835000.000000,-585550000.000000,4990131000.000000,4990131000.000000,626937000.000000,,,,,279592000.000000,928836000.000000,1.000000,602026085.000000,602234000.000000,623579000.000000,8.286000,17468967000.000000,0.000000,-21122000.000000,0.000000,29.007000
MRQ,2023-06-30,2023-06-30,2023-06-30,2023-Q2,7602060000.000000,40267904219.000000,2025-05-01,-537378000.000000,31075924000.000000,,15841096000.000000,15234828000.000000,,29.252000,-29522000.000000,4745884000.000000,4745884000.000000,3668856000.000000,-105378000.000000,1.923000,0.750000,5250216000.000000,530321000.000000,4719895000.000000,5250216000.000000,0.000000,164628000.000000,0.000000,0.000000,0.000000,-110192000.000000,54436000.000000,0.010000,54436000.000000,-110192000.000000,-110192000.000000,-0.170000,-0.170000,-0.170000,17747156000.000000,,17747156000.000000,40799097219.000000,-246.000000,108.000000,83796000.000000,0.138000,1.000000,1866101000.000000,0.337000,13822323000.000000,0.000000,9518897000.000000,,0.000000,3545890000.000000,3248660000.000000,297230000.000000,13306116000.000000,8239036000.000000,5067080000.000000,-637712000.000000,0.000000,59137000.000000,-333909000.000000,0.000000,-711927000.000000,-45025000.000000,-15503000.000000,113318000.000000,5922000.000000,-102042000.000000,-102042000.000000,-102042000.000000,0.000000,-3336000.000000,-0.018000,1998208000.000000,-132107000.000000,5859615000.000000,0.000000,2.269000,-304.460000,-317.000000,282808000.000000,0.000000,66.570000,2.045000,2.051000,2055298000.000000,-708056000.000000,5534957000.000000,5534957000.000000,694672000.000000,,,,,319253000.000000,1086900000.000000,1.000000,604895662.000000,606692000.000000,606692000.000000,9.123000,17253601000.000000,0.000000,-8150000.000000,0.000000,28.439000
MRQ,2023-09-30,2023-09-30,2023-09-30,2023-Q3,8348485000.000000,27001972258.000000,2025-05-01,-802482000.000000,32554898000.000000,,17540600000.000000,15014298000.000000,,29.140000,-37682000.000000,5112293000.000000,5112293000.000000,3719044000.000000,-93544000.000000,1.908000,0.827000,5330624000.000000,51858000.000000,5278766000.000000,5330624000.000000,0.000000,135169000.000000,0.000000,0.000000,0.000000,-29014000.000000,106155000.000000,0.019000,106155000.000000,-29014000.000000,-7599000.000000,-0.150000,-0.150000,-0.150000,17812660000.000000,,17812660000.000000,27506304258.000000,-163.000000,69.098000,453483000.000000,0.742000,1.000000,1898449000.000000,0.338000,13528149000.000000,-21415000.000000,10052965000.000000,,0.000000,3879330000.000000,3453128000.000000,426202000.000000,14724392000.000000,9192115000.000000,5532277000.000000,-37739000.000000,0.000000,4454000.000000,101899000.000000,0.000000,-319563000.000000,-173931000.000000,-136249000.000000,491165000.000000,-35410000.000000,-88738000.000000,-88738000.000000,-88738000.000000,0.000000,-4806000.000000,-0.016000,1908357000.000000,-9908000.000000,7188467000.000000,0.000000,1.516000,-130.895000,-130.176000,268418000.000000,0.000000,44.260000,1.299000,1.301000,3689046000.000000,-737010000.000000,5617493000.000000,5617493000.000000,713788000.000000,,,,,345669000.000000,960266000.000000,1.000000,610076192.000000,611276000.000000,611276000.000000,9.190000,19026749000.000000,0.000000,81139000.000000,0.000000,31.126000
MRQ,2023-12-31,2023-12-31,2023-12-31,2023-Q4,8935653000.000000,47500093550.000000,2025-05-01,-378307000.000000,33031308000.000000,,17818697000.000000,15212611000.000000,,30.393000,-51694000.000000,4996465000.000000,4996465000.000000,3747290000.000000,81970000.000000,2.006000,0.767000,6017796000.000000,753035000.000000,5264761000.000000,6017796000.000000,0.000000,135455000.000000,0.000000,0.000000,0.000000,23649000.000000,159104000.000000,0.028000,159104000.000000,23649000.000000,42350000.000000,0.170000,0.170000,0.170000,18695256000.000000,,18695256000.000000,47718424550.000000,-1049.000000,94.065000,-849617000.000000,-1.381000,1.000000,2025752000.000000,0.351000,13681241000.000000,-18701000.000000,11488354000.000000,,0.000000,4323147000.000000,4072020000.000000,251127000.000000,14338472000.000000,8883044000.000000,5455428000.000000,338357000.000000,0.000000,-96795000.000000,672646000.000000,0.000000,800436000.000000,278233000.000000,329927000.000000,-797923000.000000,57611000.000000,102236000.000000,102236000.000000,102236000.000000,0.000000,-20266000.000000,0.018000,2156404000.000000,-130652000.000000,6795340000.000000,0.000000,2.541000,4860.836000,3867.500000,540757000.000000,0.000000,77.350000,2.167000,2.149000,3226294000.000000,-528429000.000000,5773042000.000000,5773042000.000000,685422000.000000,,,,,331583000.000000,1252197000.000000,1.000000,614093000.000000,615123000.000000,635795000.000000,9.385000,19350067000.000000,9397000.000000,-59886000.000000,35695000.000000,31.457000
MRQ,2024-03-31,2024-03-31,2024-03-31,2024-Q1,8037102000.000000,52075313940.000000,2025-05-01,-660203000.000000,35612830000.000000,,20538304000.000000,15074526000.000000,,30.777000,-31998000.000000,5753436000.000000,5753436000.000000,3862655000.000000,470820000.000000,1.643000,0.877000,5076830000.000000,1407623000.000000,3669207000.000000,5076830000.000000,0.000000,112152000.000000,0.000000,0.000000,0.000000,488752000.000000,600904000.000000,0.101000,600904000.000000,488752000.000000,507497000.000000,0.770000,0.740000,0.770000,18970801000.000000,,18970801000.000000,53096644940.000000,142.000000,57.676000,457397000.000000,0.742000,1.000000,2094473000.000000,0.352000,13394947000.000000,-18745000.000000,9040075000.000000,,0.000000,3379736000.000000,3379736000.000000,0.000000,16645634000.000000,12501202000.000000,4144432000.000000,1522436000.000000,0.000000,-232152000.000000,-630005000.000000,0.000000,32409000.000000,1042387000.000000,1074385000.000000,489395000.000000,-41755000.000000,472005000.000000,472005000.000000,472005000.000000,0.000000,-1185000.000000,0.079000,1844730000.000000,249743000.000000,8137147000.000000,0.000000,2.745000,135.803000,136.419000,0.000000,0.000000,84.580000,2.276000,2.278000,3714810000.000000,-56424000.000000,5957128000.000000,5957128000.000000,720574000.000000,,,,,311168000.000000,915145000.000000,1.000000,615693000.000000,616401000.000000,637360000.000000,9.664000,22217883000.000000,0.000000,35492000.000000,0.000000,36.045000
MRQ,2024-06-30,2024-06-30,2024-06-30,2024-Q2,10060585000.000000,39792974090.000000,2025-05-01,-532369000.000000,37546600000.000000,,22291278000.000000,15255322000.000000,,31.250000,-38357000.000000,7799093000.000000,7799093000.000000,3922083000.000000,189872000.000000,1.823000,0.946000,7044770000.000000,1462005000.000000,5582765000.000000,7044770000.000000,0.000000,113866000.000000,0.000000,0.000000,0.000000,254297000.000000,368163000.000000,0.060000,368163000.000000,254297000.000000,254297000.000000,0.320000,0.310000,0.320000,19301996000.000000,,19301996000.000000,39116368090.000000,53.000000,31.690000,481035000.000000,0.779000,1.000000,2233480000.000000,0.363000,13451443000.000000,0.000000,11110141000.000000,,0.000000,3635522000.000000,3635522000.000000,0.000000,18253605000.000000,12230693000.000000,6022912000.000000,1487341000.000000,0.000000,-323250000.000000,1954975000.000000,0.000000,1140938000.000000,-174973000.000000,-136616000.000000,519392000.000000,1984000.000000,195268000.000000,195268000.000000,195268000.000000,0.000000,-5396000.000000,0.032000,1926918000.000000,306562000.000000,8059588000.000000,0.000000,2.062000,58.453000,58.099000,0.000000,0.000000,64.490000,1.693000,1.695000,3964214000.000000,138844000.000000,6155563000.000000,6155563000.000000,713163000.000000,,,,,320623000.000000,981130000.000000,1.000000,617041000.000000,617666000.000000,634221000.000000,9.966000,24095157000.000000,0.000000,59029000.000000,0.000000,39.010000
MRQ,2024-09-30,2024-09-30,2024-09-30,2024-Q3,10734950000.000000,41328248850.000000,2025-05-01,-189912000.000000,36355435000.000000,,20774912000.000000,15580523000.000000,,32.317000,-56599000.000000,8299804000.000000,8299804000.000000,3726116000.000000,281136000.000000,2.069000,0.826000,7067954000.000000,1136863000.000000,5931091000.000000,7067954000.000000,0.000000,116711000.000000,0.000000,0.000000,0.000000,340576000.000000,457287000.000000,0.077000,457287000.000000,340576000.000000,326765000.000000,0.460000,0.450000,0.460000,19920914000.000000,,19920914000.000000,40573925850.000000,37.000000,25.591000,628164000.000000,1.019000,1.000000,2249685000.000000,0.376000,13656044000.000000,13811000.000000,11427579000.000000,,0.000000,3604182000.000000,3604182000.000000,0.000000,16446140000.000000,10039962000.000000,6406178000.000000,915573000.000000,0.000000,-343724000.000000,679000.000000,0.000000,71745000.000000,105694000.000000,162293000.000000,684763000.000000,53371000.000000,283754000.000000,283754000.000000,283754000.000000,0.000000,-2618000.000000,0.047000,1926676000.000000,323009000.000000,6156306000.000000,0.000000,2.075000,39.238000,39.029000,0.000000,0.000000,67.130000,1.732000,1.734000,1508491000.000000,422598000.000000,5975801000.000000,5975801000.000000,710983000.000000,,,,,324054000.000000,987610000.000000,1.000000,615645000.000000,616428000.000000,632760000.000000,9.694000,22699391000.000000,0.000000,43011000.000000,0.000000,36.824000
MRQ,2024-12-31,2024-12-31,2024-12-31,2024-Q4,11333403000.000000,52677991860.000000,2025-05-01,-1001065000.000000,36777595000.000000,,19880201000.000000,16897394000.000000,,34.443000,-26993000.000000,8075247000.000000,8075247000.000000,3721163000.000000,1924669000.000000,2.326000,0.731000,7587116000.000000,1184497000.000000,6402619000.000000,7587116000.000000,0.000000,105453000.000000,0.000000,0.000000,0.000000,315252000.000000,420705000.000000,0.070000,420705000.000000,315252000.000000,299145000.000000,3.160000,3.060000,3.160000,21267932000.000000,,21267932000.000000,51446141860.000000,37.000000,27.881000,-13193000.000000,-0.021000,1.000000,2311398000.000000,0.383000,12850489000.000000,16107000.000000,14892177000.000000,,0.000000,3615986000.000000,3615986000.000000,0.000000,15542633000.000000,8546798000.000000,6995835000.000000,296075000.000000,0.000000,-116434000.000000,573748000.000000,0.000000,707570000.000000,-323156000.000000,-296163000.000000,13800000.000000,-102139000.000000,1946020000.000000,1946020000.000000,1946020000.000000,0.000000,-21351000.000000,0.323000,2298385000.000000,13013000.000000,5837152000.000000,0.000000,2.477000,18.183000,18.083000,0.000000,0.000000,84.990000,2.184000,2.174000,1060966000.000000,2368618000.000000,6032561000.000000,6032561000.000000,769695000.000000,,,,,316934000.000000,1249479000.000000,1.000000,619814000.000000,617482000.000000,639303000.000000,9.770000,23927106000.000000,1800994000.000000,-1646875000.000000,0.000000,38.749000
MRQ,2025-03-31,2025-03-31,2025-03-31,2025-Q1,11025668000.000000,33656348400.000000,2025-05-01,-870815000.000000,36395567000.000000,,19712379000.000000,16683188000.000000,,34.663000,-31882000.000000,7088831000.000000,7088831000.000000,3482193000.000000,188722000.000000,2.269000,0.697000,5727384000.000000,0.000000,5727384000.000000,5727384000.000000,0.000000,103317000.000000,0.000000,0.000000,0.000000,245443000.000000,348760000.000000,0.060000,348760000.000000,245443000.000000,228200000.000000,0.310000,0.300000,0.310000,21469194000.000000,,21469194000.000000,33446834400.000000,29.000000,20.971000,101454000.000000,0.164000,1.000000,2289603000.000000,0.397000,12894983000.000000,17243000.000000,13452426000.000000,,0.000000,3390849000.000000,3390849000.000000,0.000000,14960493000.000000,8686711000.000000,6273782000.000000,-141339000.000000,0.000000,-443015000.000000,-1868937000.000000,0.000000,-1211632000.000000,914708000.000000,946590000.000000,133336000.000000,22249000.000000,189872000.000000,189872000.000000,189872000.000000,0.000000,-1150000.000000,0.033000,1960301000.000000,329302000.000000,7102749000.000000,0.000000,1.568000,12.871000,12.784000,0.000000,0.000000,54.330000,1.406000,1.406000,1102538000.000000,2558490000.000000,5771796000.000000,5771796000.000000,760699000.000000,,,,,315236000.000000,996257000.000000,1.000000,619480000.000000,619370000.000000,635342000.000000,9.319000,23500584000.000000,1766132000.000000,38328000.000000,0.000000,37.943000
MRT,2012-12-31,2012-12-31,2012-12-31,2012-Q4,,,2025-05-01,,,,,,,,-13033000.000000,,,138898000.000000,-85199000.000000,,,,,,,,3579000.000000,,,0.000000,-85199000.000000,-81620000.000000,-0.401000,-81620000.000000,-85199000.000000,-85199000.000000,-0.710000,-0.710000,-0.710000,,,,,,,-55958000.000000,-0.469000,1.000000,64551000.000000,0.317000,,0.000000,,,,,,,,,,136460000.000000,0.000000,5616000.000000,-190000.000000,0.000000,227180000.000000,-47791000.000000,0.000000,-42925000.000000,-4000.000000,-85199000.000000,-85199000.000000,-85199000.000000,0.000000,0.000000,-0.419000,149912000.000000,-85361000.000000,,0.000000,,,,,0.000000,,,,,,203449000.000000,203449000.000000,46568000.000000,,,,-0.419000,8114000.000000,92832000.000000,1.000000,,119220000.000000,119220000.000000,1.707000,,,0.000000,,
MRT,2013-12-31,2013-12-31,2013-12-31,2013-Q4,124061000.000000,,2025-05-01,-693000.000000,318341000.000000,,253802000.000000,64539000.000000,,1.269000,-47931000.000000,185446000.000000,185446000.000000,423648000.000000,-104493000.000000,1.956000,0.962000,0.000000,0.000000,0.000000,0.000000,0.000000,8272000.000000,0.000000,,0.000000,-103980000.000000,-95708000.000000,-0.173000,-95708000.000000,-103980000.000000,-103980000.000000,-0.820000,-0.820000,-0.820000,162294000.000000,,162294000.000000,,,,-108508000.000000,-0.849000,1.000000,128785000.000000,0.233000,1214000.000000,0.000000,1940000.000000,,0.000000,0.000000,0.000000,0.000000,156047000.000000,129741000.000000,26306000.000000,-53233000.000000,-2872000.000000,18906000.000000,0.000000,0.000000,18907000.000000,-10803000.000000,0.000000,-60577000.000000,-760000.000000,-104493000.000000,-104493000.000000,-104493000.000000,0.000000,0.000000,-0.189000,233727000.000000,-104942000.000000,100335000.000000,0.000000,,,,51656000.000000,0.000000,,,,64968000.000000,-241539000.000000,552433000.000000,552433000.000000,82864000.000000,,,,-0.188000,14658000.000000,133104000.000000,1.000000,,127845000.000000,127845000.000000,4.321000,317127000.000000,0.000000,513000.000000,0.000000,2.481000
MRT,2014-09-30,2014-09-30,2014-09-30,2014-Q3,,,2025-05-01,,,,,,,,,,,,,,,,,,,,,,,0.000000,,,,,,,,,,,,,,,,,,1.000000,,,,,,,,,,,,,,,,,,,,,,,,,,,,,,,,,,,,,,,,,,,,,,,,,,,,,1.000000,,143756000.000000,,,,,,,
MRT,2014-12-31,2014-12-31,2014-12-31,2014-Q4,218761000.000000,,2025-05-01,-807000.000000,541888000.000000,430114500.000000,409867000.000000,132021000.000000,1.977000,1.927000,-28794000.000000,251644000.000000,251644000.000000,624118000.000000,-154093000.000000,2.145000,0.980000,30000000.000000,0.000000,30000000.000000,30000000.000000,0.000000,18586000.000000,0.000000,,0.000000,-150491000.000000,-131905000.000000,-0.155000,-131905000.000000,-150491000.000000,-152653000.000000,-1.080000,-1.080000,-1.080000,273672000.000000,217983000.000000,273672000.000000,,,,-141173000.000000,-0.994000,1.000000,226074000.000000,0.266000,50546000.000000,2162000.000000,78592000.000000,40266000.000000,0.000000,0.000000,0.000000,0.000000,268216000.000000,191106000.000000,77110000.000000,56139000.000000,11315000.000000,14056000.000000,30000000.000000,0.000000,194152000.000000,-24554000.000000,0.000000,-112379000.000000,-1080000.000000,-154093000.000000,-154093000.000000,-154093000.000000,0.000000,0.000000,-0.181000,376565000.000000,-150491000.000000,154084000.000000,0.000000,,,,63733000.000000,0.000000,,,,144783000.000000,-395632000.000000,850192000.000000,850192000.000000,144637000.000000,-0.358000,-0.707000,-3.737000,-0.177000,34752000.000000,206797000.000000,1.000000,,142042000.000000,142042000.000000,5.985000,491342000.000000,0.000000,1440000.000000,0.000000,3.459000
MRT,2015-03-31,2015-03-31,2015-03-31,2015-Q1,,,2025-05-01,,,,,,,,,,,,,,,,,,,,,,,0.000000,,,,,,,,,,,,,,,,,,1.000000,,,,,,,,,,,,,,,,,,,,,,,,,,,,,,,,,,,,,,,,,,,,,,,,,,,,,1.000000,,145069000.000000,,,,,,,
MRT,2015-06-30,2015-06-30,2015-06-30,2015-Q2,168658000.000000,,2025-05-01,-1159000.000000,618559000.000000,,446805000.000000,171754000.000000,,1.756000,-34914000.000000,224285000.000000,224285000.000000,744791000.000000,-152336000.000000,1.606000,1.360000,30000000.000000,0.000000,30000000.000000,30000000.000000,0.000000,22829000.000000,0.000000,,0.000000,-145764000.000000,-122935000.000000,-0.118000,-122935000.000000,-145764000.000000,-148784000.000000,-1.040000,-1.040000,-1.040000,262047000.000000,,262047000.000000,,,,-107059000.000000,-0.717000,1.000000,294093000.000000,0.283000,73897000.000000,3020000.000000,72230000.000000,,0.000000,0.000000,0.000000,0.000000,356512000.000000,278147000.000000,78365000.000000,56392000.000000,7784000.000000,11412000.000000,0.000000,0.000000,161508000.000000,-30803000.000000,0.000000,-72145000.000000,-2168000.000000,-152336000.000000,-152336000.000000,-152336000.000000,0.000000,0.000000,-0.147000,439073000.000000,-144980000.000000,224756000.000000,0.000000,,,,81294000.000000,0.000000,,,,204331000.000000,-473230000.000000,1038884000.000000,1038884000.000000,164585000.000000,,,,-0.140000,49124000.000000,234770000.000000,1.000000,322944713.000000,149253000.000000,149253000.000000,6.961000,544662000.000000,0.000000,3552000.000000,0.000000,3.649000
MRT,2015-09-30,2015-09-30,2015-09-30,2015-Q3,107247000.000000,,2025-05-01,-1277000.000000,597946000.000000,,418487000.000000,179459000.000000,,1.552000,-38257000.000000,200679000.000000,200679000.000000,814388000.000000,-168600000.000000,1.345000,1.529000,0.000000,0.000000,0.000000,0.000000,0.000000,24269000.000000,0.000000,,0.000000,-161244000.000000,-136975000.000000,-0.120000,-136975000.000000,-161244000.000000,-164401000.000000,-1.120000,-1.120000,-1.120000,236462000.000000,,236462000.000000,,,,-59958000.000000,-0.394000,1.000000,329264000.000000,0.288000,77625000.000000,3157000.000000,8402000.000000,,0.000000,0.000000,0.000000,0.000000,361484000.000000,311240000.000000,50244000.000000,-35226000.000000,-4610000.000000,13639000.000000,-30000000.000000,0.000000,34913000.000000,-46792000.000000,0.000000,-21701000.000000,-1646000.000000,-168600000.000000,-168600000.000000,-168600000.000000,0.000000,0.000000,-0.147000,490470000.000000,-161206000.000000,245613000.000000,0.000000,,,,85012000.000000,0.000000,,,,199826000.000000,-527160000.000000,1143652000.000000,1143652000.000000,180122000.000000,,,,-0.141000,59585000.000000,261421000.000000,1.000000,322944713.000000,152334000.000000,152334000.000000,7.508000,520321000.000000,0.000000,4199000.000000,0.000000,3.416000
MRT,2015-12-31,2015-12-31,2015-12-31,2015-Q4,371361000.000000,4227346293.000000,2025-05-01,-1185000.000000,894772000.000000,718330000.000000,705563000.000000,189209000.000000,1.764000,2.980000,-37432000.000000,489552000.000000,489552000.000000,897088000.000000,-179817000.000000,2.111000,0.761000,0.000000,0.000000,0.000000,0.000000,0.000000,27626000.000000,0.000000,0.000000,0.000000,-174458000.000000,-146832000.000000,-0.116000,-146832000.000000,-174458000.000000,-176071000.000000,-1.240000,-1.240000,-1.240000,508048000.000000,390860000.000000,508048000.000000,4026667293.000000,-23.000000,-27.424000,-16309000.000000,-0.096000,1.000000,370030000.000000,0.292000,83475000.000000,1613000.000000,-12457000.000000,33067500.000000,0.000000,604000.000000,604000.000000,0.000000,386724000.000000,334202000.000000,52522000.000000,240893000.000000,-5786000.000000,265097000.000000,-31387000.000000,0.000000,264763000.000000,-43218000.000000,0.000000,21123000.000000,-1775000.000000,-179817000.000000,-212017000.000000,-212017000.000000,0.000000,0.000000,-0.167000,544488000.000000,-174458000.000000,234234000.000000,0.000000,8.321000,-19.939000,-10.556000,87222000.000000,32200000.000000,13.090000,3.336000,1.761000,179200000.000000,-607649000.000000,1267118000.000000,1267118000.000000,199638000.000000,-0.295000,-0.542000,-5.276000,-0.138000,81191000.000000,289084000.000000,1.000000,322944713.000000,170498000.000000,170498000.000000,7.432000,811297000.000000,0.000000,3746000.000000,0.000000,4.758000
MRT,2016-03-31,2016-03-31,2016-03-31,2016-Q1,270120000.000000,5122804506.000000,2025-05-01,-346000.000000,945069000.000000,764086500.000000,720052000.000000,225017000.000000,1.827000,1.343000,-34540000.000000,399182000.000000,399182000.000000,989845000.000000,-228594000.000000,1.600000,1.124000,0.000000,0.000000,0.000000,0.000000,0.000000,31198000.000000,0.000000,0.000000,0.000000,-224445000.000000,-193247000.000000,-0.138000,-193247000.000000,-224445000.000000,-224927000.000000,-1.200000,-1.200000,-1.200000,444884000.000000,362860250.000000,444884000.000000,4623806506.000000,-21.000000,-23.927000,-16216000.000000,-0.049000,1.000000,405985000.000000,0.291000,81162000.000000,482000.000000,14793000.000000,20742000.000000,0.000000,73162000.000000,43447000.000000,29715000.000000,500185000.000000,449932000.000000,50253000.000000,167169000.000000,-2336000.000000,263348000.000000,-31387000.000000,0.000000,258164000.000000,-109962000.000000,-73086000.000000,18324000.000000,643000.000000,-228594000.000000,-260794000.000000,-260794000.000000,0.000000,0.000000,-0.187000,631226000.000000,-225241000.000000,303440000.000000,0.000000,11.515000,-19.643000,-12.733000,89039000.000000,32200000.000000,15.280000,3.670000,3.627000,237206000.000000,-704404000.000000,1395830000.000000,1395830000.000000,224685000.000000,-0.341000,-0.719000,-10.821000,-0.161000,98928000.000000,359387000.000000,1.000000,335262075.000000,331324000.000000,331324000.000000,4.213000,863907000.000000,0.000000,3667000.000000,0.000000,2.607000
MRT,2016-06-30,2016-06-30,2016-06-30,2016-Q2,309559000.000000,3034470086.000000,2025-05-01,72000.000000,933292000.000000,842769750.000000,721028000.000000,212264000.000000,1.809000,1.409000,-32512000.000000,379112000.000000,379112000.000000,1059748000.000000,-226319000.000000,1.752000,0.980000,0.000000,0.000000,0.000000,0.000000,0.000000,33806000.000000,0.000000,0.000000,0.000000,-223781000.000000,-189975000.000000,-0.125000,-189975000.000000,-223781000.000000,-223492000.000000,-1.080000,-1.080000,-1.080000,471459000.000000,415213250.000000,471459000.000000,2635288086.000000,-12.000000,-13.872000,-33428000.000000,-0.100000,1.000000,464602000.000000,0.305000,79028000.000000,-289000.000000,63683000.000000,18605250.000000,0.000000,110367000.000000,90765000.000000,19602000.000000,461833000.000000,411469000.000000,50364000.000000,151600000.000000,-2326000.000000,271960000.000000,-31387000.000000,0.000000,266096000.000000,-115351000.000000,-80513000.000000,-916000.000000,1771000.000000,-226319000.000000,-258519000.000000,-258519000.000000,0.000000,0.000000,-0.170000,689129000.000000,-224527000.000000,326453000.000000,0.000000,6.436000,-11.738000,-8.380000,86325000.000000,32200000.000000,9.050000,1.991000,1.986000,225809000.000000,-731749000.000000,1524350000.000000,1524350000.000000,247436000.000000,-0.307000,-0.623000,-12.028000,-0.147000,120618000.000000,385857000.000000,1.000000,335300562.000000,334488000.000000,334488000.000000,4.557000,854264000.000000,0.000000,2827000.000000,0.000000,2.554000
MRT,2016-09-30,2016-09-30,2016-09-30,2016-Q3,357003000.000000,3984978396.000000,2025-05-01,213000.000000,1052208000.000000,956335250.000000,843027000.000000,209181000.000000,1.706000,1.484000,-26382000.000000,474596000.000000,474596000.000000,1112558000.000000,-204712000.000000,1.735000,1.062000,0.000000,0.000000,0.000000,0.000000,0.000000,36917000.000000,0.000000,0.000000,0.000000,-202902000.000000,-165985000.000000,-0.102000,-165985000.000000,-202902000.000000,-202587000.000000,-0.820000,-0.820000,-0.820000,510389000.000000,483695000.000000,510389000.000000,3605866396.000000,-18.000000,-21.724000,14846000.000000,0.043000,1.000000,518606000.000000,0.318000,76951000.000000,-315000.000000,14637000.000000,20164000.000000,0.000000,120722000.000000,105244000.000000,15478000.000000,541819000.000000,486024000.000000,55795000.000000,248708000.000000,-1576000.000000,301192000.000000,-1387000.000000,0.000000,325328000.000000,-119579000.000000,-91873000.000000,41228000.000000,1731000.000000,-204712000.000000,-236912000.000000,-236912000.000000,0.000000,0.000000,-0.145000,722898000.000000,-204292000.000000,378153000.000000,0.000000,7.808000,-16.821000,-14.220000,89957000.000000,32200000.000000,11.660000,2.443000,2.458000,242080000.000000,-764072000.000000,1631164000.000000,1631164000.000000,262834000.000000,-0.248000,-0.490000,-10.063000,-0.124000,136604000.000000,407607000.000000,1.000000,341764871.000000,343893000.000000,343893000.000000,4.743000,975257000.000000,0.000000,2125000.000000,0.000000,2.836000
MRT,2016-12-31,2016-12-31,2016-12-31,2016-Q4,423961000.000000,4799654229.000000,2025-05-01,-1989000.000000,1211362000.000000,1035482750.000000,1001425000.000000,209937000.000000,1.650000,1.687000,-25137000.000000,488745000.000000,488745000.000000,1132683000.000000,-171590000.000000,1.734000,1.103000,0.000000,0.000000,0.000000,0.000000,0.000000,37745000.000000,0.000000,0.000000,0.000000,-170206000.000000,-132461000.000000,-0.078000,-132461000.000000,-170206000.000000,-169673000.000000,-0.500000,-0.500000,-0.500000,576153000.000000,500721250.000000,576153000.000000,4325058229.000000,-25.000000,-32.652000,-2006000.000000,-0.006000,1.000000,576038000.000000,0.337000,76465000.000000,-533000.000000,68688000.000000,40450250.000000,0.000000,129411000.000000,102045000.000000,27366000.000000,635209000.000000,577464000.000000,57745000.000000,-807000.000000,-1360000.000000,96439000.000000,-168000.000000,0.000000,90741000.000000,-114241000.000000,-87344000.000000,23131000.000000,-438000.000000,-171590000.000000,-171590000.000000,-171590000.000000,0.000000,0.000000,-0.100000,746491000.000000,-170453000.000000,495385000.000000,0.000000,8.331000,-27.972000,-27.260000,88328000.000000,0.000000,13.630000,2.809000,2.724000,321102000.000000,-779239000.000000,1708721000.000000,1708721000.000000,268537000.000000,-0.166000,-0.343000,-4.208000,-0.100000,138786000.000000,425869000.000000,1.000000,352138975.000000,341555000.000000,341555000.000000,5.003000,1134897000.000000,0.000000,1917000.000000,0.000000,3.323000
MRT,2017-03-31,2017-03-31,2017-03-31,2017-Q1,788459000.000000,6345061793.000000,2025-05-01,-1242000.000000,1591113000.000000,1196993750.000000,1343355000.000000,247758000.000000,1.496000,1.712000,-24118000.000000,740990000.000000,740990000.000000,1151777000.000000,-89925000.000000,2.421000,1.534000,345739000.000000,0.000000,345739000.000000,345739000.000000,0.000000,38064000.000000,0.000000,0.000000,0.000000,-87155000.000000,-49091000.000000,-0.027000,-49091000.000000,-87155000.000000,-87838000.000000,-0.250000,-0.250000,-0.250000,627933000.000000,546483500.000000,627933000.000000,5856316793.000000,-67.000000,-119.295000,56760000.000000,0.155000,1.000000,639229000.000000,0.357000,76498000.000000,683000.000000,564468000.000000,177869000.000000,0.000000,301350000.000000,238639000.000000,62711000.000000,963180000.000000,554896000.000000,408284000.000000,349492000.000000,-2560000.000000,192963000.000000,427835000.000000,0.000000,473174000.000000,-203622000.000000,-176544000.000000,80878000.000000,-938000.000000,-89925000.000000,-89925000.000000,-89925000.000000,0.000000,0.000000,-0.050000,726631000.000000,-87402000.000000,408638000.000000,0.000000,10.105000,-70.559000,-69.120000,91013000.000000,0.000000,17.280000,3.543000,3.538000,266088000.000000,-795012000.000000,1791006000.000000,1791006000.000000,272527000.000000,-0.075000,-0.165000,-0.490000,-0.049000,139258000.000000,398101000.000000,1.000000,367191076.000000,366737000.000000,366737000.000000,4.884000,1514615000.000000,0.000000,2087000.000000,0.000000,4.130000
MRT,2017-06-30,2017-06-30,2017-06-30,2017-Q2,812989000.000000,8776480638.000000,2025-05-01,-519000.000000,1741714000.000000,1399099250.000000,1437917000.000000,303797000.000000,1.361000,1.870000,-23180000.000000,753701000.000000,753701000.000000,1206279000.000000,-78542000.000000,2.301000,1.475000,349960000.000000,0.000000,349960000.000000,349960000.000000,0.000000,38171000.000000,0.000000,0.000000,0.000000,-72019000.000000,-33848000.000000,-0.018000,-33848000.000000,-72019000.000000,-76295000.000000,-0.210000,-0.210000,-0.210000,703744000.000000,604554750.000000,703744000.000000,8381229638.000000,-116.000000,-247.614000,123079000.000000,0.327000,1.000000,697699000.000000,0.366000,74413000.000000,4276000.000000,638632000.000000,321606250.000000,0.000000,377465000.000000,253366000.000000,124099000.000000,1037970000.000000,624928000.000000,413042000.000000,380802000.000000,-2560000.000000,228050000.000000,427448000.000000,0.000000,508554000.000000,-273232000.000000,-247092000.000000,146259000.000000,-779000.000000,-78542000.000000,-78542000.000000,-78542000.000000,0.000000,0.000000,-0.041000,769965000.000000,-72266000.000000,519135000.000000,0.000000,12.471000,-111.743000,-111.714000,87442000.000000,0.000000,23.460000,4.610000,4.637000,309021000.000000,-810974000.000000,1903978000.000000,1903978000.000000,282015000.000000,-0.056000,-0.130000,-0.224000,-0.038000,141929000.000000,431001000.000000,1.000000,374104034.000000,376357000.000000,376357000.000000,5.059000,1667301000.000000,0.000000,2247000.000000,0.000000,4.430000
MRT,2017-09-30,2017-09-30,2017-09-30,2017-Q3,756198000.000000,11054349550.000000,2025-05-01,-393000.000000,2083852000.000000,1657010250.000000,1686877000.000000,396975000.000000,1.237000,1.909000,-25088000.000000,693510000.000000,693510000.000000,1284134000.000000,-62317000.000000,1.813000,1.843000,354237000.000000,0.000000,354237000.000000,354237000.000000,0.000000,37575000.000000,0.000000,0.000000,0.000000,-53702000.000000,-16127000.000000,-0.008000,-16127000.000000,-53702000.000000,-60947000.000000,-0.160000,-0.160000,-0.160000,732909000.000000,660184750.000000,732909000.000000,10650608550.000000,-198.000000,-660.421000,105125000.000000,0.274000,1.000000,766001000.000000,0.374000,72609000.000000,7245000.000000,741291000.000000,503269750.000000,0.000000,459625000.000000,268290000.000000,191335000.000000,1350943000.000000,930679000.000000,420264000.000000,247360000.000000,-2560000.000000,217268000.000000,427062000.000000,0.000000,479088000.000000,-362803000.000000,-334755000.000000,130213000.000000,862000.000000,-62317000.000000,-62317000.000000,-62317000.000000,0.000000,0.000000,-0.030000,821176000.000000,-55175000.000000,822284000.000000,0.000000,15.083000,-177.389000,-180.062000,88666000.000000,0.000000,28.810000,5.392000,5.396000,587630000.000000,-827072000.000000,2050135000.000000,2050135000.000000,294144000.000000,-0.038000,-0.094000,-0.107000,-0.026000,145198000.000000,463017000.000000,1.000000,383698353.000000,383951000.000000,383951000.000000,5.340000,2011243000.000000,0.000000,1370000.000000,0.000000,5.238000
MRT,2017-12-31,2017-12-31,2017-12-31,2017-Q4,805467000.000000,13471640148.000000,2025-05-01,-1318000.000000,2187270000.000000,1900987250.000000,1778294000.000000,408976000.000000,1.165000,2.073000,-26097000.000000,735081000.000000,735081000.000000,1374947000.000000,-62813000.000000,1.828000,1.782000,358572000.000000,0.000000,358572000.000000,358572000.000000,0.000000,37279000.000000,0.000000,0.000000,0.000000,-52611000.000000,-15332000.000000,-0.007000,-15332000.000000,-52611000.000000,-62664000.000000,-0.170000,-0.170000,-0.170000,786333000.000000,712729750.000000,786333000.000000,13132367148.000000,-250.000000,-856.533000,101614000.000000,0.268000,1.000000,839306000.000000,0.379000,72661000.000000,10053000.000000,765273000.000000,677416000.000000,0.000000,446663000.000000,242996000.000000,203667000.000000,1400937000.000000,972827000.000000,428110000.000000,246336000.000000,-1915000.000000,219748000.000000,428250000.000000,0.000000,454933000.000000,-340611000.000000,-312599000.000000,127711000.000000,4303000.000000,-62813000.000000,-62813000.000000,-62813000.000000,0.000000,0.000000,-0.028000,893512000.000000,-54206000.000000,848524000.000000,0.000000,17.132000,-214.472000,-203.941000,91496000.000000,0.000000,34.670000,6.084000,5.940000,620523000.000000,-842735000.000000,2214253000.000000,2214253000.000000,321888000.000000,-0.033000,-0.088000,-0.078000,-0.024000,155836000.000000,503723000.000000,1.000000,388567642.000000,379344000.000000,379344000.000000,5.837000,2114609000.000000,0.000000,149000.000000,0.000000,5.574000
MRT,2018-03-31,2018-03-31,2018-03-31,2018-Q1,858651000.000000,19500729271.000000,2025-05-01,-1294000.000000,2379612000.000000,2098112000.000000,1990383000.000000,389229000.000000,1.154000,2.046000,-27672000.000000,776076000.000000,776076000.000000,1500257000.000000,-71709000.000000,1.759000,1.938000,362965000.000000,0.000000,362965000.000000,362965000.000000,0.000000,38002000.000000,0.000000,0.000000,0.000000,-60953000.000000,-22951000.000000,-0.009000,-22951000.000000,-60953000.000000,-71894000.000000,-0.180000,-0.180000,-0.180000,809980000.000000,758241500.000000,809980000.000000,19124220271.000000,-314.000000,-833.263000,108094000.000000,0.273000,1.000000,921045000.000000,0.380000,72465000.000000,10941000.000000,762304000.000000,726875000.000000,0.000000,455541000.000000,278869000.000000,176672000.000000,1569632000.000000,1131732000.000000,437900000.000000,35086000.000000,-1370000.000000,154578000.000000,-418000.000000,0.000000,80388000.000000,-185710000.000000,-155084000.000000,135766000.000000,4642000.000000,-71709000.000000,-71709000.000000,-71709000.000000,0.000000,0.000000,-0.030000,982161000.000000,-61116000.000000,1018212000.000000,0.000000,24.076000,-271.943000,-273.333000,98170000.000000,0.000000,49.200000,8.054000,8.046000,700646000.000000,-871307000.000000,2421302000.000000,2421302000.000000,358401000.000000,-0.034000,-0.095000,-0.084000,-0.025000,170990000.000000,549655000.000000,1.000000,396356286.000000,395948000.000000,395948000.000000,6.115000,2307147000.000000,0.000000,-185000.000000,0.000000,5.827000
MRT,2018-06-30,2018-06-30,2018-06-30,2018-Q2,1553986000.000000,24698835485.000000,2025-05-01,-4456000.000000,3554827000.000000,2551390250.000000,2869896000.000000,684931000.000000,1.052000,2.682000,-35357000.000000,1428372000.000000,1428372000.000000,1655303000.000000,-61653000.000000,2.181000,2.287000,1071437000.000000,0.000000,1071437000.000000,1071437000.000000,0.000000,41205000.000000,0.000000,0.000000,0.000000,-50561000.000000,-9356000.000000,-0.003000,-9356000.000000,-50561000.000000,-61706000.000000,-0.150000,-0.150000,-0.150000,1081629000.000000,852712750.000000,1081629000.000000,24285724485.000000,-480.000000,-2595.738000,72796000.000000,0.181000,1.000000,1029432000.000000,0.383000,341170000.000000,11145000.000000,1540812000.000000,952420000.000000,0.000000,486789000.000000,318639000.000000,168150000.000000,2473198000.000000,1315910000.000000,1157288000.000000,674671000.000000,-112143000.000000,251965000.000000,854922000.000000,0.000000,818965000.000000,-250914000.000000,-101830000.000000,108153000.000000,-1533000.000000,-61653000.000000,-61653000.000000,-61653000.000000,0.000000,0.000000,-0.023000,1080971000.000000,-51539000.000000,1151252000.000000,0.000000,22.835000,-400.610000,-410.933000,121708000.000000,0.000000,61.640000,9.200000,9.260000,806688000.000000,-877213000.000000,2684735000.000000,2684735000.000000,395075000.000000,-0.024000,-0.072000,-0.053000,-0.019000,183516000.000000,607766000.000000,1.000000,400694930.000000,403301000.000000,403301000.000000,6.657000,3213657000.000000,0.000000,-53000.000000,0.000000,7.968000
MRT,2018-09-30,2018-09-30,2018-09-30,2018-Q3,1013831000.000000,40636485587.000000,2025-05-01,-6345000.000000,3973368000.000000,3023769250.000000,2877368000.000000,1096000000.000000,0.986000,2.739000,-43645000.000000,765070000.000000,765070000.000000,1818208000.000000,-25912000.000000,1.544000,2.541000,1023947000.000000,125971000.000000,897976000.000000,1023947000.000000,0.000000,47955000.000000,0.000000,0.000000,0.000000,-8963000.000000,38992000.000000,0.013000,38992000.000000,-8963000.000000,-24252000.000000,-0.060000,-0.070000,-0.060000,1122144000.000000,950021500.000000,1122144000.000000,40279550587.000000,-4494.000000,1033.021000,72409000.000000,0.177000,1.000000,1163476000.000000,0.390000,341094000.000000,15289000.000000,2027614000.000000,1274000750.000000,0.000000,1059868000.000000,522205000.000000,537663000.000000,2851224000.000000,1863537000.000000,987687000.000000,71560000.000000,-112714000.000000,257520000.000000,786636000.000000,0.000000,714550000.000000,-755357000.000000,-597414000.000000,116054000.000000,-3687000.000000,-25912000.000000,-25912000.000000,-25912000.000000,0.000000,0.000000,-0.009000,1209991000.000000,-46515000.000000,1530830000.000000,0.000000,36.213000,-1568.250000,-1650.167000,130145000.000000,0.000000,99.010000,13.629000,13.604000,1194701000.000000,-857570000.000000,2981684000.000000,2981684000.000000,448301000.000000,-0.009000,-0.027000,-0.007000,-0.003000,202381000.000000,678785000.000000,1.000000,410428094.000000,409690000.000000,474915000.000000,7.278000,3632274000.000000,0.000000,1660000.000000,0.000000,8.866000
MRT,2018-12-31,2018-12-31,2018-12-31,2018-Q4,1093364000.000000,23193080608.000000,2025-05-01,-6053000.000000,3281023000.000000,3297207500.000000,2111905000.000000,1169118000.000000,1.000000,2.762000,-61203000.000000,583173000.000000,583173000.000000,1994477000.000000,-38453000.000000,2.073000,1.928000,899695000.000000,0.000000,899695000.000000,899695000.000000,0.000000,60961000.000000,0.000000,0.000000,0.000000,-18145000.000000,42816000.000000,0.013000,42816000.000000,-18145000.000000,-36127000.000000,-0.090000,-0.090000,-0.090000,1120501000.000000,1033563500.000000,1120501000.000000,23451957608.000000,-1292.000000,547.738000,233877000.000000,0.576000,1.000000,1303700000.000000,0.395000,338807000.000000,17982000.000000,2240197000.000000,1642731750.000000,0.000000,1095645000.000000,630965000.000000,464680000.000000,2160522000.000000,1018541000.000000,1141981000.000000,-102234000.000000,-112399000.000000,245975000.000000,636279000.000000,0.000000,515755000.000000,-905848000.000000,-730662000.000000,295080000.000000,-7221000.000000,-38453000.000000,-38453000.000000,-38453000.000000,0.000000,0.000000,-0.012000,1340314000.000000,-36614000.000000,803352000.000000,0.000000,20.699000,-603.154000,-623.222000,291402000.000000,0.000000,56.090000,7.032000,6.900000,364946000.000000,-885774000.000000,3298177000.000000,3298177000.000000,497479000.000000,-0.012000,-0.037000,-0.011000,-0.006000,216881000.000000,750396000.000000,1.000000,413497604.000000,405731000.000000,405731000.000000,8.129000,2942216000.000000,0.000000,2326000.000000,0.000000,7.252000
MRT,2019-03-31,2019-03-31,2019-03-31,2019-Q1,1082963000.000000,31443504972.000000,2025-05-01,-3424000.000000,4402591000.000000,3802952250.000000,3266522000.000000,1136069000.000000,0.944000,2.675000,-71288000.000000,569329000.000000,569329000.000000,2143649000.000000,-52618000.000000,1.496000,2.925000,1044899000.000000,23041000.000000,1021858000.000000,1044899000.000000,0.000000,76462000.000000,0.000000,0.000000,0.000000,-29787000.000000,46675000.000000,0.013000,46675000.000000,-29787000.000000,-50338000.000000,-0.110000,-0.120000,-0.110000,1121589000.000000,1111465750.000000,1121589000.000000,31710352972.000000,-1065.000000,679.386000,204183000.000000,0.487000,1.000000,1445284000.000000,0.403000,346709000.000000,20551000.000000,2347893000.000000,2039129000.000000,0.000000,1171073000.000000,690010000.000000,481063000.000000,3281002000.000000,2183559000.000000,1097443000.000000,-206747000.000000,-122592000.000000,239949000.000000,636944000.000000,0.000000,485865000.000000,-960742000.000000,-766862000.000000,275471000.000000,-7341000.000000,-52618000.000000,-52618000.000000,-52618000.000000,0.000000,0.000000,-0.015000,1482948000.000000,-37664000.000000,1928015000.000000,0.000000,28.035000,-597.581000,-681.091000,245662000.000000,0.000000,74.920000,8.761000,8.753000,1391078000.000000,-923925000.000000,3588933000.000000,3588933000.000000,546734000.000000,-0.014000,-0.047000,-0.015000,-0.008000,231145000.000000,832940000.000000,1.000000,419694407.000000,419289000.000000,419289000.000000,8.560000,4055882000.000000,0.000000,2280000.000000,0.000000,9.673000
MRT,2019-06-30,2019-06-30,2019-06-30,2019-Q2,1153052000.000000,30677783890.000000,2025-05-01,-926000.000000,4654006000.000000,4077747000.000000,3528646000.000000,1125360000.000000,0.968000,2.798000,-68222000.000000,662863000.000000,662863000.000000,2352920000.000000,-53452000.000000,1.485000,2.929000,1051246000.000000,24955000.000000,1026291000.000000,1051246000.000000,0.000000,90581000.000000,0.000000,0.000000,0.000000,-30028000.000000,60553000.000000,0.015000,60553000.000000,-30028000.000000,-52252000.000000,-0.120000,-0.130000,-0.120000,1184472000.000000,1137176500.000000,1184472000.000000,31153353890.000000,-1037.000000,514.481000,321662000.000000,0.760000,1.000000,1595313000.000000,0.404000,354377000.000000,22224000.000000,2312418000.000000,2232030500.000000,0.000000,1169544000.000000,708717000.000000,460827000.000000,3469534000.000000,2375594000.000000,1093940000.000000,-765509000.000000,-20943000.000000,133572000.000000,-218009000.000000,0.000000,-318461000.000000,-835556000.000000,-746391000.000000,389884000.000000,-1376000.000000,-53452000.000000,-53452000.000000,-53452000.000000,0.000000,0.000000,-0.014000,1631173000.000000,-35860000.000000,2092780000.000000,0.000000,25.900000,-573.931000,-604.417000,238556000.000000,0.000000,72.530000,7.770000,7.776000,1506194000.000000,-930665000.000000,3948233000.000000,3948233000.000000,606135000.000000,-0.013000,-0.047000,-0.013000,-0.008000,258492000.000000,908854000.000000,1.000000,422966826.000000,423305000.000000,423305000.000000,9.327000,4299629000.000000,0.000000,1200000.000000,0.000000,10.157000
MRT,2019-09-30,2019-09-30,2019-09-30,2019-Q3,1113865000.000000,26460745812.000000,2025-05-01,-2387000.000000,4000504000.000000,4084531000.000000,2758766000.000000,1241738000.000000,1.061000,2.926000,-69856000.000000,653870000.000000,653870000.000000,2589909000.000000,-43698000.000000,1.677000,2.201000,1061105000.000000,25779000.000000,1035326000.000000,1061105000.000000,0.000000,101467000.000000,0.000000,0.000000,0.000000,-20326000.000000,81141000.000000,0.019000,81141000.000000,-20326000.000000,-40958000.000000,-0.100000,-0.110000,-0.100000,1249794000.000000,1169089000.000000,1249794000.000000,26849128812.000000,-1321.000000,330.895000,511147000.000000,1.197000,1.000000,1742690000.000000,0.402000,338767000.000000,20632000.000000,2424071000.000000,2331144750.000000,0.000000,1242940000.000000,678432000.000000,564508000.000000,2750710000.000000,1644901000.000000,1105809000.000000,-111200000.000000,-20372000.000000,120851000.000000,-149337000.000000,0.000000,-261192000.000000,-427271000.000000,-337043000.000000,581003000.000000,-3740000.000000,-43698000.000000,-43698000.000000,-43698000.000000,0.000000,0.000000,-0.010000,1736589000.000000,6101000.000000,1349631000.000000,0.000000,21.172000,-605.537000,-619.500000,242704000.000000,0.000000,61.950000,6.107000,6.107000,564492000.000000,-901268000.000000,4332599000.000000,4332599000.000000,639133000.000000,-0.011000,-0.037000,-0.009000,-0.005000,277005000.000000,972437000.000000,1.000000,427130683.000000,427124000.000000,466099000.000000,10.144000,3661737000.000000,0.000000,2740000.000000,0.000000,8.573000
MRT,2019-12-31,2019-12-31,2019-12-31,2019-Q4,1525716000.000000,26880873201.000000,2025-05-01,1629000.000000,4551258000.000000,4402089750.000000,3219801000.000000,1331457000.000000,1.071000,4.035000,-62498000.000000,1047118000.000000,1047118000.000000,2823815000.000000,375446000.000000,1.901000,1.654000,1074937000.000000,27275000.000000,1047662000.000000,1074937000.000000,0.000000,105294000.000000,0.000000,0.000000,0.000000,399729000.000000,505023000.000000,0.107000,505023000.000000,399729000.000000,378213000.000000,0.880000,0.810000,0.880000,1715050000.000000,1317726250.000000,1715050000.000000,27288108201.000000,68.000000,54.033000,265132000.000000,0.624000,1.000000,1889685000.000000,0.401000,335424000.000000,21516000.000000,2549568000.000000,2408487500.000000,0.000000,1194593000.000000,657290000.000000,537303000.000000,2836208000.000000,1694085000.000000,1142123000.000000,670065000.000000,288952000.000000,118514000.000000,0.000000,0.000000,243401000.000000,95193000.000000,-131261000.000000,327630000.000000,3841000.000000,375446000.000000,375446000.000000,375446000.000000,0.000000,0.000000,0.080000,1863128000.000000,26557000.000000,1368969000.000000,0.000000,15.674000,71.597000,71.091000,262342000.000000,0.000000,62.560000,5.703000,5.641000,588692000.000000,-510328000.000000,4713500000.000000,4713500000.000000,674165000.000000,0.085000,0.285000,0.166000,0.085000,297863000.000000,1062004000.000000,1.000000,429681477.000000,424999000.000000,466076000.000000,11.091000,4215834000.000000,0.000000,2767000.000000,0.000000,9.920000
MRT,2020-03-31,2020-03-31,2020-03-31,2020-Q1,2385317000.000000,22797594634.000000,2025-05-01,-3432000.000000,6003873000.000000,4802410250.000000,4389975000.000000,1613898000.000000,1.069000,4.157000,-70467000.000000,1962316000.000000,1962316000.000000,3103818000.000000,307706000.000000,2.190000,2.321000,2147744000.000000,37335000.000000,2110409000.000000,2147744000.000000,0.000000,114819000.000000,0.000000,0.000000,0.000000,336920000.000000,451739000.000000,0.088000,451739000.000000,336920000.000000,310879000.000000,0.730000,0.650000,0.730000,1807945000.000000,1489315250.000000,1807945000.000000,22825413634.000000,68.000000,50.528000,346015000.000000,0.796000,1.000000,2031432000.000000,0.396000,370469000.000000,26041000.000000,3814174000.000000,2775057750.000000,0.000000,1212009000.000000,682549000.000000,529460000.000000,4195928000.000000,2004658000.000000,2191270000.000000,1644794000.000000,287458000.000000,224092000.000000,986241000.000000,0.000000,1188373000.000000,50963000.000000,-166028000.000000,416482000.000000,-11024000.000000,307706000.000000,307706000.000000,307706000.000000,0.000000,0.000000,0.060000,2073121000.000000,-41689000.000000,1574589000.000000,0.000000,12.610000,74.089000,71.753000,564117000.000000,0.000000,52.380000,4.439000,4.436000,521629000.000000,-616219000.000000,5135250000.000000,5135250000.000000,714801000.000000,0.064000,0.207000,0.121000,0.066000,314078000.000000,1150723000.000000,1.000000,435234720.000000,434940000.000000,434940000.000000,11.807000,5633404000.000000,0.000000,3173000.000000,0.000000,12.952000
MRT,2020-06-30,2020-06-30,2020-06-30,2020-Q2,2554554000.000000,46105520280.000000,2025-05-01,4366000.000000,7812272000.000000,5591976750.000000,6187070000.000000,1625202000.000000,1.052000,4.377000,-88897000.000000,1972762000.000000,1972762000.000000,3722287000.000000,302968000.000000,1.703000,3.056000,2654620000.000000,491391000.000000,2163229000.000000,2654620000.000000,0.000000,126646000.000000,0.000000,0.000000,0.000000,341532000.000000,468178000.000000,0.080000,468178000.000000,341532000.000000,305865000.000000,0.720000,0.640000,0.720000,1926307000.000000,1674774000.000000,1926307000.000000,46290948280.000000,136.000000,98.875000,-78936000.000000,-0.179000,1.000000,2162350000.000000,0.367000,395561000.000000,35667000.000000,4466053000.000000,3313466500.000000,0.000000,1728532000.000000,1281847000.000000,446685000.000000,5885965000.000000,3632516000.000000,2253449000.000000,1547551000.000000,290970000.000000,229178000.000000,1434005000.000000,0.000000,1652618000.000000,-111347000.000000,-313420000.000000,9961000.000000,-3681000.000000,302968000.000000,302968000.000000,302968000.000000,0.000000,0.000000,0.051000,2226248000.000000,-63898000.000000,2747549000.000000,0.000000,23.935000,152.180000,145.750000,616507000.000000,0.000000,104.940000,7.835000,7.849000,879464000.000000,-627697000.000000,5884637000.000000,5884637000.000000,748330000.000000,0.054000,0.181000,0.103000,0.058000,331022000.000000,1268276000.000000,1.000000,439351251.000000,440117000.000000,440117000.000000,13.371000,7416711000.000000,0.000000,2897000.000000,0.000000,16.852000
MRT,2020-09-30,2020-09-30,2020-09-30,2020-Q3,2665559000.000000,72096085637.000000,2025-05-01,11910000.000000,8114276000.000000,6620419750.000000,6491270000.000000,1623006000.000000,1.156000,4.641000,-103025000.000000,2118808000.000000,2118808000.000000,5195269000.000000,310086000.000000,1.697000,2.934000,2668131000.000000,524537000.000000,2143594000.000000,2668131000.000000,0.000000,138988000.000000,0.000000,0.000000,0.000000,354023000.000000,493011000.000000,0.064000,493011000.000000,354023000.000000,309008000.000000,0.730000,0.650000,0.730000,2062835000.000000,1878034250.000000,2062835000.000000,72777943637.000000,206.000000,147.619000,80899000.000000,0.182000,1.000000,2456768000.000000,0.321000,408182000.000000,45015000.000000,4429706000.000000,3814875250.000000,0.000000,1685729000.000000,1286607000.000000,399122000.000000,6051441000.000000,3825711000.000000,2225730000.000000,1710402000.000000,280103000.000000,242833000.000000,1459737000.000000,0.000000,1661034000.000000,-139842000.000000,-316920000.000000,183924000.000000,5286000.000000,310086000.000000,310086000.000000,310086000.000000,0.000000,0.000000,0.041000,2503418000.000000,-46650000.000000,2873788000.000000,0.000000,34.950000,232.504000,222.671000,646120000.000000,0.000000,162.550000,9.422000,9.441000,846786000.000000,-591182000.000000,7652037000.000000,7652037000.000000,807109000.000000,0.047000,0.165000,0.093000,0.046000,364012000.000000,1505194000.000000,1.000000,443531748.000000,444458000.000000,488069000.000000,17.217000,7706094000.000000,0.000000,-1078000.000000,0.000000,17.338000
MRT,2020-12-31,2020-12-31,2020-12-31,2020-Q4,3635525000.000000,98141885152.000000,2025-05-01,23328000.000000,9869550000.000000,7949992750.000000,7761629000.000000,2107921000.000000,1.195000,6.051000,-138402000.000000,3158058000.000000,3158058000.000000,6764169000.000000,213105000.000000,1.881000,2.681000,3493427000.000000,516841000.000000,2976586000.000000,3493427000.000000,0.000000,154465000.000000,0.000000,0.000000,0.000000,272910000.000000,427375000.000000,0.045000,427375000.000000,272910000.000000,215967000.000000,0.480000,0.440000,0.480000,2681569000.000000,2119664000.000000,2681569000.000000,98691208152.000000,362.000000,230.924000,34708000.000000,0.078000,1.000000,2733409000.000000,0.288000,454313000.000000,56943000.000000,5624502000.000000,4583608750.000000,0.000000,1621727000.000000,1157777000.000000,463950000.000000,7187981000.000000,4126104000.000000,3061877000.000000,3256204000.000000,-79221000.000000,394080000.000000,2242493000.000000,0.000000,3676735000.000000,-606636000.000000,-389013000.000000,173110000.000000,12995000.000000,213105000.000000,213105000.000000,213105000.000000,0.000000,0.000000,0.022000,2752224000.000000,-18815000.000000,3248413000.000000,0.000000,36.599000,460.533000,453.417000,690408000.000000,0.000000,217.640000,10.333000,10.154000,1024895000.000000,-297223000.000000,9497578000.000000,9497578000.000000,881826000.000000,0.027000,0.101000,0.060000,0.029000,397800000.000000,1688873000.000000,1.000000,450936800.000000,443126000.000000,482167000.000000,21.433000,9415237000.000000,0.000000,2862000.000000,0.000000,21.247000
MRT,2021-03-31,2021-03-31,2021-03-31,2021-Q1,3757754000.000000,103220258553.000000,2025-05-01,10199000.000000,11348720000.000000,9286204500.000000,9318856000.000000,2029864000.000000,1.419000,5.087000,-146414000.000000,3022485000.000000,3022485000.000000,10015330000.000000,358004000.000000,1.676000,3.904000,4200264000.000000,819693000.000000,3380571000.000000,4200264000.000000,0.000000,168912000.000000,0.000000,0.000000,0.000000,409268000.000000,578180000.000000,0.044000,578180000.000000,409268000.000000,361278000.000000,0.800000,0.740000,0.800000,2314373000.000000,2246271000.000000,2314373000.000000,103555627553.000000,253.000000,179.106000,-123793000.000000,-0.272000,1.000000,3158409000.000000,0.240000,446233000.000000,47990000.000000,6519164000.000000,5259856250.000000,0.000000,1909374000.000000,1386832000.000000,522542000.000000,9034347000.000000,5561102000.000000,3473245000.000000,3269159000.000000,-66479000.000000,296065000.000000,1556366000.000000,0.000000,3878203000.000000,-650042000.000000,-437149000.000000,22621000.000000,18377000.000000,358004000.000000,358004000.000000,358004000.000000,0.000000,0.000000,0.027000,3019200000.000000,139209000.000000,4292785000.000000,0.000000,44.600000,288.322000,283.812000,709033000.000000,0.000000,227.050000,7.835000,7.841000,1109505000.000000,-155241000.000000,13173739000.000000,13173739000.000000,996091000.000000,0.039000,0.159000,0.078000,0.031000,439120000.000000,1910212000.000000,1.000000,454614660.000000,454973000.000000,501353000.000000,28.955000,10902487000.000000,0.000000,3274000.000000,0.000000,23.963000
MRT,2021-06-30,2021-06-30,2021-06-30,2021-Q2,5353465000.000000,111018877114.000000,2025-05-01,7838000.000000,13815688000.000000,10787058500.000000,11000235000.000000,2815453000.000000,1.477000,5.904000,-148469000.000000,4581234000.000000,4581234000.000000,12228076000.000000,573160000.000000,1.948000,4.120000,6126633000.000000,880785000.000000,5245848000.000000,6126633000.000000,0.000000,179647000.000000,0.000000,0.000000,0.000000,607854000.000000,787501000.000000,0.049000,787501000.000000,607854000.000000,568169000.000000,1.280000,1.170000,1.280000,2688852000.000000,2436907250.000000,2688852000.000000,112196656114.000000,185.000000,142.472000,422628000.000000,0.928000,1.000000,3702710000.000000,0.232000,763596000.000000,39685000.000000,8950721000.000000,6381023250.000000,0.000000,2769398000.000000,1822305000.000000,947093000.000000,11078987000.000000,5646770000.000000,5432217000.000000,4575717000.000000,-225171000.000000,288650000.000000,3139905000.000000,0.000000,5230915000.000000,-1237380000.000000,-863740000.000000,571097000.000000,11085000.000000,573503000.000000,573503000.000000,573503000.000000,0.000000,-343000.000000,0.036000,3415455000.000000,287255000.000000,4250172000.000000,0.000000,41.289000,193.580000,190.469000,722160000.000000,0.000000,243.800000,6.969000,6.970000,1155757000.000000,48780000.000000,15930786000.000000,15930786000.000000,1112420000.000000,0.053000,0.235000,0.095000,0.038000,489075000.000000,2130473000.000000,1.000000,455368651.000000,455431000.000000,522578000.000000,34.980000,13052092000.000000,0.000000,-5334000.000000,0.000000,28.659000
MRT,2021-09-30,2021-09-30,2021-09-30,2021-Q3,5012892000.000000,110253956568.000000,2025-05-01,-7411000.000000,13909426000.000000,12235846000.000000,10562037000.000000,3347389000.000000,1.368000,6.425000,-150077000.000000,4514609000.000000,4514609000.000000,12700169000.000000,533769000.000000,1.903000,3.684000,5914659000.000000,786140000.000000,5128519000.000000,5914659000.000000,0.000000,199627000.000000,0.000000,0.000000,0.000000,571673000.000000,771300000.000000,0.046000,771300000.000000,571673000.000000,533559000.000000,1.200000,1.100000,1.200000,2959825000.000000,2661154750.000000,2959825000.000000,111799355568.000000,196.000000,144.949000,415632000.000000,0.902000,1.000000,4041470000.000000,0.241000,788240000.000000,38114000.000000,8972091000.000000,7516619500.000000,0.000000,3028002000.000000,1576895000.000000,1451107000.000000,10904712000.000000,5549145000.000000,5355567000.000000,4187412000.000000,-213970000.000000,272846000.000000,3016148000.000000,0.000000,4955333000.000000,-1331542000.000000,-967495000.000000,565709000.000000,-2088000.000000,537072000.000000,537072000.000000,537072000.000000,0.000000,-3303000.000000,0.032000,3780561000.000000,260909000.000000,4108510000.000000,0.000000,37.250000,205.287000,199.867000,723534000.000000,0.000000,239.840000,6.586000,6.599000,1211886000.000000,48864000.000000,16741639000.000000,16741639000.000000,1245599000.000000,0.044000,0.202000,0.076000,0.034000,543670000.000000,2304529000.000000,1.000000,459697951.000000,460654000.000000,504120000.000000,36.343000,13121186000.000000,0.000000,-3513000.000000,0.000000,28.484000
MRT,2021-12-31,2021-12-31,2021-12-31,2021-Q4,5085824000.000000,74500628132.000000,2025-05-01,-16435000.000000,15026360000.000000,13525048500.000000,11621524000.000000,3404836000.000000,1.306000,7.139000,-134320000.000000,4443669000.000000,4443669000.000000,13241380000.000000,158826000.000000,1.778000,3.579000,5452213000.000000,497988000.000000,4954225000.000000,5452213000.000000,0.000000,217894000.000000,0.000000,0.000000,0.000000,198044000.000000,415938000.000000,0.024000,415938000.000000,198044000.000000,164920000.000000,0.360000,0.330000,0.360000,3272855000.000000,2808976250.000000,3272855000.000000,75900678132.000000,383.000000,182.481000,713510000.000000,1.556000,1.000000,4419823000.000000,0.250000,776325000.000000,33124000.000000,8722879000.000000,8291213750.000000,0.000000,2913653000.000000,1387223000.000000,1526430000.000000,11712771000.000000,6535700000.000000,5177071000.000000,2181919000.000000,-163970000.000000,126719000.000000,2005267000.000000,0.000000,2652034000.000000,-1310879000.000000,-1012589000.000000,847830000.000000,-7066000.000000,166284000.000000,166284000.000000,166284000.000000,0.000000,-7458000.000000,0.009000,4258711000.000000,161112000.000000,4234235000.000000,0.000000,22.763000,448.032000,448.639000,731546000.000000,0.000000,161.510000,4.218000,4.192000,1171612000.000000,-27965000.000000,17661203000.000000,17661203000.000000,1383841000.000000,0.012000,0.059000,0.024000,0.011000,608040000.000000,2600006000.000000,1.000000,461275637.000000,458432000.000000,501779000.000000,38.525000,14250035000.000000,0.000000,-1364000.000000,15236000.000000,31.084000
MRT,2022-03-31,2022-03-31,2022-03-31,2022-Q1,5830663000.000000,78655871851.000000,2025-05-01,218357000.000000,29127467000.000000,17969735250.000000,11860684000.000000,17266783000.000000,0.922000,32.161000,-141358000.000000,3993565000.000000,3993565000.000000,11813296000.000000,-87545000.000000,1.967000,0.671000,5361683000.000000,196029000.000000,5165654000.000000,5361683000.000000,0.000000,261013000.000000,0.000000,0.000000,0.000000,-32317000.000000,228696000.000000,0.014000,228696000.000000,-32317000.000000,-80936000.000000,-0.100000,-0.130000,-0.100000,17412822000.000000,6583588500.000000,17412822000.000000,79727987851.000000,-2467.000000,348.620000,965088000.000000,1.782000,1.000000,4751282000.000000,0.287000,14704129000.000000,48619000.000000,9761435000.000000,9101781500.000000,0.000000,3791303000.000000,2458164000.000000,1333139000.000000,11677075000.000000,6030021000.000000,5647054000.000000,1648285000.000000,406733000.000000,97921000.000000,353417000.000000,0.000000,563890000.000000,-22243000.000000,-287618000.000000,1106446000.000000,192000.000000,-76923000.000000,-76923000.000000,-76923000.000000,0.000000,-10622000.000000,-0.005000,4884695000.000000,-133413000.000000,4899628000.000000,0.000000,4.517000,-1022.527000,-1356.000000,758161000.000000,0.000000,135.600000,4.748000,4.432000,1341852000.000000,-232164000.000000,16564578000.000000,16564578000.000000,1534355000.000000,-0.004000,-0.012000,-0.004000,-0.002000,764840000.000000,3000501000.000000,1.000000,580058052.000000,541435000.000000,541435000.000000,30.594000,14423338000.000000,0.000000,-4013000.000000,238683000.000000,26.639000
MRT,2022-06-30,2022-06-30,2022-06-30,2022-Q2,5565349000.000000,35677773259.000000,2025-05-01,-429916000.000000,28885160000.000000,21737103250.000000,12526335000.000000,16358825000.000000,0.749000,28.993000,-153112000.000000,4020466000.000000,4020466000.000000,11208539000.000000,-500500000.000000,1.800000,0.712000,5283557000.000000,653507000.000000,4630050000.000000,5283557000.000000,0.000000,328018000.000000,0.000000,0.000000,0.000000,-427186000.000000,-99168000.000000,-0.006000,-99168000.000000,-427186000.000000,-482307000.000000,-0.910000,-0.890000,-0.910000,16855104000.000000,10125151500.000000,16855104000.000000,37045891259.000000,-87.000000,-373.567000,563361000.000000,0.969000,1.000000,5079866000.000000,0.312000,14130213000.000000,55121000.000000,9057052000.000000,9128364250.000000,0.000000,3688229000.000000,2668889000.000000,1019340000.000000,11993749000.000000,6960986000.000000,5032763000.000000,134343000.000000,539808000.000000,97681000.000000,-1733386000.000000,0.000000,-1509157000.000000,962443000.000000,575747000.000000,716473000.000000,-35416000.000000,-488958000.000000,-488958000.000000,-488958000.000000,0.000000,-11542000.000000,-0.030000,5552046000.000000,-472180000.000000,4810611000.000000,0.000000,2.117000,-72.967000,-67.538000,754459000.000000,0.000000,61.460000,2.190000,2.194000,1472908000.000000,-440178000.000000,16288405000.000000,16288405000.000000,1735123000.000000,-0.022000,-0.048000,-0.047000,-0.026000,875113000.000000,3332305000.000000,1.000000,580503958.000000,581350000.000000,581350000.000000,28.018000,14754947000.000000,0.000000,6651000.000000,189198000.000000,25.380000
MRT,2022-09-30,2022-09-30,2022-09-30,2022-Q3,6270196000.000000,32454748704.000000,2025-05-01,-1046639000.000000,29120932000.000000,25539979750.000000,13548761000.000000,15572171000.000000,0.664000,27.836000,-158001000.000000,4331787000.000000,4331787000.000000,11445479000.000000,-516368000.000000,1.861000,0.763000,5518055000.000000,561590000.000000,4956465000.000000,5518055000.000000,0.000000,380783000.000000,0.000000,0.000000,0.000000,-467089000.000000,-86306000.000000,-0.005000,-86306000.000000,-467089000.000000,-514843000.000000,-0.930000,-0.910000,-0.930000,16497664000.000000,13509611250.000000,16497664000.000000,33717839704.000000,-72.000000,-390.678000,166887000.000000,0.282000,1.000000,5513740000.000000,0.325000,13588860000.000000,47754000.000000,9439775000.000000,9245285250.000000,0.000000,3570960000.000000,2768080000.000000,802880000.000000,12590994000.000000,7278565000.000000,5312429000.000000,848755000.000000,539453000.000000,91086000.000000,-1365604000.000000,0.000000,-839396000.000000,1450990000.000000,1069538000.000000,324888000.000000,-87727000.000000,-503753000.000000,-503753000.000000,-503753000.000000,0.000000,-12615000.000000,-0.030000,6057705000.000000,-543965000.000000,5220811000.000000,0.000000,1.967000,-64.426000,-59.129000,741897000.000000,0.000000,54.990000,1.914000,1.922000,1761694000.000000,-454889000.000000,16959219000.000000,16959219000.000000,1922431000.000000,-0.020000,-0.037000,-0.051000,-0.028000,972835000.000000,3537159000.000000,1.000000,590193648.000000,592672000.000000,592672000.000000,28.615000,15532072000.000000,0.000000,-11090000.000000,159498000.000000,26.207000
MRT,2022-12-31,2022-12-31,2022-12-31,2022-Q4,7188889000.000000,37582787798.000000,2025-05-01,-523090000.000000,31364340000.000000,29624474750.000000,15623405000.000000,15740935000.000000,0.592000,29.749000,-170815000.000000,4544202000.000000,4544202000.000000,11539695000.000000,-553005000.000000,1.852000,0.819000,6265910000.000000,921596000.000000,5344314000.000000,6265910000.000000,0.000000,470334000.000000,0.000000,0.000000,0.000000,-516831000.000000,-46497000.000000,-0.003000,-46497000.000000,-516831000.000000,-553059000.000000,-0.930000,-0.930000,-0.930000,17222879000.000000,16997117250.000000,17222879000.000000,38769055798.000000,-75.000000,-833.797000,5088000.000000,0.009000,1.000000,5991892000.000000,0.342000,13980795000.000000,36228000.000000,10670737000.000000,9732249750.000000,0.000000,4000476000.000000,3427047000.000000,573429000.000000,14112985000.000000,8434516000.000000,5678469000.000000,1460816000.000000,539453000.000000,81768000.000000,-323140000.000000,0.000000,97580000.000000,1225696000.000000,857058000.000000,175903000.000000,-38363000.000000,-540747000.000000,-540747000.000000,-540747000.000000,0.000000,-12258000.000000,-0.031000,6616424000.000000,-624532000.000000,6011161000.000000,0.000000,2.182000,-69.502000,-67.570000,702474000.000000,0.000000,62.840000,2.144000,2.075000,2416324000.000000,-568712000.000000,17531587000.000000,17531587000.000000,2135612000.000000,-0.018000,-0.032000,-0.053000,-0.029000,1071278000.000000,3744800000.000000,1.000000,598071098.000000,578949000.000000,578949000.000000,30.282000,17383545000.000000,0.000000,-12312000.000000,132498000.000000,30.026000
MRT,2023-03-31,2023-03-31,2023-03-31,2023-Q1,7194213000.000000,41329090735.000000,2025-05-01,-572561000.000000,31337327000.000000,30176939750.000000,15900479000.000000,15436848000.000000,0.615000,28.974000,-161881000.000000,5061091000.000000,5061091000.000000,12149557000.000000,-249814000.000000,1.826000,0.794000,5592284000.000000,765734000.000000,4826550000.000000,5592284000.000000,0.000000,495088000.000000,0.000000,0.000000,0.000000,-249484000.000000,245604000.000000,0.013000,245604000.000000,-249484000.000000,-269964000.000000,-0.400000,-0.400000,-0.400000,17448897000.000000,17006136000.000000,17448897000.000000,43067638735.000000,-173.000000,175.354000,79000000.000000,0.131000,1.000000,6411516000.000000,0.345000,13868360000.000000,20480000.000000,9293894000.000000,9615364500.000000,0.000000,3400122000.000000,2987375000.000000,412747000.000000,13862442000.000000,8706266000.000000,5156176000.000000,1980559000.000000,-31250000.000000,84500000.000000,378938000.000000,0.000000,1057053000.000000,719007000.000000,912138000.000000,240881000.000000,-36382000.000000,-238232000.000000,-238232000.000000,-238232000.000000,0.000000,-11582000.000000,-0.013000,6815431000.000000,-403915000.000000,6147834000.000000,0.000000,2.369000,-173.483000,-171.625000,344229000.000000,0.000000,68.650000,2.227000,2.227000,1897835000.000000,-585550000.000000,18561073000.000000,18561073000.000000,2304325000.000000,-0.008000,-0.014000,-0.026000,-0.013000,1075447000.000000,3727925000.000000,1.000000,602026085.000000,602234000.000000,623579000.000000,30.820000,17468967000.000000,0.000000,-31732000.000000,0.000000,29.007000
MRT,2023-06-30,2023-06-30,2023-06-30,2023-Q2,7602060000.000000,40267904219.000000,2025-05-01,-537378000.000000,31075924000.000000,30724630750.000000,15841096000.000000,15234828000.000000,0.641000,29.252000,-147170000.000000,4745884000.000000,4745884000.000000,12883562000.000000,-145915000.000000,1.923000,0.750000,5250216000.000000,530321000.000000,4719895000.000000,5250216000.000000,0.000000,543702000.000000,0.000000,0.000000,0.000000,-165932000.000000,377770000.000000,0.019000,377770000.000000,-165932000.000000,-173446000.000000,-0.210000,-0.210000,-0.210000,17747156000.000000,17229149000.000000,17747156000.000000,40799097219.000000,-246.000000,108.000000,321655000.000000,0.530000,1.000000,6807969000.000000,0.346000,13822323000.000000,7514000.000000,9518897000.000000,9730825750.000000,0.000000,3545890000.000000,3248660000.000000,297230000.000000,13306116000.000000,8239036000.000000,5067080000.000000,1553940000.000000,-21000.000000,104613000.000000,100529000.000000,0.000000,616769000.000000,464312000.000000,611503000.000000,468825000.000000,4034000.000000,-132260000.000000,-132260000.000000,-132260000.000000,0.000000,-13655000.000000,-0.007000,7130218000.000000,-322249000.000000,5859615000.000000,0.000000,2.269000,-304.460000,-317.000000,282808000.000000,0.000000,66.570000,2.045000,2.051000,2055298000.000000,-708056000.000000,19691531000.000000,19691531000.000000,2474170000.000000,-0.004000,-0.008000,-0.017000,-0.008000,1138062000.000000,3888278000.000000,1.000000,604895662.000000,606692000.000000,606692000.000000,32.457000,17253601000.000000,0.000000,-41186000.000000,0.000000,28.439000
MRT,2023-09-30,2023-09-30,2023-09-30,2023-Q3,8348485000.000000,27001972258.000000,2025-05-01,-802482000.000000,32554898000.000000,31583122250.000000,17540600000.000000,15014298000.000000,0.658000,29.140000,-148563000.000000,5112293000.000000,5112293000.000000,13654154000.000000,-220715000.000000,1.908000,0.827000,5330624000.000000,51858000.000000,5278766000.000000,5330624000.000000,0.000000,567063000.000000,0.000000,0.000000,0.000000,-168988000.000000,398075000.000000,0.019000,398075000.000000,-168988000.000000,-149045000.000000,-0.340000,-0.340000,-0.340000,17812660000.000000,17557898000.000000,17812660000.000000,27506304258.000000,-163.000000,69.098000,795690000.000000,1.302000,1.000000,7139329000.000000,0.343000,13528149000.000000,-19943000.000000,10052965000.000000,9884123250.000000,0.000000,3879330000.000000,3453128000.000000,426202000.000000,14724392000.000000,9192115000.000000,5532277000.000000,1036236000.000000,0.000000,102951000.000000,-67329000.000000,0.000000,-61585000.000000,125414000.000000,273977000.000000,944253000.000000,28154000.000000,-206287000.000000,-206287000.000000,-206287000.000000,0.000000,-14428000.000000,-0.010000,7422697000.000000,-283368000.000000,7188467000.000000,0.000000,1.516000,-130.895000,-130.176000,268418000.000000,0.000000,44.260000,1.299000,1.301000,3689046000.000000,-737010000.000000,20793483000.000000,20793483000.000000,2639921000.000000,-0.007000,-0.012000,-0.017000,-0.008000,1220998000.000000,3967269000.000000,1.000000,610076192.000000,611276000.000000,611276000.000000,34.017000,19026749000.000000,0.000000,57242000.000000,0.000000,31.126000
MRT,2023-12-31,2023-12-31,2023-12-31,2023-Q4,8935653000.000000,47500093550.000000,2025-05-01,-378307000.000000,33031308000.000000,31999864250.000000,17818697000.000000,15212611000.000000,0.685000,30.706000,-151151000.000000,4996465000.000000,4996465000.000000,14410737000.000000,-21124000.000000,2.006000,0.767000,6017796000.000000,753035000.000000,5264761000.000000,6017796000.000000,0.000000,552758000.000000,0.000000,0.000000,0.000000,-45468000.000000,507290000.000000,0.023000,507290000.000000,-45468000.000000,1753000.000000,0.020000,0.020000,0.020000,18695256000.000000,17925992250.000000,18695256000.000000,47718424550.000000,-1049.000000,94.065000,-50190000.000000,-0.082000,1.000000,7504886000.000000,0.342000,13681241000.000000,-47221000.000000,11488354000.000000,10088527500.000000,0.000000,4323147000.000000,4072020000.000000,251127000.000000,14338472000.000000,8883044000.000000,5455428000.000000,573181000.000000,0.000000,-26379000.000000,-209022000.000000,0.000000,-240137000.000000,683201000.000000,834352000.000000,100961000.000000,29156000.000000,9772000.000000,9772000.000000,9772000.000000,0.000000,-30896000.000000,0.000000,7783725000.000000,-278839000.000000,6795340000.000000,0.000000,2.541000,4860.836000,3867.500000,540757000.000000,0.000000,77.350000,2.167000,2.149000,3226294000.000000,-528429000.000000,21915623000.000000,21915623000.000000,2720819000.000000,0.000000,0.001000,-0.005000,-0.002000,1276097000.000000,4228199000.000000,1.000000,614093000.000000,608856000.000000,614024000.000000,35.995000,19350067000.000000,9397000.000000,-8019000.000000,35695000.000000,31.781000
MRT,2024-03-31,2024-03-31,2024-03-31,2024-Q1,8037102000.000000,52075313940.000000,2025-05-01,-660203000.000000,35612830000.000000,33068740000.000000,20538304000.000000,15074526000.000000,0.692000,30.777000,-150896000.000000,5753436000.000000,5753436000.000000,14997845000.000000,353868000.000000,1.643000,0.877000,5076830000.000000,1407623000.000000,3669207000.000000,5076830000.000000,0.000000,547404000.000000,0.000000,0.000000,0.000000,373195000.000000,920599000.000000,0.040000,920599000.000000,373195000.000000,432056000.000000,0.620000,0.590000,0.620000,18970801000.000000,18306468250.000000,18970801000.000000,53096644940.000000,142.000000,57.676000,145059000.000000,0.235000,1.000000,7884775000.000000,0.345000,13394947000.000000,-58861000.000000,9040075000.000000,10025072750.000000,0.000000,3379736000.000000,3379736000.000000,0.000000,16645634000.000000,12501202000.000000,4144432000.000000,1185342000.000000,0.000000,-265356000.000000,-189369000.000000,0.000000,-198645000.000000,1101664000.000000,1252560000.000000,295955000.000000,-13632000.000000,383461000.000000,383461000.000000,383461000.000000,0.000000,-29593000.000000,0.017000,7907699000.000000,-22924000.000000,8137147000.000000,0.000000,2.745000,135.803000,136.419000,0.000000,0.000000,84.580000,2.276000,2.278000,3714810000.000000,-56424000.000000,22882620000.000000,22882620000.000000,2814456000.000000,0.012000,0.021000,0.037000,0.016000,1307673000.000000,4214508000.000000,1.000000,615693000.000000,616401000.000000,637360000.000000,37.123000,22217883000.000000,0.000000,48595000.000000,0.000000,36.045000
MRT,2024-06-30,2024-06-30,2024-06-30,2024-Q2,10060585000.000000,39792974090.000000,2025-05-01,-532369000.000000,37546600000.000000,34686409000.000000,22291278000.000000,15255322000.000000,0.678000,31.250000,-159731000.000000,7799093000.000000,7799093000.000000,15251072000.000000,649118000.000000,1.823000,0.946000,7044770000.000000,1462005000.000000,5582765000.000000,7044770000.000000,0.000000,496642000.000000,0.000000,0.000000,0.000000,737684000.000000,1234326000.000000,0.053000,1234326000.000000,737684000.000000,796545000.000000,1.110000,1.070000,1.110000,19301996000.000000,18695178250.000000,19301996000.000000,39116368090.000000,53.000000,31.690000,542298000.000000,0.878000,1.000000,8252154000.000000,0.351000,13451443000.000000,-58861000.000000,11110141000.000000,10422883750.000000,0.000000,3635522000.000000,3635522000.000000,0.000000,18253605000.000000,12230693000.000000,6022912000.000000,3310395000.000000,0.000000,-647743000.000000,2099515000.000000,0.000000,1654220000.000000,971716000.000000,1131447000.000000,702029000.000000,-17570000.000000,680771000.000000,680771000.000000,680771000.000000,0.000000,-31653000.000000,0.029000,7836409000.000000,415745000.000000,8059588000.000000,0.000000,2.062000,58.453000,58.099000,0.000000,0.000000,64.490000,1.693000,1.695000,3964214000.000000,138844000.000000,23503226000.000000,23503226000.000000,2832947000.000000,0.020000,0.036000,0.071000,0.031000,1309043000.000000,4108738000.000000,1.000000,617041000.000000,617666000.000000,634221000.000000,38.052000,24095157000.000000,0.000000,115774000.000000,0.000000,39.010000
MRT,2024-09-30,2024-09-30,2024-09-30,2024-Q3,10734950000.000000,41328248850.000000,2025-05-01,-189912000.000000,36355435000.000000,35636543250.000000,20774912000.000000,15580523000.000000,0.670000,32.317000,-178648000.000000,8299804000.000000,8299804000.000000,15258144000.000000,1023798000.000000,2.069000,0.826000,7067954000.000000,1136863000.000000,5931091000.000000,7067954000.000000,0.000000,478184000.000000,0.000000,0.000000,0.000000,1107274000.000000,1585458000.000000,0.066000,1585458000.000000,1107274000.000000,1130909000.000000,1.720000,1.670000,1.720000,19920914000.000000,19222241750.000000,19920914000.000000,40573925850.000000,37.000000,25.591000,716979000.000000,1.163000,1.000000,8603390000.000000,0.361000,13656044000.000000,-23635000.000000,11427579000.000000,10766537250.000000,0.000000,3604182000.000000,3604182000.000000,0.000000,16446140000.000000,10039962000.000000,6406178000.000000,4263707000.000000,0.000000,-995921000.000000,1998295000.000000,0.000000,2045528000.000000,1251341000.000000,1429989000.000000,895627000.000000,71211000.000000,1053263000.000000,1053263000.000000,1053263000.000000,0.000000,-29465000.000000,0.044000,7854728000.000000,748662000.000000,6156306000.000000,0.000000,2.075000,39.238000,39.029000,0.000000,0.000000,67.130000,1.732000,1.734000,1508491000.000000,422598000.000000,23861534000.000000,23861534000.000000,2830142000.000000,0.030000,0.055000,0.103000,0.046000,1287428000.000000,4136082000.000000,1.000000,615645000.000000,616428000.000000,632760000.000000,38.709000,22699391000.000000,0.000000,77646000.000000,0.000000,36.824000
MRT,2024-12-31,2024-12-31,2024-12-31,2024-Q4,11333403000.000000,52677991860.000000,2025-05-01,-1001065000.000000,36777595000.000000,36573115000.000000,19880201000.000000,16897394000.000000,0.660000,34.470000,-153947000.000000,8075247000.000000,8075247000.000000,15232017000.000000,2866497000.000000,2.326000,0.731000,7587116000.000000,1184497000.000000,6402619000.000000,7587116000.000000,0.000000,448182000.000000,0.000000,0.000000,0.000000,1397006000.000000,1845188000.000000,0.076000,1845188000.000000,1397006000.000000,1387704000.000000,4.700000,4.560000,4.700000,21267932000.000000,19865410750.000000,21267932000.000000,51446141860.000000,37.000000,27.881000,1553403000.000000,2.518000,1.000000,8889036000.000000,0.369000,12850489000.000000,9302000.000000,14892177000.000000,11617493000.000000,0.000000,3615986000.000000,3615986000.000000,0.000000,15542633000.000000,8546798000.000000,6995835000.000000,4221425000.000000,0.000000,-1015560000.000000,1899397000.000000,0.000000,1952662000.000000,649952000.000000,803899000.000000,1707350000.000000,-88539000.000000,2897047000.000000,2897047000.000000,2897047000.000000,0.000000,-30550000.000000,0.120000,7996709000.000000,892327000.000000,5837152000.000000,0.000000,2.477000,18.183000,18.083000,0.000000,0.000000,84.990000,2.184000,2.174000,1060966000.000000,2368618000.000000,24121053000.000000,24121053000.000000,2914415000.000000,0.079000,0.146000,0.120000,0.058000,1272779000.000000,4133364000.000000,1.000000,619814000.000000,616993000.000000,636390000.000000,39.095000,23927106000.000000,1800994000.000000,-1509343000.000000,0.000000,38.780000
MRT,2025-03-31,2025-03-31,2025-03-31,2025-Q1,11025668000.000000,33656348400.000000,2025-05-01,-870815000.000000,36395567000.000000,36768799250.000000,19712379000.000000,16683188000.000000,0.651000,34.663000,-153831000.000000,7088831000.000000,7088831000.000000,14851555000.000000,2584399000.000000,2.269000,0.697000,5727384000.000000,0.000000,5727384000.000000,5727384000.000000,0.000000,439347000.000000,0.000000,0.000000,0.000000,1155568000.000000,1594915000.000000,0.067000,1594915000.000000,1155568000.000000,1108407000.000000,4.250000,4.120000,4.250000,21469194000.000000,20490009000.000000,21469194000.000000,33446834400.000000,29.000000,20.971000,1197460000.000000,1.933000,1.000000,9084166000.000000,0.380000,12894983000.000000,47161000.000000,13452426000.000000,12720580750.000000,0.000000,3390849000.000000,3390849000.000000,0.000000,14960493000.000000,8686711000.000000,6273782000.000000,2557650000.000000,0.000000,-1226423000.000000,660465000.000000,0.000000,708621000.000000,522273000.000000,676104000.000000,1351291000.000000,-24535000.000000,2614914000.000000,2614914000.000000,2614914000.000000,0.000000,-30515000.000000,0.109000,8112280000.000000,971886000.000000,7102749000.000000,0.000000,1.568000,12.871000,12.784000,0.000000,0.000000,54.330000,1.406000,1.406000,1102538000.000000,2558490000.000000,23935721000.000000,23935721000.000000,2954540000.000000,0.071000,0.128000,0.091000,0.048000,1276847000.000000,4214476000.000000,1.000000,619480000.000000,619370000.000000,635342000.000000,38.645000,23500584000.000000,1766132000.000000,-1506507000.000000,0.000000,37.943000
MRY,2012-12-31,2012-12-31,2012-12-31,2012-FY,,,2025-05-01,,,,,,,,-13033000.000000,,,138898000.000000,-85199000.000000,,,,,,,,3579000.000000,,,0.000000,-85199000.000000,-81620000.000000,-0.401000,-81620000.000000,-85199000.000000,-85199000.000000,-0.710000,-0.710000,-0.710000,,,,,,,-55958000.000000,-0.469000,1.000000,64551000.000000,0.317000,,0.000000,,,,,,,,,,136460000.000000,0.000000,5616000.000000,-190000.000000,0.000000,227180000.000000,-47791000.000000,0.000000,-42925000.000000,-4000.000000,-85199000.000000,-85199000.000000,-85199000.000000,0.000000,0.000000,-0.419000,149912000.000000,-85361000.000000,,0.000000,,,,,0.000000,,,,,,203449000.000000,203449000.000000,46568000.000000,,,,-0.419000,8114000.000000,92832000.000000,1.000000,,119220000.000000,119220000.000000,1.707000,,,0.000000,,
MRY,2013-12-31,2013-12-31,2013-12-31,2013-FY,124061000.000000,,2025-05-01,-693000.000000,318341000.000000,,253802000.000000,64539000.000000,,1.269000,-47931000.000000,185446000.000000,185446000.000000,423648000.000000,-104493000.000000,1.956000,0.962000,0.000000,0.000000,0.000000,0.000000,0.000000,8272000.000000,0.000000,,0.000000,-103980000.000000,-95708000.000000,-0.173000,-95708000.000000,-103980000.000000,-103980000.000000,-0.820000,-0.820000,-0.820000,162294000.000000,,162294000.000000,,,,-108508000.000000,-0.849000,1.000000,128785000.000000,0.233000,1214000.000000,0.000000,1940000.000000,,0.000000,0.000000,0.000000,0.000000,156047000.000000,129741000.000000,26306000.000000,-53233000.000000,-2872000.000000,18906000.000000,0.000000,0.000000,18907000.000000,-10803000.000000,0.000000,-60577000.000000,-760000.000000,-104493000.000000,-104493000.000000,-104493000.000000,0.000000,0.000000,-0.189000,233727000.000000,-104942000.000000,100335000.000000,0.000000,,,,51656000.000000,0.000000,,,,64968000.000000,-241539000.000000,552433000.000000,552433000.000000,82864000.000000,,,,-0.188000,14658000.000000,133104000.000000,1.000000,,127845000.000000,127845000.000000,4.321000,317127000.000000,0.000000,513000.000000,0.000000,2.481000
MRY,2014-12-31,2014-12-31,2014-12-31,2014-FY,218761000.000000,,2025-05-01,-807000.000000,541888000.000000,430114500.000000,409867000.000000,132021000.000000,1.977000,1.927000,-28794000.000000,251644000.000000,251644000.000000,624118000.000000,-154093000.000000,2.145000,0.980000,30000000.000000,0.000000,30000000.000000,30000000.000000,0.000000,18586000.000000,0.000000,,0.000000,-150491000.000000,-131905000.000000,-0.155000,-131905000.000000,-150491000.000000,-152653000.000000,-1.080000,-1.080000,-1.080000,273672000.000000,217983000.000000,273672000.000000,,,,-141173000.000000,-0.994000,1.000000,226074000.000000,0.266000,50546000.000000,2162000.000000,78592000.000000,40266000.000000,0.000000,0.000000,0.000000,0.000000,268216000.000000,191106000.000000,77110000.000000,56139000.000000,11315000.000000,14056000.000000,30000000.000000,0.000000,194152000.000000,-24554000.000000,0.000000,-112379000.000000,-1080000.000000,-154093000.000000,-154093000.000000,-154093000.000000,0.000000,0.000000,-0.181000,376565000.000000,-150491000.000000,154084000.000000,0.000000,,,,63733000.000000,0.000000,,,,144783000.000000,-395632000.000000,850192000.000000,850192000.000000,144637000.000000,-0.358000,-0.707000,-3.737000,-0.177000,34752000.000000,206797000.000000,1.000000,,142042000.000000,142042000.000000,5.985000,491342000.000000,0.000000,1440000.000000,0.000000,3.459000
MRY,2015-12-31,2015-12-31,2015-12-31,2015-FY,371361000.000000,4227346293.000000,2025-05-01,-1185000.000000,894772000.000000,718330000.000000,705563000.000000,189209000.000000,1.764000,2.980000,-37432000.000000,489552000.000000,489552000.000000,897088000.000000,-179817000.000000,2.111000,0.761000,0.000000,0.000000,0.000000,0.000000,0.000000,27626000.000000,0.000000,0.000000,0.000000,-174458000.000000,-146832000.000000,-0.116000,-146832000.000000,-174458000.000000,-176071000.000000,-1.240000,-1.240000,-1.240000,508048000.000000,390860000.000000,508048000.000000,4026667293.000000,-23.000000,-27.424000,-16309000.000000,-0.096000,1.000000,370030000.000000,0.292000,83475000.000000,1613000.000000,-12457000.000000,33067500.000000,0.000000,604000.000000,604000.000000,0.000000,386724000.000000,334202000.000000,52522000.000000,240893000.000000,-5786000.000000,265097000.000000,-31387000.000000,0.000000,264763000.000000,-43218000.000000,0.000000,21123000.000000,-1775000.000000,-179817000.000000,-212017000.000000,-212017000.000000,0.000000,0.000000,-0.167000,544488000.000000,-174458000.000000,234234000.000000,0.000000,8.321000,-19.939000,-10.556000,87222000.000000,32200000.000000,13.090000,3.336000,1.761000,179200000.000000,-607649000.000000,1267118000.000000,1267118000.000000,199638000.000000,-0.295000,-0.542000,-5.276000,-0.138000,81191000.000000,289084000.000000,1.000000,322944713.000000,170498000.000000,170498000.000000,7.432000,811297000.000000,0.000000,3746000.000000,0.000000,4.758000
MRY,2016-12-31,2016-12-31,2016-12-31,2016-FY,423961000.000000,4799654229.000000,2025-05-01,-1989000.000000,1211362000.000000,1035482750.000000,1001425000.000000,209937000.000000,1.650000,1.687000,-25137000.000000,488745000.000000,488745000.000000,1132683000.000000,-171590000.000000,1.734000,1.103000,0.000000,0.000000,0.000000,0.000000,0.000000,37745000.000000,0.000000,0.000000,0.000000,-170206000.000000,-132461000.000000,-0.078000,-132461000.000000,-170206000.000000,-169673000.000000,-0.500000,-0.500000,-0.500000,576153000.000000,500721250.000000,576153000.000000,4325058229.000000,-25.000000,-32.652000,-2006000.000000,-0.006000,1.000000,576038000.000000,0.337000,76465000.000000,-533000.000000,68688000.000000,40450250.000000,0.000000,129411000.000000,102045000.000000,27366000.000000,635209000.000000,577464000.000000,57745000.000000,-807000.000000,-1360000.000000,96439000.000000,-168000.000000,0.000000,90741000.000000,-114241000.000000,-87344000.000000,23131000.000000,-438000.000000,-171590000.000000,-171590000.000000,-171590000.000000,0.000000,0.000000,-0.100000,746491000.000000,-170453000.000000,495385000.000000,0.000000,8.331000,-27.972000,-27.260000,88328000.000000,0.000000,13.630000,2.809000,2.724000,321102000.000000,-779239000.000000,1708721000.000000,1708721000.000000,268537000.000000,-0.166000,-0.343000,-4.208000,-0.100000,138786000.000000,425869000.000000,1.000000,352138975.000000,341555000.000000,341555000.000000,5.003000,1134897000.000000,0.000000,1917000.000000,0.000000,3.323000
MRY,2017-12-31,2017-12-31,2017-12-31,2017-FY,805467000.000000,13471640148.000000,2025-05-01,-1318000.000000,2187270000.000000,1900987250.000000,1778294000.000000,408976000.000000,1.165000,2.073000,-26097000.000000,735081000.000000,735081000.000000,1374947000.000000,-62813000.000000,1.828000,1.782000,358572000.000000,0.000000,358572000.000000,358572000.000000,0.000000,37279000.000000,0.000000,0.000000,0.000000,-52611000.000000,-15332000.000000,-0.007000,-15332000.000000,-52611000.000000,-62664000.000000,-0.170000,-0.170000,-0.170000,786333000.000000,712729750.000000,786333000.000000,13132367148.000000,-250.000000,-856.533000,101614000.000000,0.268000,1.000000,839306000.000000,0.379000,72661000.000000,10053000.000000,765273000.000000,677416000.000000,0.000000,446663000.000000,242996000.000000,203667000.000000,1400937000.000000,972827000.000000,428110000.000000,246336000.000000,-1915000.000000,219748000.000000,428250000.000000,0.000000,454933000.000000,-340611000.000000,-312599000.000000,127711000.000000,4303000.000000,-62813000.000000,-62813000.000000,-62813000.000000,0.000000,0.000000,-0.028000,893512000.000000,-54206000.000000,848524000.000000,0.000000,17.132000,-214.472000,-203.941000,91496000.000000,0.000000,34.670000,6.084000,5.940000,620523000.000000,-842735000.000000,2214253000.000000,2214253000.000000,321888000.000000,-0.033000,-0.088000,-0.078000,-0.024000,155836000.000000,503723000.000000,1.000000,388567642.000000,379344000.000000,379344000.000000,5.837000,2114609000.000000,0.000000,149000.000000,0.000000,5.574000
MRY,2018-12-31,2018-12-31,2018-12-31,2018-FY,1093364000.000000,23193080608.000000,2025-05-01,-6053000.000000,3281023000.000000,3297207500.000000,2111905000.000000,1169118000.000000,1.000000,2.762000,-61203000.000000,583173000.000000,583173000.000000,1994477000.000000,-38453000.000000,2.073000,1.928000,899695000.000000,0.000000,899695000.000000,899695000.000000,0.000000,60961000.000000,0.000000,0.000000,0.000000,-18145000.000000,42816000.000000,0.013000,42816000.000000,-18145000.000000,-36127000.000000,-0.090000,-0.090000,-0.090000,1120501000.000000,1033563500.000000,1120501000.000000,23451957608.000000,-1292.000000,547.738000,233877000.000000,0.576000,1.000000,1303700000.000000,0.395000,338807000.000000,17982000.000000,2240197000.000000,1642731750.000000,0.000000,1095645000.000000,630965000.000000,464680000.000000,2160522000.000000,1018541000.000000,1141981000.000000,-102234000.000000,-112399000.000000,245975000.000000,636279000.000000,0.000000,515755000.000000,-905848000.000000,-730662000.000000,295080000.000000,-7221000.000000,-38453000.000000,-38453000.000000,-38453000.000000,0.000000,0.000000,-0.012000,1340314000.000000,-36614000.000000,803352000.000000,0.000000,20.699000,-603.154000,-623.222000,291402000.000000,0.000000,56.090000,7.032000,6.900000,364946000.000000,-885774000.000000,3298177000.000000,3298177000.000000,497479000.000000,-0.012000,-0.037000,-0.011000,-0.006000,216881000.000000,750396000.000000,1.000000,413497604.000000,405731000.000000,405731000.000000,8.129000,2942216000.000000,0.000000,2326000.000000,0.000000,7.252000
MRY,2019-12-31,2019-12-31,2019-12-31,2019-FY,1525716000.000000,26880873201.000000,2025-05-01,1629000.000000,4551258000.000000,4402089750.000000,3219801000.000000,1331457000.000000,1.071000,4.035000,-62498000.000000,1047118000.000000,1047118000.000000,2823815000.000000,375446000.000000,1.901000,1.654000,1074937000.000000,27275000.000000,1047662000.000000,1074937000.000000,0.000000,105294000.000000,0.000000,0.000000,0.000000,399729000.000000,505023000.000000,0.107000,505023000.000000,399729000.000000,378213000.000000,0.880000,0.810000,0.880000,1715050000.000000,1317726250.000000,1715050000.000000,27288108201.000000,68.000000,54.033000,265132000.000000,0.624000,1.000000,1889685000.000000,0.401000,335424000.000000,21516000.000000,2549568000.000000,2408487500.000000,0.000000,1194593000.000000,657290000.000000,537303000.000000,2836208000.000000,1694085000.000000,1142123000.000000,670065000.000000,288952000.000000,118514000.000000,0.000000,0.000000,243401000.000000,95193000.000000,-131261000.000000,327630000.000000,3841000.000000,375446000.000000,375446000.000000,375446000.000000,0.000000,0.000000,0.080000,1863128000.000000,26557000.000000,1368969000.000000,0.000000,15.674000,71.597000,71.091000,262342000.000000,0.000000,62.560000,5.703000,5.641000,588692000.000000,-510328000.000000,4713500000.000000,4713500000.000000,674165000.000000,0.085000,0.285000,0.166000,0.085000,297863000.000000,1062004000.000000,1.000000,429681477.000000,424999000.000000,466076000.000000,11.091000,4215834000.000000,0.000000,2767000.000000,0.000000,9.920000
MRY,2020-12-31,2020-12-31,2020-12-31,2020-FY,3635525000.000000,98141885152.000000,2025-05-01,23328000.000000,9869550000.000000,7949992750.000000,7761629000.000000,2107921000.000000,1.195000,6.051000,-138402000.000000,3158058000.000000,3158058000.000000,6764169000.000000,213105000.000000,1.881000,2.681000,3493427000.000000,516841000.000000,2976586000.000000,3493427000.000000,0.000000,154465000.000000,0.000000,0.000000,0.000000,272910000.000000,427375000.000000,0.045000,427375000.000000,272910000.000000,215967000.000000,0.480000,0.440000,0.480000,2681569000.000000,2119664000.000000,2681569000.000000,98691208152.000000,362.000000,230.924000,34708000.000000,0.078000,1.000000,2733409000.000000,0.288000,454313000.000000,56943000.000000,5624502000.000000,4583608750.000000,0.000000,1621727000.000000,1157777000.000000,463950000.000000,7187981000.000000,4126104000.000000,3061877000.000000,3256204000.000000,-79221000.000000,394080000.000000,2242493000.000000,0.000000,3676735000.000000,-606636000.000000,-389013000.000000,173110000.000000,12995000.000000,213105000.000000,213105000.000000,213105000.000000,0.000000,0.000000,0.022000,2752224000.000000,-18815000.000000,3248413000.000000,0.000000,36.599000,460.533000,453.417000,690408000.000000,0.000000,217.640000,10.333000,10.154000,1024895000.000000,-297223000.000000,9497578000.000000,9497578000.000000,881826000.000000,0.027000,0.101000,0.060000,0.029000,397800000.000000,1688873000.000000,1.000000,450936800.000000,443126000.000000,482167000.000000,21.433000,9415237000.000000,0.000000,2862000.000000,0.000000,21.247000
MRY,2021-12-31,2021-12-31,2021-12-31,2021-FY,5085824000.000000,74500628132.000000,2025-05-01,-16435000.000000,15026360000.000000,13525048500.000000,11621524000.000000,3404836000.000000,1.306000,7.139000,-134320000.000000,4443669000.000000,4443669000.000000,13241380000.000000,158826000.000000,1.778000,3.579000,5452213000.000000,497988000.000000,4954225000.000000,5452213000.000000,0.000000,217894000.000000,0.000000,0.000000,0.000000,198044000.000000,415938000.000000,0.024000,415938000.000000,198044000.000000,164920000.000000,0.360000,0.330000,0.360000,3272855000.000000,2808976250.000000,3272855000.000000,75900678132.000000,383.000000,182.481000,713510000.000000,1.556000,1.000000,4419823000.000000,0.250000,776325000.000000,33124000.000000,8722879000.000000,8291213750.000000,0.000000,2913653000.000000,1387223000.000000,1526430000.000000,11712771000.000000,6535700000.000000,5177071000.000000,2181919000.000000,-163970000.000000,126719000.000000,2005267000.000000,0.000000,2652034000.000000,-1310879000.000000,-1012589000.000000,847830000.000000,-7066000.000000,166284000.000000,166284000.000000,166284000.000000,0.000000,-7458000.000000,0.009000,4258711000.000000,161112000.000000,4234235000.000000,0.000000,22.763000,448.032000,448.639000,731546000.000000,0.000000,161.510000,4.218000,4.192000,1171612000.000000,-27965000.000000,17661203000.000000,17661203000.000000,1383841000.000000,0.012000,0.059000,0.024000,0.011000,608040000.000000,2600006000.000000,1.000000,461275637.000000,458432000.000000,501779000.000000,38.525000,14250035000.000000,0.000000,-1364000.000000,15236000.000000,31.084000
MRY,2022-12-31,2022-12-31,2022-12-31,2022-FY,7188889000.000000,37582787798.000000,2025-05-01,-523090000.000000,31364340000.000000,29624474750.000000,15623405000.000000,15740935000.000000,0.592000,29.749000,-170815000.000000,4544202000.000000,4544202000.000000,11539695000.000000,-553005000.000000,1.852000,0.819000,6265910000.000000,921596000.000000,5344314000.000000,6265910000.000000,0.000000,470334000.000000,0.000000,0.000000,0.000000,-516831000.000000,-46497000.000000,-0.003000,-46497000.000000,-516831000.000000,-553059000.000000,-0.930000,-0.930000,-0.930000,17222879000.000000,16997117250.000000,17222879000.000000,38769055798.000000,-75.000000,-833.797000,5088000.000000,0.009000,1.000000,5991892000.000000,0.342000,13980795000.000000,36228000.000000,10670737000.000000,9732249750.000000,0.000000,4000476000.000000,3427047000.000000,573429000.000000,14112985000.000000,8434516000.000000,5678469000.000000,1460816000.000000,539453000.000000,81768000.000000,-323140000.000000,0.000000,97580000.000000,1225696000.000000,857058000.000000,175903000.000000,-38363000.000000,-540747000.000000,-540747000.000000,-540747000.000000,0.000000,-12258000.000000,-0.031000,6616424000.000000,-624532000.000000,6011161000.000000,0.000000,2.182000,-69.502000,-67.570000,702474000.000000,0.000000,62.840000,2.144000,2.075000,2416324000.000000,-568712000.000000,17531587000.000000,17531587000.000000,2135612000.000000,-0.018000,-0.032000,-0.053000,-0.029000,1071278000.000000,3744800000.000000,1.000000,598071098.000000,578949000.000000,578949000.000000,30.282000,17383545000.000000,0.000000,-12312000.000000,132498000.000000,30.026000
MRY,2023-12-31,2023-12-31,2023-12-31,2023-FY,8935653000.000000,47500093550.000000,2025-05-01,-378307000.000000,33031308000.000000,31999864250.000000,17818697000.000000,15212611000.000000,0.685000,30.706000,-151151000.000000,4996465000.000000,4996465000.000000,14410737000.000000,-21124000.000000,2.006000,0.767000,6017796000.000000,753035000.000000,5264761000.000000,6017796000.000000,0.000000,552758000.000000,0.000000,0.000000,0.000000,-45468000.000000,507290000.000000,0.023000,507290000.000000,-45468000.000000,1753000.000000,0.020000,0.020000,0.020000,18695256000.000000,17925992250.000000,18695256000.000000,47718424550.000000,-1049.000000,94.065000,-50190000.000000,-0.082000,1.000000,7504886000.000000,0.342000,13681241000.000000,-47221000.000000,11488354000.000000,10088527500.000000,0.000000,4323147000.000000,4072020000.000000,251127000.000000,14338472000.000000,8883044000.000000,5455428000.000000,573181000.000000,0.000000,-26379000.000000,-209022000.000000,0.000000,-240137000.000000,683201000.000000,834352000.000000,100961000.000000,29156000.000000,9772000.000000,9772000.000000,9772000.000000,0.000000,-30896000.000000,0.000000,7783725000.000000,-278839000.000000,6795340000.000000,0.000000,2.541000,4860.836000,3867.500000,540757000.000000,0.000000,77.350000,2.167000,2.149000,3226294000.000000,-528429000.000000,21915623000.000000,21915623000.000000,2720819000.000000,0.000000,0.001000,-0.005000,-0.002000,1276097000.000000,4228199000.000000,1.000000,614093000.000000,608856000.000000,614024000.000000,35.995000,19350067000.000000,9397000.000000,-8019000.000000,35695000.000000,31.781000
MRY,2024-12-31,2024-12-31,2024-12-31,2024-FY,11333403000.000000,52677991860.000000,2025-05-01,-1001065000.000000,36777595000.000000,36573115000.000000,19880201000.000000,16897394000.000000,0.660000,34.470000,-153947000.000000,8075247000.000000,8075247000.000000,15232017000.000000,2866497000.000000,2.326000,0.731000,7587116000.000000,1184497000.000000,6402619000.000000,7587116000.000000,0.000000,448182000.000000,0.000000,0.000000,0.000000,1397006000.000000,1845188000.000000,0.076000,1845188000.000000,1397006000.000000,1387704000.000000,4.700000,4.560000,4.700000,21267932000.000000,19865410750.000000,21267932000.000000,51446141860.000000,37.000000,27.881000,1553403000.000000,2.518000,1.000000,8889036000.000000,0.369000,12850489000.000000,9302000.000000,14892177000.000000,11617493000.000000,0.000000,3615986000.000000,3615986000.000000,0.000000,15542633000.000000,8546798000.000000,6995835000.000000,4221425000.000000,0.000000,-1015560000.000000,1899397000.000000,0.000000,1952662000.000000,649952000.000000,803899000.000000,1707350000.000000,-88539000.000000,2897047000.000000,2897047000.000000,2897047000.000000,0.000000,-30550000.000000,0.120000,7996709000.000000,892327000.000000,5837152000.000000,0.000000,2.477000,18.183000,18.083000,0.000000,0.000000,84.990000,2.184000,2.174000,1060966000.000000,2368618000.000000,24121053000.000000,24121053000.000000,2914415000.000000,0.079000,0.146000,0.120000,0.058000,1272779000.000000,4133364000.000000,1.000000,619814000.000000,616993000.000000,636390000.000000,39.095000,23927106000.000000,1800994000.000000,-1509343000.000000,0.000000,38.780000
