dimension,calendardate,datekey,reportperiod,fiscalperiod,workingcapital,marketcap,lastupdated,accoci,assets,assetsavg,assetsc,assetsnc,assetturnover,bvps,capex,cashneq,cashnequsd,cor,consolinc,currentratio,de,debt,debtc,debtnc,debtusd,deferredrev,depamor,deposits,divyield,dps,ebit,ebitda,ebitdamargin,ebitdausd,ebitusd,ebt,eps,epsdil,epsusd,equity,equityavg,equityusd,ev,evebit,evebitda,fcf,fcfps,fxusd,gp,grossmargin,intangibles,intexp,invcap,invcapavg,inventory,investments,investmentsc,investmentsnc,liabilities,liabilitiesc,liabilitiesnc,ncf,ncfbus,ncfcommon,ncfdebt,ncfdiv,ncff,ncfi,ncfinv,ncfo,ncfx,netinc,netinccmn,netinccmnusd,netincdis,netincnci,netmargin,opex,opinc,payables,payoutratio,pb,pe,pe1,ppnenet,prefdivis,price,ps,ps1,receivables,retearn,revenue,revenueusd,rnd,roa,roe,roic,ros,sbcomp,sgna,sharefactor,sharesbas,shareswa,shareswadil,sps,tangibles,taxassets,taxexp,taxliabilities,tbvps
ARQ,2014-12-31,2015-06-26,2014-12-31,2014-Q4,4282000000.000000,,2025-04-29,110000000.000000,21917000000.000000,,17565000000.000000,4352000000.000000,,6.768000,,2201000000.000000,2201000000.000000,,,1.322000,1.657000,0.000000,0.000000,0.000000,0.000000,0.000000,,0.000000,,0.000000,,,,,,,,,,8248000000.000000,,8248000000.000000,,,,,,1.000000,,,3345000000.000000,,3088000000.000000,,0.000000,3646000000.000000,3615000000.000000,31000000.000000,13669000000.000000,13283000000.000000,386000000.000000,,,,,,,,,,,,,,,,,,,11820000000.000000,,,,,922000000.000000,,,,,11371000000.000000,,,,,,,,,,,1.000000,1218735605.000000,1218735605.000000,,,18572000000.000000,0.000000,,29000000.000000,15.239000
ARQ,2015-06-30,2015-07-29,2015-06-30,2015-Q2,7129000000.000000,46251016210.000000,2025-04-29,24000000.000000,26911000000.000000,,19713000000.000000,7198000000.000000,,10.460000,,2562000000.000000,2562000000.000000,1127000000.000000,305000000.000000,1.567000,1.112000,0.000000,0.000000,0.000000,0.000000,0.000000,,0.000000,0.000000,0.000000,399000000.000000,,,,399000000.000000,399000000.000000,0.250000,0.250000,0.250000,12740000000.000000,,12740000000.000000,43689016210.000000,,,,,1.000000,1170000000.000000,0.509000,3595000000.000000,0.000000,8170000000.000000,,0.000000,7256000000.000000,4998000000.000000,2258000000.000000,14171000000.000000,12584000000.000000,1587000000.000000,,,,,,,,,,,305000000.000000,305000000.000000,305000000.000000,0.000000,0.000000,0.133000,772000000.000000,398000000.000000,11676000000.000000,0.000000,3.630000,,,1291000000.000000,0.000000,37.950000,,,11570000000.000000,,2297000000.000000,2297000000.000000,241000000.000000,,,,,,380000000.000000,1.000000,1218735605.000000,1218000000.000000,1224000000.000000,1.886000,23316000000.000000,0.000000,94000000.000000,31000000.000000,19.143000
ARQ,2015-09-30,2015-10-29,2015-09-30,2015-Q3,7482000000.000000,43870890055.000000,2025-04-29,3000000.000000,27896000000.000000,,20554000000.000000,7342000000.000000,,10.822000,-118000000.000000,1880000000.000000,1880000000.000000,1169000000.000000,301000000.000000,1.572000,1.111000,0.000000,0.000000,0.000000,0.000000,0.000000,153000000.000000,0.000000,0.000000,0.000000,350000000.000000,503000000.000000,0.223000,503000000.000000,350000000.000000,350000000.000000,0.250000,0.250000,0.250000,13214000000.000000,,13214000000.000000,41990890055.000000,,,534000000.000000,0.437000,1.000000,1089000000.000000,0.482000,3589000000.000000,0.000000,9355000000.000000,,0.000000,8413000000.000000,6021000000.000000,2392000000.000000,14682000000.000000,13072000000.000000,1610000000.000000,-682000000.000000,-10000000.000000,36000000.000000,-4000000.000000,0.000000,62000000.000000,-1380000000.000000,-1252000000.000000,652000000.000000,-16000000.000000,301000000.000000,301000000.000000,301000000.000000,0.000000,0.000000,0.133000,759000000.000000,330000000.000000,11916000000.000000,0.000000,3.320000,,,1298000000.000000,0.000000,35.910000,,,11975000000.000000,301000000.000000,2258000000.000000,2258000000.000000,230000000.000000,,,,,86000000.000000,376000000.000000,1.000000,1221690060.000000,1221000000.000000,1227000000.000000,1.849000,24307000000.000000,0.000000,49000000.000000,67000000.000000,19.907000
ARQ,2015-12-31,2016-02-11,2015-12-31,2015-Q4,7031000000.000000,40984096235.000000,2025-04-29,-9000000.000000,28881000000.000000,,20648000000.000000,8233000000.000000,,11.232000,-164000000.000000,1393000000.000000,1393000000.000000,1315000000.000000,367000000.000000,1.516000,1.099000,0.000000,0.000000,0.000000,0.000000,0.000000,164000000.000000,0.000000,0.000000,0.000000,418000000.000000,582000000.000000,0.228000,582000000.000000,418000000.000000,418000000.000000,0.290000,0.300000,0.290000,13759000000.000000,,13759000000.000000,39591096235.000000,27.000000,18.889000,564000000.000000,0.460000,1.000000,1241000000.000000,0.486000,4427000000.000000,0.000000,9444000000.000000,,0.000000,8550000000.000000,6202000000.000000,2348000000.000000,15122000000.000000,13617000000.000000,1505000000.000000,-487000000.000000,-942000000.000000,39000000.000000,15000000.000000,0.000000,45000000.000000,-1257000000.000000,-151000000.000000,728000000.000000,-3000000.000000,367000000.000000,367000000.000000,367000000.000000,0.000000,0.000000,0.144000,830000000.000000,411000000.000000,12406000000.000000,0.000000,2.979000,33.375000,33.520000,1344000000.000000,0.000000,33.520000,4.432000,4.429000,12398000000.000000,668000000.000000,2556000000.000000,2556000000.000000,252000000.000000,,,,,88000000.000000,415000000.000000,1.000000,1222675902.000000,1225000000.000000,1235000000.000000,2.087000,24454000000.000000,0.000000,51000000.000000,1537000000.000000,19.962000
ARQ,2016-03-31,2016-04-28,2016-03-31,2016-Q1,7606000000.000000,48565908386.000000,2025-04-29,-27000000.000000,29470000000.000000,,21968000000.000000,7502000000.000000,,11.183000,-133000000.000000,2583000000.000000,2583000000.000000,1303000000.000000,365000000.000000,1.530000,1.167000,0.000000,0.000000,0.000000,0.000000,0.000000,174000000.000000,0.000000,0.000000,0.000000,422000000.000000,596000000.000000,0.234000,596000000.000000,422000000.000000,422000000.000000,0.300000,0.300000,0.300000,13598000000.000000,,13598000000.000000,45982908386.000000,29.000000,,605000000.000000,0.498000,1.000000,1241000000.000000,0.488000,4391000000.000000,0.000000,8134000000.000000,,0.000000,8069000000.000000,6408000000.000000,1661000000.000000,15872000000.000000,14362000000.000000,1510000000.000000,1190000000.000000,-19000000.000000,-590000000.000000,-21000000.000000,0.000000,113000000.000000,325000000.000000,-15000000.000000,738000000.000000,14000000.000000,365000000.000000,365000000.000000,365000000.000000,0.000000,0.000000,0.143000,834000000.000000,407000000.000000,13190000000.000000,0.000000,3.572000,36.297000,36.761000,1345000000.000000,0.000000,40.070000,5.030000,5.047000,12391000000.000000,1033000000.000000,2544000000.000000,2544000000.000000,195000000.000000,,,,,94000000.000000,464000000.000000,1.000000,1212026663.000000,1216000000.000000,1225000000.000000,2.092000,25079000000.000000,0.000000,57000000.000000,1537000000.000000,20.624000
ARQ,2016-06-30,2016-07-26,2016-06-30,2016-Q2,8234000000.000000,45488740136.000000,2025-04-29,52000000.000000,30631000000.000000,,23457000000.000000,7174000000.000000,,11.419000,-201000000.000000,2018000000.000000,2018000000.000000,1383000000.000000,323000000.000000,1.541000,1.217000,0.000000,0.000000,0.000000,0.000000,0.000000,176000000.000000,0.000000,0.000000,0.000000,380000000.000000,556000000.000000,0.210000,556000000.000000,380000000.000000,380000000.000000,0.270000,0.270000,0.270000,13817000000.000000,,13817000000.000000,43470740136.000000,28.000000,19.433000,495000000.000000,0.409000,1.000000,1267000000.000000,0.478000,4350000000.000000,0.000000,9040000000.000000,,0.000000,8761000000.000000,7446000000.000000,1315000000.000000,16814000000.000000,15223000000.000000,1591000000.000000,-565000000.000000,0.000000,-249000000.000000,0.000000,0.000000,544000000.000000,-1806000000.000000,-1335000000.000000,696000000.000000,1000000.000000,323000000.000000,323000000.000000,323000000.000000,0.000000,0.000000,0.122000,896000000.000000,371000000.000000,14003000000.000000,0.000000,3.292000,33.546000,33.955000,1412000000.000000,0.000000,37.690000,4.545000,4.557000,13201000000.000000,1356000000.000000,2650000000.000000,2650000000.000000,209000000.000000,,,,,80000000.000000,511000000.000000,1.000000,1206918019.000000,1210000000.000000,1215000000.000000,2.190000,26281000000.000000,0.000000,57000000.000000,1630000000.000000,21.720000
ARQ,2016-09-30,2016-10-25,2016-09-30,2016-Q3,8545000000.000000,52259834622.000000,2025-04-29,39000000.000000,31356000000.000000,,24161000000.000000,7195000000.000000,,11.758000,-183000000.000000,1369000000.000000,1369000000.000000,1426000000.000000,323000000.000000,1.547000,1.209000,0.000000,0.000000,0.000000,0.000000,0.000000,185000000.000000,0.000000,0.000000,0.000000,360000000.000000,545000000.000000,0.204000,545000000.000000,360000000.000000,360000000.000000,0.270000,0.270000,0.270000,14192000000.000000,,14192000000.000000,50890834622.000000,32.000000,22.330000,618000000.000000,0.512000,1.000000,1241000000.000000,0.465000,4313000000.000000,0.000000,10058000000.000000,,0.000000,9873000000.000000,8534000000.000000,1339000000.000000,17164000000.000000,15616000000.000000,1548000000.000000,-649000000.000000,0.000000,-48000000.000000,0.000000,0.000000,238000000.000000,-1689000000.000000,-1904000000.000000,801000000.000000,1000000.000000,323000000.000000,323000000.000000,323000000.000000,0.000000,0.000000,0.121000,893000000.000000,348000000.000000,14294000000.000000,0.000000,3.682000,37.924000,38.327000,1451000000.000000,0.000000,43.310000,5.017000,5.018000,13507000000.000000,1679000000.000000,2667000000.000000,2667000000.000000,215000000.000000,,,,,103000000.000000,494000000.000000,1.000000,1206645916.000000,1207000000.000000,1214000000.000000,2.210000,27043000000.000000,0.000000,37000000.000000,1598000000.000000,22.405000
ARQ,2016-12-31,2017-02-08,2016-12-31,2016-Q4,8855000000.000000,49366002606.000000,2025-04-29,59000000.000000,33103000000.000000,,25733000000.000000,7370000000.000000,,12.189000,-152000000.000000,1590000000.000000,1590000000.000000,1589000000.000000,390000000.000000,1.525000,1.250000,0.000000,0.000000,0.000000,0.000000,0.000000,189000000.000000,0.000000,0.000000,0.000000,469000000.000000,658000000.000000,0.221000,658000000.000000,469000000.000000,469000000.000000,0.330000,0.320000,0.330000,14712000000.000000,,14712000000.000000,47776002606.000000,29.000000,20.287000,771000000.000000,0.639000,1.000000,1392000000.000000,0.467000,4270000000.000000,0.000000,10365000000.000000,,0.000000,10272000000.000000,8733000000.000000,1539000000.000000,18391000000.000000,16878000000.000000,1513000000.000000,221000000.000000,0.000000,1000000.000000,0.000000,0.000000,1143000000.000000,-1829000000.000000,-881000000.000000,923000000.000000,-16000000.000000,390000000.000000,390000000.000000,390000000.000000,0.000000,0.000000,0.131000,932000000.000000,460000000.000000,15355000000.000000,0.000000,3.355000,35.236000,35.241000,1482000000.000000,0.000000,40.880000,4.553000,4.562000,14577000000.000000,2069000000.000000,2981000000.000000,2981000000.000000,215000000.000000,,,,,121000000.000000,528000000.000000,1.000000,1207583234.000000,1207000000.000000,1218000000.000000,2.470000,28833000000.000000,0.000000,79000000.000000,1577000000.000000,23.888000
ARQ,2017-03-31,2017-04-27,2017-03-31,2017-Q1,8139000000.000000,56639337285.000000,2025-04-29,2000000.000000,33493000000.000000,,25425000000.000000,8068000000.000000,,12.158000,-148000000.000000,1240000000.000000,1240000000.000000,1604000000.000000,384000000.000000,1.471000,1.290000,0.000000,0.000000,0.000000,0.000000,0.000000,183000000.000000,0.000000,0.000000,0.000000,438000000.000000,621000000.000000,0.209000,621000000.000000,438000000.000000,438000000.000000,0.320000,0.320000,0.320000,14626000000.000000,,14626000000.000000,55399337285.000000,34.000000,23.277000,603000000.000000,0.501000,1.000000,1371000000.000000,0.461000,4244000000.000000,0.000000,10723000000.000000,,0.000000,10494000000.000000,8169000000.000000,2325000000.000000,18867000000.000000,17286000000.000000,1581000000.000000,-350000000.000000,0.000000,-505000000.000000,0.000000,0.000000,-54000000.000000,-1058000000.000000,-1664000000.000000,751000000.000000,11000000.000000,384000000.000000,384000000.000000,384000000.000000,0.000000,0.000000,0.129000,940000000.000000,431000000.000000,15905000000.000000,0.000000,3.873000,39.887000,39.622000,1448000000.000000,0.000000,47.150000,5.024000,5.032000,15119000000.000000,2412000000.000000,2975000000.000000,2975000000.000000,214000000.000000,,,,,145000000.000000,503000000.000000,1.000000,1201258479.000000,1203000000.000000,1216000000.000000,2.473000,29249000000.000000,0.000000,54000000.000000,1662000000.000000,24.313000
ARQ,2017-06-30,2017-07-27,2017-06-30,2017-Q2,8394000000.000000,72324180994.000000,2025-04-29,-98000000.000000,35290000000.000000,,27035000000.000000,8255000000.000000,,12.478000,-174000000.000000,1271000000.000000,1271000000.000000,1707000000.000000,411000000.000000,1.450000,1.353000,0.000000,0.000000,0.000000,0.000000,0.000000,201000000.000000,0.000000,0.000000,0.000000,447000000.000000,648000000.000000,0.207000,648000000.000000,447000000.000000,447000000.000000,0.340000,0.340000,0.340000,14998000000.000000,,14998000000.000000,71053180994.000000,41.000000,28.743000,747000000.000000,0.621000,1.000000,1429000000.000000,0.456000,4205000000.000000,0.000000,11173000000.000000,,0.000000,11083000000.000000,8572000000.000000,2511000000.000000,20292000000.000000,18641000000.000000,1651000000.000000,31000000.000000,0.000000,-15000000.000000,-6000000.000000,0.000000,1042000000.000000,-1944000000.000000,-1383000000.000000,921000000.000000,12000000.000000,411000000.000000,411000000.000000,411000000.000000,0.000000,0.000000,0.131000,999000000.000000,430000000.000000,17149000000.000000,0.000000,4.822000,47.960000,47.738000,1479000000.000000,0.000000,60.150000,6.151000,6.149000,16354000000.000000,2824000000.000000,3136000000.000000,3136000000.000000,232000000.000000,,,,,176000000.000000,566000000.000000,1.000000,1202397024.000000,1202000000.000000,1215000000.000000,2.609000,31085000000.000000,0.000000,36000000.000000,1736000000.000000,25.861000
ARQ,2017-09-30,2017-10-24,2017-09-30,2017-Q3,8734000000.000000,84386123146.000000,2025-04-29,-142000000.000000,37761000000.000000,,29437000000.000000,8324000000.000000,,12.839000,-165000000.000000,2330000000.000000,2330000000.000000,1811000000.000000,380000000.000000,1.422000,1.447000,0.000000,0.000000,0.000000,0.000000,0.000000,194000000.000000,0.000000,0.000000,0.000000,451000000.000000,645000000.000000,0.199000,645000000.000000,451000000.000000,451000000.000000,0.320000,0.310000,0.320000,15432000000.000000,,15432000000.000000,82056123146.000000,45.000000,31.904000,841000000.000000,0.700000,1.000000,1428000000.000000,0.441000,4552000000.000000,0.000000,10176000000.000000,,0.000000,11129000000.000000,8912000000.000000,2217000000.000000,22329000000.000000,20703000000.000000,1626000000.000000,1059000000.000000,-323000000.000000,-86000000.000000,626000000.000000,0.000000,1439000000.000000,-1398000000.000000,693000000.000000,1006000000.000000,12000000.000000,380000000.000000,380000000.000000,380000000.000000,0.000000,0.000000,0.117000,1005000000.000000,423000000.000000,18949000000.000000,0.000000,5.468000,53.921000,53.595000,1485000000.000000,0.000000,70.210000,6.843000,6.844000,17476000000.000000,3204000000.000000,3239000000.000000,3239000000.000000,240000000.000000,,,,,193000000.000000,571000000.000000,1.000000,1201910314.000000,1202000000.000000,1223000000.000000,2.695000,33209000000.000000,0.000000,71000000.000000,1715000000.000000,27.628000
ARQ,2017-12-31,2018-02-07,2017-12-31,2017-Q4,9782000000.000000,90720125014.000000,2025-04-29,-142000000.000000,40774000000.000000,,32645000000.000000,8129000000.000000,,13.295000,-180000000.000000,2883000000.000000,2883000000.000000,1672000000.000000,620000000.000000,1.428000,1.549000,1000000000.000000,1000000000.000000,0.000000,1000000000.000000,0.000000,227000000.000000,0.000000,0.000000,0.000000,864000000.000000,1091000000.000000,0.291000,1091000000.000000,864000000.000000,864000000.000000,0.510000,0.510000,0.510000,15994000000.000000,,15994000000.000000,88837125014.000000,40.000000,29.563000,-327000000.000000,-0.272000,1.000000,2072000000.000000,0.553000,4507000000.000000,0.000000,11521000000.000000,,0.000000,12485000000.000000,10524000000.000000,1961000000.000000,24780000000.000000,22863000000.000000,1917000000.000000,553000000.000000,0.000000,-256000000.000000,200000000.000000,0.000000,1657000000.000000,-958000000.000000,466000000.000000,-147000000.000000,1000000.000000,620000000.000000,620000000.000000,620000000.000000,0.000000,0.000000,0.166000,1229000000.000000,843000000.000000,19999000000.000000,0.000000,5.672000,50.540000,50.732000,1528000000.000000,0.000000,75.590000,6.928000,6.945000,18525000000.000000,3823000000.000000,3744000000.000000,3744000000.000000,267000000.000000,,,,,219000000.000000,643000000.000000,1.000000,1200160405.000000,1203000000.000000,1230000000.000000,3.112000,36267000000.000000,0.000000,244000000.000000,2000000000.000000,30.147000
ARQ,2018-03-31,2018-04-26,2018-03-31,2018-Q1,9028000000.000000,90277020305.000000,2025-04-29,-169000000.000000,42322000000.000000,,34742000000.000000,7580000000.000000,,12.283000,-178000000.000000,2879000000.000000,2879000000.000000,1931000000.000000,511000000.000000,1.351000,1.891000,3000000000.000000,3000000000.000000,0.000000,3000000000.000000,0.000000,185000000.000000,0.000000,0.000000,0.000000,548000000.000000,733000000.000000,0.199000,733000000.000000,548000000.000000,548000000.000000,0.430000,0.420000,0.430000,14641000000.000000,,14641000000.000000,90398020305.000000,39.000000,29.002000,-527000000.000000,-0.442000,1.000000,1754000000.000000,0.476000,4476000000.000000,0.000000,12253000000.000000,,0.000000,13030000000.000000,11543000000.000000,1487000000.000000,27681000000.000000,25714000000.000000,1967000000.000000,442000000.000000,0.000000,-1812000000.000000,2075000000.000000,0.000000,793000000.000000,5000000.000000,-246000000.000000,-349000000.000000,-7000000.000000,511000000.000000,511000000.000000,511000000.000000,0.000000,0.000000,0.139000,1220000000.000000,534000000.000000,20849000000.000000,0.000000,6.166000,46.970000,47.519000,1523000000.000000,0.000000,76.030000,6.540000,6.565000,19420000000.000000,4334000000.000000,3685000000.000000,3685000000.000000,258000000.000000,,,,,205000000.000000,624000000.000000,1.000000,1187386825.000000,1192000000.000000,1217000000.000000,3.091000,37846000000.000000,0.000000,37000000.000000,2065000000.000000,31.750000
ARQ,2018-06-30,2018-07-26,2018-06-30,2018-Q2,9375000000.000000,105512567363.000000,2025-04-29,36000000.000000,41677000000.000000,,34184000000.000000,7493000000.000000,,12.653000,-198000000.000000,2840000000.000000,2840000000.000000,2053000000.000000,526000000.000000,1.378000,1.775000,2000000000.000000,2000000000.000000,0.000000,2000000000.000000,0.000000,180000000.000000,0.000000,0.000000,0.000000,609000000.000000,789000000.000000,0.205000,789000000.000000,609000000.000000,609000000.000000,0.440000,0.440000,0.440000,15019000000.000000,,15019000000.000000,104672567363.000000,42.000000,32.128000,-170000000.000000,-0.143000,1.000000,1804000000.000000,0.468000,4456000000.000000,0.000000,11572000000.000000,,0.000000,12167000000.000000,10798000000.000000,1369000000.000000,26658000000.000000,24809000000.000000,1849000000.000000,-805000000.000000,-16000000.000000,-435000000.000000,-1076000000.000000,0.000000,-1335000000.000000,558000000.000000,299000000.000000,28000000.000000,-56000000.000000,526000000.000000,526000000.000000,526000000.000000,0.000000,0.000000,0.136000,1232000000.000000,572000000.000000,20889000000.000000,0.000000,7.025000,51.798000,52.435000,1567000000.000000,0.000000,89.140000,7.264000,7.285000,19471000000.000000,4860000000.000000,3857000000.000000,3857000000.000000,255000000.000000,,,,,205000000.000000,681000000.000000,1.000000,1183672508.000000,1187000000.000000,1202000000.000000,3.249000,37221000000.000000,0.000000,83000000.000000,1933000000.000000,31.357000
ARQ,2018-09-30,2018-10-23,2018-09-30,2018-Q3,7350000000.000000,103188905336.000000,2025-04-29,66000000.000000,43724000000.000000,,33990000000.000000,9734000000.000000,,12.798000,-223000000.000000,8147000000.000000,8147000000.000000,2028000000.000000,436000000.000000,1.276000,1.893000,2000000000.000000,2000000000.000000,0.000000,2000000000.000000,0.000000,188000000.000000,0.000000,0.000000,0.000000,533000000.000000,721000000.000000,0.196000,721000000.000000,533000000.000000,533000000.000000,0.370000,0.360000,0.370000,15115000000.000000,,15115000000.000000,97041905336.000000,38.000000,29.107000,4447000000.000000,3.765000,1.000000,1655000000.000000,0.449000,6738000000.000000,0.000000,4199000000.000000,,0.000000,4498000000.000000,3552000000.000000,946000000.000000,28609000000.000000,26640000000.000000,1969000000.000000,5847000000.000000,-2120000000.000000,-595000000.000000,-25000000.000000,0.000000,1049000000.000000,154000000.000000,3826000000.000000,4670000000.000000,-26000000.000000,436000000.000000,436000000.000000,436000000.000000,0.000000,0.000000,0.118000,1165000000.000000,490000000.000000,22698000000.000000,0.000000,6.827000,49.302000,50.040000,1646000000.000000,0.000000,87.570000,6.894000,6.909000,21363000000.000000,5296000000.000000,3683000000.000000,3683000000.000000,269000000.000000,,,,,213000000.000000,680000000.000000,1.000000,1178359088.000000,1181000000.000000,1199000000.000000,3.119000,36986000000.000000,0.000000,97000000.000000,2045000000.000000,31.318000
ARQ,2018-12-31,2019-02-07,2018-12-31,2018-Q4,7059000000.000000,106586070992.000000,2025-04-29,78000000.000000,43332000000.000000,,32963000000.000000,10369000000.000000,,13.094000,-221000000.000000,7575000000.000000,7575000000.000000,2325000000.000000,584000000.000000,1.273000,1.816000,1998000000.000000,1998000000.000000,0.000000,1998000000.000000,0.000000,223000000.000000,0.000000,0.000000,0.000000,686000000.000000,909000000.000000,0.215000,909000000.000000,686000000.000000,686000000.000000,0.500000,0.490000,0.500000,15386000000.000000,,15386000000.000000,101009070992.000000,43.000000,32.046000,913000000.000000,0.777000,1.000000,1901000000.000000,0.450000,7109000000.000000,0.000000,4742000000.000000,,0.000000,5037000000.000000,4066000000.000000,971000000.000000,27946000000.000000,25904000000.000000,2042000000.000000,-536000000.000000,12000000.000000,-534000000.000000,-14000000.000000,0.000000,-1769000000.000000,123000000.000000,-1241000000.000000,1134000000.000000,-24000000.000000,584000000.000000,584000000.000000,584000000.000000,0.000000,0.000000,0.138000,1303000000.000000,598000000.000000,21843000000.000000,0.000000,6.927000,51.816000,52.213000,1724000000.000000,0.000000,90.850000,6.898000,6.962000,20375000000.000000,5880000000.000000,4226000000.000000,4226000000.000000,289000000.000000,,,,,230000000.000000,779000000.000000,1.000000,1173209367.000000,1175000000.000000,1194000000.000000,3.597000,36223000000.000000,0.000000,102000000.000000,2103000000.000000,30.828000
ARQ,2019-03-31,2019-04-25,2019-03-31,2019-Q1,6256000000.000000,129501116693.000000,2025-04-29,-25000000.000000,46280000000.000000,,34891000000.000000,11389000000.000000,,12.944000,-218000000.000000,4515000000.000000,4515000000.000000,2278000000.000000,667000000.000000,1.218000,2.053000,1999000000.000000,1999000000.000000,0.000000,1999000000.000000,0.000000,230000000.000000,0.000000,0.000000,0.000000,717000000.000000,947000000.000000,0.229000,947000000.000000,717000000.000000,717000000.000000,0.570000,0.560000,0.570000,15157000000.000000,,15157000000.000000,126985116693.000000,50.000000,37.726000,809000000.000000,0.691000,1.000000,1850000000.000000,0.448000,6984000000.000000,0.000000,8145000000.000000,,0.000000,7885000000.000000,6190000000.000000,1695000000.000000,31123000000.000000,28635000000.000000,2488000000.000000,-2330000000.000000,0.000000,-749000000.000000,0.000000,0.000000,1502000000.000000,-4860000000.000000,-2467000000.000000,1027000000.000000,1000000.000000,667000000.000000,667000000.000000,667000000.000000,0.000000,0.000000,0.162000,1332000000.000000,518000000.000000,24464000000.000000,0.000000,8.544000,58.518000,58.628000,1731000000.000000,0.000000,110.220000,8.148000,8.121000,23147000000.000000,6550000000.000000,4128000000.000000,4128000000.000000,511000000.000000,,,,,247000000.000000,748000000.000000,1.000000,1174933013.000000,1171000000.000000,1188000000.000000,3.525000,39296000000.000000,0.000000,50000000.000000,2563000000.000000,33.558000
ARQ,2019-06-30,2019-07-25,2019-06-30,2019-Q2,6588000000.000000,135458873775.000000,2025-04-29,-28000000.000000,48391000000.000000,,36435000000.000000,11956000000.000000,,13.735000,-139000000.000000,4909000000.000000,4909000000.000000,2344000000.000000,823000000.000000,1.221000,1.998000,2499000000.000000,2499000000.000000,0.000000,2499000000.000000,0.000000,228000000.000000,0.000000,0.000000,0.000000,943000000.000000,1171000000.000000,0.272000,1171000000.000000,943000000.000000,943000000.000000,0.700000,0.690000,0.700000,16139000000.000000,,16139000000.000000,133048873775.000000,46.000000,35.499000,1035000000.000000,0.881000,1.000000,1961000000.000000,0.456000,6935000000.000000,0.000000,9199000000.000000,,0.000000,8950000000.000000,6672000000.000000,2278000000.000000,32252000000.000000,29847000000.000000,2405000000.000000,1071000000.000000,0.000000,67000000.000000,500000000.000000,0.000000,996000000.000000,-1097000000.000000,-919000000.000000,1174000000.000000,-2000000.000000,823000000.000000,823000000.000000,823000000.000000,0.000000,0.000000,0.191000,1256000000.000000,705000000.000000,25272000000.000000,0.000000,8.393000,53.968000,53.794000,1720000000.000000,0.000000,115.120000,8.289000,8.277000,23952000000.000000,7373000000.000000,4305000000.000000,4305000000.000000,483000000.000000,,,,,223000000.000000,775000000.000000,1.000000,1176675415.000000,1175000000.000000,1187000000.000000,3.664000,41456000000.000000,0.000000,120000000.000000,2459000000.000000,35.282000
ARQ,2019-09-30,2019-10-24,2019-09-30,2019-Q3,11408000000.000000,123184529825.000000,2025-04-29,-52000000.000000,50223000000.000000,,37748000000.000000,12475000000.000000,,14.028000,-156000000.000000,6877000000.000000,6877000000.000000,2431000000.000000,462000000.000000,1.433000,2.047000,4964000000.000000,0.000000,4964000000.000000,4964000000.000000,0.000000,227000000.000000,0.000000,0.000000,0.000000,484000000.000000,711000000.000000,0.162000,711000000.000000,484000000.000000,484000000.000000,0.390000,0.390000,0.390000,16483000000.000000,,16483000000.000000,121271529825.000000,43.000000,32.443000,940000000.000000,0.800000,1.000000,1947000000.000000,0.445000,6807000000.000000,0.000000,15163000000.000000,,0.000000,9833000000.000000,7062000000.000000,2771000000.000000,33740000000.000000,26340000000.000000,7400000000.000000,3010000000.000000,0.000000,-346000000.000000,2462000000.000000,0.000000,1339000000.000000,623000000.000000,-143000000.000000,1096000000.000000,-48000000.000000,462000000.000000,462000000.000000,462000000.000000,0.000000,0.000000,0.106000,1250000000.000000,697000000.000000,24204000000.000000,0.000000,7.473000,48.574000,48.569000,1701000000.000000,0.000000,104.910000,7.230000,7.235000,22928000000.000000,7835000000.000000,4378000000.000000,4378000000.000000,533000000.000000,,,,,266000000.000000,717000000.000000,1.000000,1174192449.000000,1175000000.000000,1188000000.000000,3.726000,43416000000.000000,0.000000,22000000.000000,2534000000.000000,36.950000
ARQ,2019-12-31,2020-02-06,2019-12-31,2019-Q4,11576000000.000000,140625633097.000000,2025-04-29,-173000000.000000,51333000000.000000,,38495000000.000000,12838000000.000000,,14.382000,-174000000.000000,7349000000.000000,7349000000.000000,2732000000.000000,507000000.000000,1.430000,2.038000,4965000000.000000,0.000000,4965000000.000000,4965000000.000000,0.000000,227000000.000000,0.000000,0.000000,0.000000,854000000.000000,1081000000.000000,0.218000,1081000000.000000,854000000.000000,854000000.000000,0.430000,0.430000,0.430000,16885000000.000000,,16885000000.000000,138241633097.000000,46.000000,35.356000,1090000000.000000,0.928000,1.000000,2229000000.000000,0.449000,6990000000.000000,0.000000,15040000000.000000,,0.000000,10247000000.000000,7384000000.000000,2863000000.000000,34404000000.000000,26919000000.000000,7485000000.000000,759000000.000000,-70000000.000000,-245000000.000000,-7000000.000000,0.000000,-149000000.000000,-399000000.000000,-1105000000.000000,1264000000.000000,43000000.000000,507000000.000000,507000000.000000,507000000.000000,0.000000,0.000000,0.102000,1430000000.000000,799000000.000000,24759000000.000000,0.000000,8.328000,57.188000,57.364000,1693000000.000000,0.000000,119.890000,7.913000,7.920000,22962000000.000000,8342000000.000000,4961000000.000000,4961000000.000000,558000000.000000,,,,,285000000.000000,872000000.000000,1.000000,1172955485.000000,1174000000.000000,1188000000.000000,4.226000,44343000000.000000,0.000000,347000000.000000,2593000000.000000,37.771000
ARQ,2020-03-31,2020-05-07,2020-03-31,2020-Q1,10735000000.000000,171741776603.000000,2025-04-29,-120000000.000000,54266000000.000000,,38184000000.000000,16082000000.000000,,13.612000,-87000000.000000,7854000000.000000,7854000000.000000,2729000000.000000,84000000.000000,1.391000,2.396000,7967000000.000000,0.000000,7967000000.000000,7967000000.000000,0.000000,293000000.000000,0.000000,0.000000,0.000000,263000000.000000,556000000.000000,0.120000,556000000.000000,263000000.000000,263000000.000000,0.070000,0.070000,0.070000,15967000000.000000,,15967000000.000000,171854776603.000000,68.000000,48.836000,1417000000.000000,1.208000,1.000000,1889000000.000000,0.409000,10493000000.000000,0.000000,16437000000.000000,,0.000000,8410000000.000000,6044000000.000000,2366000000.000000,38255000000.000000,27449000000.000000,10806000000.000000,999000000.000000,-3612000000.000000,-799000000.000000,3000000000.000000,0.000000,2241000000.000000,-2568000000.000000,1532000000.000000,1504000000.000000,-178000000.000000,84000000.000000,84000000.000000,84000000.000000,0.000000,0.000000,0.018000,1491000000.000000,398000000.000000,25034000000.000000,0.000000,10.756000,91.547000,92.006000,1646000000.000000,0.000000,146.290000,9.404000,9.396000,23229000000.000000,8258000000.000000,4618000000.000000,4618000000.000000,605000000.000000,,,,,283000000.000000,857000000.000000,1.000000,1173981657.000000,1173000000.000000,1185000000.000000,3.937000,43773000000.000000,0.000000,179000000.000000,2978000000.000000,37.317000
ARQ,2020-06-30,2020-07-30,2020-06-30,2020-Q2,12771000000.000000,225871938338.000000,2025-04-29,-170000000.000000,63166000000.000000,,46500000000.000000,16666000000.000000,,15.038000,-192000000.000000,6353000000.000000,6353000000.000000,2706000000.000000,1530000000.000000,1.379000,2.578000,8934000000.000000,0.000000,8934000000.000000,8934000000.000000,0.000000,297000000.000000,0.000000,0.000000,0.000000,1799000000.000000,2096000000.000000,0.398000,2096000000.000000,1799000000.000000,1799000000.000000,1.300000,1.290000,1.300000,17640000000.000000,,17640000000.000000,228452938338.000000,67.000000,51.407000,2191000000.000000,1.868000,1.000000,2555000000.000000,0.486000,10372000000.000000,0.000000,21646000000.000000,,0.000000,13005000000.000000,9830000000.000000,3175000000.000000,45482000000.000000,33729000000.000000,11753000000.000000,1262000000.000000,0.000000,-130000000.000000,966000000.000000,0.000000,6278000000.000000,-7505000000.000000,-6580000000.000000,2383000000.000000,106000000.000000,1530000000.000000,1530000000.000000,1530000000.000000,0.000000,0.000000,0.291000,1604000000.000000,951000000.000000,31283000000.000000,0.000000,12.805000,87.446000,87.904000,1717000000.000000,0.000000,192.510000,11.753000,11.750000,29477000000.000000,9788000000.000000,5261000000.000000,5261000000.000000,631000000.000000,,,,,352000000.000000,926000000.000000,1.000000,1173299768.000000,1173000000.000000,1184000000.000000,4.485000,52794000000.000000,0.000000,269000000.000000,3146000000.000000,45.008000
ARQ,2020-09-30,2020-11-03,2020-09-30,2020-Q3,13458000000.000000,210681904176.000000,2025-04-29,-332000000.000000,65582000000.000000,,48704000000.000000,16878000000.000000,,15.770000,-241000000.000000,6112000000.000000,6112000000.000000,2815000000.000000,1021000000.000000,1.382000,2.546000,8937000000.000000,0.000000,8937000000.000000,8937000000.000000,0.000000,298000000.000000,0.000000,0.000000,0.000000,1144000000.000000,1442000000.000000,0.264000,1442000000.000000,1144000000.000000,1144000000.000000,0.870000,0.860000,0.870000,18483000000.000000,,18483000000.000000,213506904176.000000,53.000000,41.257000,479000000.000000,0.409000,1.000000,2644000000.000000,0.484000,10265000000.000000,0.000000,22896000000.000000,,0.000000,14082000000.000000,10643000000.000000,3439000000.000000,47055000000.000000,35246000000.000000,11809000000.000000,-882000000.000000,3000000.000000,-369000000.000000,0.000000,0.000000,1493000000.000000,-3193000000.000000,-3029000000.000000,720000000.000000,98000000.000000,1021000000.000000,1021000000.000000,1021000000.000000,0.000000,0.000000,0.187000,1667000000.000000,977000000.000000,32689000000.000000,0.000000,11.399000,67.053000,67.345000,1757000000.000000,0.000000,179.810000,10.379000,10.382000,31012000000.000000,10809000000.000000,5459000000.000000,5459000000.000000,674000000.000000,,,,,364000000.000000,974000000.000000,1.000000,1171691809.000000,1172000000.000000,1190000000.000000,4.658000,55317000000.000000,0.000000,123000000.000000,2972000000.000000,47.199000
ARQ,2020-12-31,2021-02-05,2020-12-31,2020-Q4,12548000000.000000,315561596774.000000,2025-04-29,-484000000.000000,70379000000.000000,,50995000000.000000,19384000000.000000,,17.066000,-226000000.000000,4794000000.000000,4794000000.000000,3203000000.000000,1567000000.000000,1.326000,2.513000,8939000000.000000,0.000000,8939000000.000000,8939000000.000000,0.000000,301000000.000000,0.000000,0.000000,0.000000,1859000000.000000,2160000000.000000,0.353000,2160000000.000000,1859000000.000000,1859000000.000000,1.330000,1.320000,1.330000,20019000000.000000,,20019000000.000000,319706596774.000000,63.000000,51.120000,1021000000.000000,0.870000,1.000000,2913000000.000000,0.476000,10183000000.000000,0.000000,25894000000.000000,,0.000000,17147000000.000000,11058000000.000000,6089000000.000000,50316000000.000000,38447000000.000000,11869000000.000000,918000000.000000,0.000000,-200000000.000000,0.000000,0.000000,2480000000.000000,-2952000000.000000,-2234000000.000000,1247000000.000000,143000000.000000,1567000000.000000,1567000000.000000,1567000000.000000,0.000000,0.000000,0.256000,1950000000.000000,963000000.000000,35670000000.000000,0.000000,15.763000,75.098000,75.263000,1807000000.000000,0.000000,269.440000,14.709000,14.732000,33995000000.000000,12366000000.000000,6116000000.000000,6116000000.000000,732000000.000000,,,,,377000000.000000,1174000000.000000,1.000000,1171175760.000000,1173000000.000000,1190000000.000000,5.214000,60196000000.000000,0.000000,292000000.000000,3059000000.000000,51.318000
ARQ,2021-03-31,2021-05-06,2021-03-31,2021-Q1,12092000000.000000,296054964169.000000,2025-04-29,-353000000.000000,72517000000.000000,,53432000000.000000,19085000000.000000,,16.574000,-221000000.000000,5717000000.000000,5717000000.000000,3066000000.000000,1097000000.000000,1.293000,2.730000,8942000000.000000,0.000000,8942000000.000000,8942000000.000000,0.000000,300000000.000000,0.000000,0.000000,0.000000,872000000.000000,1172000000.000000,0.194000,1172000000.000000,872000000.000000,872000000.000000,0.940000,0.920000,0.940000,19441000000.000000,,19441000000.000000,299279964169.000000,53.000000,43.563000,1537000000.000000,1.310000,1.000000,2967000000.000000,0.492000,10055000000.000000,0.000000,24347000000.000000,,0.000000,16094000000.000000,10100000000.000000,5994000000.000000,53076000000.000000,41340000000.000000,11736000000.000000,960000000.000000,0.000000,-1321000000.000000,0.000000,0.000000,827000000.000000,-1583000000.000000,-1182000000.000000,1758000000.000000,-42000000.000000,1097000000.000000,1097000000.000000,1097000000.000000,0.000000,0.000000,0.182000,1925000000.000000,1042000000.000000,38514000000.000000,0.000000,15.228000,56.770000,56.761000,1806000000.000000,0.000000,252.020000,12.946000,12.927000,36297000000.000000,13463000000.000000,6033000000.000000,6033000000.000000,741000000.000000,,,,,368000000.000000,1126000000.000000,1.000000,1174728054.000000,1173000000.000000,1190000000.000000,5.143000,62462000000.000000,0.000000,-225000000.000000,2889000000.000000,53.250000
ARQ,2021-06-30,2021-07-29,2021-06-30,2021-Q2,11963000000.000000,332733853916.000000,2025-04-29,-292000000.000000,73816000000.000000,,53231000000.000000,20585000000.000000,,17.807000,-246000000.000000,5745000000.000000,5745000000.000000,3214000000.000000,1184000000.000000,1.290000,2.531000,8945000000.000000,0.000000,8945000000.000000,8945000000.000000,0.000000,316000000.000000,0.000000,0.000000,0.000000,1356000000.000000,1672000000.000000,0.268000,1672000000.000000,1356000000.000000,1356000000.000000,1.010000,1.000000,1.010000,20905000000.000000,,20905000000.000000,335933853916.000000,64.000000,52.115000,1060000000.000000,0.903000,1.000000,3024000000.000000,0.485000,10484000000.000000,0.000000,25264000000.000000,,0.000000,16901000000.000000,9933000000.000000,6968000000.000000,52911000000.000000,41268000000.000000,11643000000.000000,18000000.000000,-469000000.000000,-113000000.000000,0.000000,0.000000,-197000000.000000,-1099000000.000000,-691000000.000000,1306000000.000000,8000000.000000,1184000000.000000,1184000000.000000,1184000000.000000,0.000000,0.000000,0.190000,1897000000.000000,1127000000.000000,38630000000.000000,0.000000,15.916000,68.337000,68.234000,1848000000.000000,0.000000,283.170000,13.953000,13.941000,36363000000.000000,14647000000.000000,6238000000.000000,6238000000.000000,746000000.000000,,,,,390000000.000000,1150000000.000000,1.000000,1175032150.000000,1174000000.000000,1186000000.000000,5.313000,63332000000.000000,0.000000,172000000.000000,2847000000.000000,53.945000
ARQ,2021-09-30,2021-11-09,2021-09-30,2021-Q3,12435000000.000000,241354155932.000000,2025-04-29,-124000000.000000,74534000000.000000,,54130000000.000000,20404000000.000000,,18.816000,-225000000.000000,7782000000.000000,7782000000.000000,3336000000.000000,1087000000.000000,1.298000,2.374000,7949000000.000000,0.000000,7949000000.000000,7949000000.000000,0.000000,323000000.000000,0.000000,0.000000,0.000000,1165000000.000000,1488000000.000000,0.241000,1488000000.000000,1165000000.000000,1165000000.000000,0.930000,0.920000,0.930000,22090000000.000000,,22090000000.000000,241521155932.000000,46.000000,37.203000,1288000000.000000,1.097000,1.000000,2846000000.000000,0.460000,10358000000.000000,0.000000,22648000000.000000,,0.000000,15976000000.000000,9223000000.000000,6753000000.000000,52444000000.000000,41695000000.000000,10749000000.000000,951000000.000000,0.000000,-349000000.000000,0.000000,0.000000,-816000000.000000,326000000.000000,715000000.000000,1513000000.000000,-72000000.000000,1087000000.000000,1087000000.000000,1087000000.000000,0.000000,0.000000,0.176000,1803000000.000000,1043000000.000000,37990000000.000000,0.000000,10.926000,48.907000,48.793000,1900000000.000000,0.000000,205.420000,9.824000,9.816000,35840000000.000000,15734000000.000000,6182000000.000000,6182000000.000000,755000000.000000,,,,,300000000.000000,1047000000.000000,1.000000,1174930172.000000,1174000000.000000,1187000000.000000,5.266000,64176000000.000000,0.000000,78000000.000000,2951000000.000000,54.664000
ARQ,2021-12-31,2022-02-03,2021-12-31,2021-Q4,9545000000.000000,144810110686.000000,2025-04-29,-136000000.000000,75803000000.000000,,52574000000.000000,23229000000.000000,,18.507000,-211000000.000000,5197000000.000000,5197000000.000000,3834000000.000000,801000000.000000,1.222000,2.489000,8049000000.000000,0.000000,8049000000.000000,8049000000.000000,0.000000,326000000.000000,0.000000,0.000000,0.000000,706000000.000000,1032000000.000000,0.149000,1032000000.000000,706000000.000000,706000000.000000,0.680000,0.680000,0.680000,21727000000.000000,,21727000000.000000,147662110686.000000,36.000000,27.528000,1552000000.000000,1.322000,1.000000,3084000000.000000,0.446000,12786000000.000000,0.000000,22840000000.000000,,0.000000,15946000000.000000,9149000000.000000,6797000000.000000,54076000000.000000,43029000000.000000,11047000000.000000,-1940000000.000000,-2294000000.000000,-1428000000.000000,-89000000.000000,0.000000,-578000000.000000,-3129000000.000000,-854000000.000000,1763000000.000000,4000000.000000,801000000.000000,801000000.000000,801000000.000000,0.000000,0.000000,0.116000,2034000000.000000,1050000000.000000,39038000000.000000,0.000000,6.665000,34.735000,35.014000,1909000000.000000,0.000000,124.300000,5.708000,5.752000,36941000000.000000,16535000000.000000,6918000000.000000,6918000000.000000,796000000.000000,,,,,318000000.000000,1236000000.000000,1.000000,1165004913.000000,1174000000.000000,1183000000.000000,5.893000,63017000000.000000,0.000000,-95000000.000000,3234000000.000000,53.677000
ARQ,2022-03-31,2022-04-28,2022-03-31,2022-Q1,8415000000.000000,106643897062.000000,2025-04-29,-444000000.000000,75805000000.000000,,52382000000.000000,23423000000.000000,,17.715000,-188000000.000000,4861000000.000000,4861000000.000000,3720000000.000000,509000000.000000,1.191000,2.679000,8222000000.000000,0.000000,8222000000.000000,8222000000.000000,0.000000,328000000.000000,0.000000,0.000000,0.000000,629000000.000000,957000000.000000,0.148000,957000000.000000,629000000.000000,629000000.000000,0.440000,0.430000,0.440000,20603000000.000000,,20603000000.000000,110004897062.000000,29.000000,21.364000,1054000000.000000,0.906000,1.000000,2763000000.000000,0.426000,12555000000.000000,0.000000,22644000000.000000,,0.000000,15472000000.000000,8327000000.000000,7145000000.000000,55202000000.000000,43967000000.000000,11235000000.000000,-186000000.000000,0.000000,-1497000000.000000,182000000.000000,0.000000,-695000000.000000,-751000000.000000,-324000000.000000,1242000000.000000,18000000.000000,509000000.000000,509000000.000000,509000000.000000,0.000000,0.000000,0.079000,2052000000.000000,711000000.000000,39886000000.000000,0.000000,5.176000,29.780000,30.095000,1861000000.000000,0.000000,92.090000,4.130000,4.148000,37896000000.000000,17044000000.000000,6483000000.000000,6483000000.000000,815000000.000000,,,,,429000000.000000,1201000000.000000,1.000000,1158039929.000000,1163000000.000000,1172000000.000000,5.574000,63250000000.000000,0.000000,120000000.000000,3266000000.000000,54.385000
ARQ,2022-06-30,2022-08-03,2022-06-30,2022-Q2,10157000000.000000,113242117582.000000,2025-04-29,-564000000.000000,77810000000.000000,,55252000000.000000,22558000000.000000,,17.070000,-173000000.000000,4583000000.000000,4583000000.000000,4028000000.000000,-341000000.000000,1.225000,2.936000,10198000000.000000,0.000000,10198000000.000000,10198000000.000000,0.000000,333000000.000000,0.000000,0.000000,0.000000,49000000.000000,382000000.000000,0.056000,382000000.000000,49000000.000000,49000000.000000,-0.290000,-0.290000,-0.290000,19767000000.000000,,19767000000.000000,118857117582.000000,47.000000,30.800000,1293000000.000000,1.117000,1.000000,2778000000.000000,0.408000,12147000000.000000,0.000000,26183000000.000000,,0.000000,16742000000.000000,10472000000.000000,6270000000.000000,58043000000.000000,45095000000.000000,12948000000.000000,-1159000000.000000,0.000000,-667000000.000000,1420000000.000000,0.000000,1445000000.000000,-3916000000.000000,-3130000000.000000,1466000000.000000,-154000000.000000,-341000000.000000,-341000000.000000,-341000000.000000,0.000000,0.000000,-0.050000,2014000000.000000,764000000.000000,40377000000.000000,0.000000,5.729000,55.079000,55.636000,1832000000.000000,0.000000,97.920000,4.291000,4.297000,38088000000.000000,16703000000.000000,6806000000.000000,6806000000.000000,815000000.000000,,,,,312000000.000000,1109000000.000000,1.000000,1156475874.000000,1158000000.000000,1158000000.000000,5.877000,65663000000.000000,0.000000,390000000.000000,3346000000.000000,56.704000
ARQ,2022-09-30,2022-11-04,2022-09-30,2022-Q3,11877000000.000000,85707284892.000000,2025-04-29,-681000000.000000,76435000000.000000,,55105000000.000000,21330000000.000000,,17.560000,-182000000.000000,6659000000.000000,6659000000.000000,3864000000.000000,1330000000.000000,1.275000,2.772000,10241000000.000000,0.000000,10241000000.000000,10241000000.000000,0.000000,330000000.000000,0.000000,0.000000,0.000000,1578000000.000000,1908000000.000000,0.279000,1908000000.000000,1578000000.000000,1578000000.000000,1.150000,1.150000,1.150000,20264000000.000000,,20264000000.000000,89289284892.000000,30.000000,20.867000,1766000000.000000,1.530000,1.000000,2982000000.000000,0.436000,11908000000.000000,0.000000,24881000000.000000,,0.000000,15407000000.000000,10192000000.000000,5215000000.000000,56171000000.000000,43228000000.000000,12943000000.000000,40000000.000000,0.000000,-939000000.000000,58000000.000000,0.000000,-3172000000.000000,1381000000.000000,1766000000.000000,1948000000.000000,-117000000.000000,1330000000.000000,1330000000.000000,1330000000.000000,0.000000,0.000000,0.194000,1864000000.000000,1118000000.000000,37938000000.000000,0.000000,4.230000,37.280000,37.970000,1773000000.000000,0.000000,75.180000,3.168000,3.207000,35713000000.000000,18033000000.000000,6846000000.000000,6846000000.000000,801000000.000000,,,,,226000000.000000,1007000000.000000,1.000000,1140027732.000000,1154000000.000000,1157000000.000000,5.932000,64527000000.000000,0.000000,248000000.000000,3354000000.000000,55.916000
ARQ,2022-12-31,2023-02-10,2022-12-31,2022-Q4,12416000000.000000,91414962478.000000,2025-04-29,-928000000.000000,78717000000.000000,,57517000000.000000,21200000000.000000,,17.800000,-158000000.000000,7776000000.000000,7776000000.000000,4253000000.000000,921000000.000000,1.275000,2.883000,10417000000.000000,0.000000,10417000000.000000,10417000000.000000,0.000000,326000000.000000,0.000000,0.000000,0.000000,1110000000.000000,1436000000.000000,0.195000,1436000000.000000,1110000000.000000,1110000000.000000,0.810000,0.800000,0.810000,20274000000.000000,,20274000000.000000,94055962478.000000,28.000000,20.085000,999000000.000000,0.877000,1.000000,3130000000.000000,0.424000,11997000000.000000,0.000000,24260000000.000000,,0.000000,15541000000.000000,10523000000.000000,5018000000.000000,58443000000.000000,45101000000.000000,13342000000.000000,2432000000.000000,0.000000,-953000000.000000,129000000.000000,0.000000,1312000000.000000,-135000000.000000,1594000000.000000,1157000000.000000,98000000.000000,921000000.000000,921000000.000000,921000000.000000,0.000000,0.000000,0.125000,1886000000.000000,1244000000.000000,40233000000.000000,0.000000,4.509000,37.790000,38.476000,1730000000.000000,0.000000,80.800000,3.322000,3.388000,37320000000.000000,18954000000.000000,7383000000.000000,7383000000.000000,822000000.000000,,,,,294000000.000000,1039000000.000000,1.000000,1131373298.000000,1139000000.000000,1143000000.000000,6.482000,66720000000.000000,0.000000,189000000.000000,3738000000.000000,58.578000
ARQ,2023-03-31,2023-05-09,2023-03-31,2023-Q1,12651000000.000000,73531129061.000000,2025-04-29,-898000000.000000,77186000000.000000,,56560000000.000000,20626000000.000000,,17.589000,-169000000.000000,7101000000.000000,7101000000.000000,4213000000.000000,795000000.000000,1.288000,2.887000,10481000000.000000,0.000000,10481000000.000000,10481000000.000000,0.000000,270000000.000000,0.000000,0.000000,0.000000,1074000000.000000,1344000000.000000,0.191000,1344000000.000000,1074000000.000000,1074000000.000000,0.700000,0.700000,0.700000,19858000000.000000,,19858000000.000000,76911129061.000000,20.000000,15.170000,1001000000.000000,0.887000,1.000000,2827000000.000000,0.402000,11925000000.000000,0.000000,24732000000.000000,,0.000000,15686000000.000000,11054000000.000000,4632000000.000000,57328000000.000000,43909000000.000000,13419000000.000000,-1462000000.000000,0.000000,-1431000000.000000,67000000.000000,0.000000,-2662000000.000000,34000000.000000,-881000000.000000,1170000000.000000,-4000000.000000,795000000.000000,795000000.000000,795000000.000000,0.000000,0.000000,0.113000,1828000000.000000,999000000.000000,39168000000.000000,0.000000,3.703000,27.183000,27.808000,1633000000.000000,0.000000,65.905000,2.619000,2.650000,36243000000.000000,19749000000.000000,7040000000.000000,7040000000.000000,721000000.000000,,,,,345000000.000000,943000000.000000,1.000000,1115713968.000000,1129000000.000000,1134000000.000000,6.236000,65261000000.000000,0.000000,279000000.000000,3515000000.000000,57.804000
ARQ,2023-06-30,2023-08-03,2023-06-30,2023-Q2,12371000000.000000,70472044889.000000,2025-04-29,-996000000.000000,74579000000.000000,,54125000000.000000,20454000000.000000,,17.697000,-111000000.000000,5504000000.000000,5504000000.000000,4431000000.000000,1029000000.000000,1.296000,2.793000,10549000000.000000,0.000000,10549000000.000000,10549000000.000000,0.000000,269000000.000000,0.000000,0.000000,0.000000,1303000000.000000,1572000000.000000,0.216000,1572000000.000000,1303000000.000000,1303000000.000000,0.930000,0.920000,0.930000,19661000000.000000,,19661000000.000000,75517044889.000000,15.000000,12.063000,-311000000.000000,-0.280000,1.000000,2856000000.000000,0.392000,11707000000.000000,0.000000,26163000000.000000,,0.000000,16391000000.000000,11848000000.000000,4543000000.000000,54918000000.000000,41754000000.000000,13164000000.000000,-2079000000.000000,0.000000,-1448000000.000000,-289000000.000000,0.000000,-3392000000.000000,1559000000.000000,1912000000.000000,-200000000.000000,-46000000.000000,1029000000.000000,1029000000.000000,1029000000.000000,0.000000,0.000000,0.141000,1723000000.000000,1133000000.000000,37530000000.000000,0.000000,3.584000,17.294000,17.877000,1589000000.000000,0.000000,64.180000,2.468000,2.497000,34571000000.000000,20778000000.000000,7287000000.000000,7287000000.000000,743000000.000000,,,,,363000000.000000,956000000.000000,1.000000,1098037471.000000,1111000000.000000,1114000000.000000,6.559000,62872000000.000000,0.000000,274000000.000000,3406000000.000000,56.590000
ARQ,2023-09-30,2023-11-02,2023-09-30,2023-Q3,13193000000.000000,59362400733.000000,2025-04-29,-852000000.000000,76440000000.000000,,56635000000.000000,19805000000.000000,,18.044000,-154000000.000000,6816000000.000000,6816000000.000000,4523000000.000000,1020000000.000000,1.304000,2.872000,10640000000.000000,0.000000,10640000000.000000,10640000000.000000,0.000000,270000000.000000,0.000000,0.000000,0.000000,1241000000.000000,1511000000.000000,0.204000,1511000000.000000,1241000000.000000,1241000000.000000,0.930000,0.930000,0.930000,19740000000.000000,,19740000000.000000,63186400733.000000,13.000000,10.777000,1105000000.000000,1.010000,1.000000,2895000000.000000,0.390000,11499000000.000000,0.000000,25323000000.000000,,0.000000,15817000000.000000,11962000000.000000,3855000000.000000,56700000000.000000,43442000000.000000,13258000000.000000,968000000.000000,0.000000,-1434000000.000000,109000000.000000,0.000000,61000000.000000,-307000000.000000,1629000000.000000,1259000000.000000,-45000000.000000,1020000000.000000,1020000000.000000,1020000000.000000,0.000000,0.000000,0.138000,1727000000.000000,1168000000.000000,38772000000.000000,0.000000,3.007000,15.767000,16.338000,1529000000.000000,0.000000,55.060000,2.038000,2.068000,35629000000.000000,21798000000.000000,7418000000.000000,7418000000.000000,739000000.000000,,,,,379000000.000000,949000000.000000,1.000000,1078140224.000000,1094000000.000000,1098000000.000000,6.781000,64941000000.000000,0.000000,221000000.000000,3755000000.000000,59.361000
ARQ,2023-12-31,2024-02-08,2023-12-31,2023-Q4,14103000000.000000,60156870826.000000,2025-04-29,-746000000.000000,82166000000.000000,,62569000000.000000,19597000000.000000,,19.510000,-144000000.000000,9081000000.000000,9081000000.000000,4819000000.000000,1402000000.000000,1.291000,2.903000,9676000000.000000,0.000000,9676000000.000000,9676000000.000000,0.000000,263000000.000000,0.000000,0.000000,0.000000,1793000000.000000,2056000000.000000,0.256000,2056000000.000000,1793000000.000000,1793000000.000000,1.290000,1.290000,1.290000,21051000000.000000,,21051000000.000000,60751870826.000000,11.000000,9.371000,2470000000.000000,2.289000,1.000000,3207000000.000000,0.400000,11563000000.000000,0.000000,22732000000.000000,,0.000000,14248000000.000000,10975000000.000000,3273000000.000000,61115000000.000000,48466000000.000000,12649000000.000000,5251000000.000000,466000000.000000,-562000000.000000,588000000.000000,0.000000,3000000000.000000,-534000000.000000,1061000000.000000,2614000000.000000,171000000.000000,1402000000.000000,1402000000.000000,1402000000.000000,0.000000,0.000000,0.175000,1479000000.000000,1728000000.000000,42074000000.000000,0.000000,2.858000,14.168000,14.579000,1488000000.000000,0.000000,56.130000,2.021000,2.080000,40004000000.000000,23200000000.000000,8026000000.000000,8026000000.000000,770000000.000000,,,,,388000000.000000,1020000000.000000,1.000000,1071741864.000000,1079000000.000000,1083000000.000000,7.438000,70603000000.000000,0.000000,391000000.000000,0.000000,65.434000
ARQ,2024-03-31,2024-04-30,2024-03-31,2024-Q1,13860000000.000000,71047447105.000000,2025-04-29,-659000000.000000,83347000000.000000,,63706000000.000000,19641000000.000000,,19.457000,-154000000.000000,9693000000.000000,9693000000.000000,4692000000.000000,888000000.000000,1.278000,3.026000,9683000000.000000,0.000000,9683000000.000000,9683000000.000000,0.000000,265000000.000000,0.000000,0.000000,0.000000,1209000000.000000,1474000000.000000,0.191000,1474000000.000000,1209000000.000000,1209000000.000000,0.830000,0.830000,0.830000,20702000000.000000,,20702000000.000000,71037447105.000000,13.000000,10.742000,1763000000.000000,1.657000,1.000000,3007000000.000000,0.391000,11381000000.000000,0.000000,22110000000.000000,,0.000000,13543000000.000000,10134000000.000000,3409000000.000000,62645000000.000000,49846000000.000000,12799000000.000000,441000000.000000,0.000000,-1501000000.000000,-244000000.000000,0.000000,-2362000000.000000,980000000.000000,2283000000.000000,1917000000.000000,-94000000.000000,888000000.000000,888000000.000000,888000000.000000,0.000000,0.000000,0.115000,1839000000.000000,1168000000.000000,41461000000.000000,0.000000,3.432000,16.374000,17.065000,1426000000.000000,0.000000,67.920000,2.335000,2.375000,39461000000.000000,24088000000.000000,7699000000.000000,7699000000.000000,742000000.000000,,,,,365000000.000000,885000000.000000,1.000000,1046046041.000000,1064000000.000000,1072000000.000000,7.236000,71966000000.000000,0.000000,321000000.000000,0.000000,67.637000
ARQ,2024-06-30,2024-07-30,2024-06-30,2024-Q2,12259000000.000000,65429337152.000000,2025-04-29,-693000000.000000,84016000000.000000,,62972000000.000000,21044000000.000000,,19.791000,-157000000.000000,7701000000.000000,7701000000.000000,4713000000.000000,1128000000.000000,1.242000,3.074000,9727000000.000000,0.000000,9727000000.000000,9727000000.000000,0.000000,263000000.000000,0.000000,0.000000,0.000000,1399000000.000000,1662000000.000000,0.211000,1662000000.000000,1399000000.000000,1399000000.000000,1.080000,1.080000,1.080000,20622000000.000000,,20622000000.000000,67455337152.000000,12.000000,10.063000,1368000000.000000,1.313000,1.000000,3172000000.000000,0.402000,11219000000.000000,0.000000,24110000000.000000,,0.000000,16256000000.000000,11603000000.000000,4653000000.000000,63394000000.000000,50713000000.000000,12681000000.000000,-2917000000.000000,0.000000,-1446000000.000000,1247000000.000000,0.000000,200000000.000000,-4647000000.000000,-4172000000.000000,1525000000.000000,5000000.000000,1128000000.000000,1128000000.000000,1128000000.000000,0.000000,0.000000,0.143000,1847000000.000000,1325000000.000000,41860000000.000000,0.000000,3.173000,14.743000,15.496000,1459000000.000000,0.000000,64.000000,2.109000,2.149000,39714000000.000000,25216000000.000000,7885000000.000000,7885000000.000000,718000000.000000,,,,,298000000.000000,1016000000.000000,1.000000,1022333393.000000,1042000000.000000,1047000000.000000,7.567000,72797000000.000000,0.000000,271000000.000000,0.000000,69.863000
ARQ,2024-09-30,2024-10-29,2024-09-30,2024-Q3,12405000000.000000,80483817112.000000,2025-04-29,-627000000.000000,83511000000.000000,,62673000000.000000,20838000000.000000,,19.876000,-169000000.000000,7272000000.000000,7272000000.000000,4620000000.000000,1010000000.000000,1.247000,3.140000,9976000000.000000,0.000000,9976000000.000000,9976000000.000000,0.000000,255000000.000000,0.000000,0.000000,0.000000,1311000000.000000,1566000000.000000,0.200000,1566000000.000000,1311000000.000000,1311000000.000000,1.000000,0.990000,1.000000,20174000000.000000,,20174000000.000000,83187817112.000000,15.000000,12.310000,1445000000.000000,1.424000,1.000000,3227000000.000000,0.411000,11389000000.000000,0.000000,24558000000.000000,,0.000000,15403000000.000000,11121000000.000000,4282000000.000000,63337000000.000000,50268000000.000000,13069000000.000000,2076000000.000000,0.000000,-1776000000.000000,132000000.000000,0.000000,-2529000000.000000,2799000000.000000,1449000000.000000,1614000000.000000,192000000.000000,1010000000.000000,1010000000.000000,1010000000.000000,0.000000,0.000000,0.129000,1836000000.000000,1391000000.000000,41347000000.000000,0.000000,3.989000,18.176000,19.114000,1496000000.000000,0.000000,80.280000,2.559000,2.590000,40220000000.000000,26226000000.000000,7847000000.000000,7847000000.000000,746000000.000000,,,,,284000000.000000,1027000000.000000,1.000000,1002538828.000000,1015000000.000000,1024000000.000000,7.731000,72122000000.000000,0.000000,301000000.000000,0.000000,71.056000
ARQ,2024-12-31,2025-02-04,2024-12-31,2024-Q4,12716000000.000000,76888869582.000000,2025-04-29,-550000000.000000,81611000000.000000,,61092000000.000000,20519000000.000000,,20.499000,-202000000.000000,6561000000.000000,6561000000.000000,4882000000.000000,1121000000.000000,1.263000,2.997000,9879000000.000000,0.000000,9879000000.000000,9879000000.000000,0.000000,249000000.000000,0.000000,0.000000,0.000000,1410000000.000000,1659000000.000000,0.198000,1659000000.000000,1410000000.000000,1410000000.000000,1.120000,1.100000,1.120000,20417000000.000000,,20417000000.000000,80206869582.000000,15.000000,12.609000,2192000000.000000,2.201000,1.000000,3484000000.000000,0.416000,11163000000.000000,0.000000,25390000000.000000,,0.000000,15808000000.000000,11225000000.000000,4583000000.000000,61194000000.000000,48376000000.000000,12818000000.000000,956000000.000000,0.000000,-1229000000.000000,-1250000000.000000,0.000000,-3585000000.000000,2457000000.000000,-356000000.000000,2394000000.000000,-310000000.000000,1121000000.000000,1121000000.000000,1121000000.000000,0.000000,0.000000,0.134000,2043000000.000000,1441000000.000000,39898000000.000000,0.000000,3.766000,18.541000,19.287000,1508000000.000000,0.000000,77.725000,2.418000,2.515000,38655000000.000000,27347000000.000000,8366000000.000000,8366000000.000000,773000000.000000,,,,,283000000.000000,1220000000.000000,1.000000,989242452.000000,996000000.000000,1012000000.000000,8.400000,70448000000.000000,0.000000,289000000.000000,0.000000,70.731000
ARQ,2025-03-31,2025-04-29,2025-03-31,2025-Q1,13989000000.000000,64498377219.000000,2025-04-29,-622000000.000000,81274000000.000000,,60611000000.000000,20663000000.000000,,20.542000,-194000000.000000,7449000000.000000,7449000000.000000,4473000000.000000,1287000000.000000,1.300000,3.013000,11417000000.000000,0.000000,11417000000.000000,11417000000.000000,0.000000,245000000.000000,0.000000,0.000000,0.000000,1603000000.000000,1848000000.000000,0.237000,1848000000.000000,1603000000.000000,1603000000.000000,1.310000,1.290000,1.310000,20254000000.000000,,20254000000.000000,68466377219.000000,12.000000,10.166000,966000000.000000,0.980000,1.000000,3318000000.000000,0.426000,11206000000.000000,0.000000,27414000000.000000,,0.000000,15600000000.000000,10987000000.000000,4613000000.000000,61020000000.000000,46622000000.000000,14398000000.000000,-1409000000.000000,0.000000,-1500000000.000000,1491000000.000000,0.000000,994000000.000000,-3657000000.000000,-702000000.000000,1160000000.000000,94000000.000000,1287000000.000000,1287000000.000000,1287000000.000000,0.000000,0.000000,0.165000,1788000000.000000,1530000000.000000,41380000000.000000,0.000000,3.184000,14.188000,14.705000,1537000000.000000,0.000000,66.320000,2.023000,2.051000,40287000000.000000,28654000000.000000,7791000000.000000,7791000000.000000,731000000.000000,,,,,249000000.000000,991000000.000000,1.000000,972532829.000000,986000000.000000,999000000.000000,7.902000,70068000000.000000,0.000000,316000000.000000,0.000000,71.063000
ART,2014-12-31,2015-06-26,2014-12-31,2014-Q4,4282000000.000000,,2025-04-29,110000000.000000,21917000000.000000,,17565000000.000000,4352000000.000000,,6.768000,-492000000.000000,2201000000.000000,2201000000.000000,3871000000.000000,419000000.000000,1.322000,1.657000,0.000000,0.000000,0.000000,0.000000,0.000000,516000000.000000,0.000000,,0.000000,1261000000.000000,1777000000.000000,0.221000,1777000000.000000,1261000000.000000,1261000000.000000,,,,8248000000.000000,,8248000000.000000,,,,1728000000.000000,1.418000,1.000000,4154000000.000000,0.518000,3345000000.000000,0.000000,3088000000.000000,,0.000000,3646000000.000000,3615000000.000000,31000000.000000,13669000000.000000,13283000000.000000,386000000.000000,597000000.000000,-2000000.000000,0.000000,-21000000.000000,0.000000,-51000000.000000,-1546000000.000000,-690000000.000000,2220000000.000000,-26000000.000000,419000000.000000,419000000.000000,419000000.000000,0.000000,0.000000,0.052000,2886000000.000000,1268000000.000000,11820000000.000000,,,,,922000000.000000,0.000000,,,,11371000000.000000,,8025000000.000000,8025000000.000000,890000000.000000,,,,0.157000,258000000.000000,1480000000.000000,1.000000,1218735605.000000,1218735605.000000,,6.585000,18572000000.000000,0.000000,842000000.000000,29000000.000000,15.239000
ART,2015-06-30,2015-07-29,2015-06-30,2015-Q2,7129000000.000000,46251016210.000000,2025-04-29,24000000.000000,26911000000.000000,,19713000000.000000,7198000000.000000,,10.460000,,2562000000.000000,2562000000.000000,,,1.567000,1.112000,0.000000,0.000000,0.000000,0.000000,0.000000,,0.000000,0.000000,0.000000,,,,,,,,,,12740000000.000000,,12740000000.000000,43689016210.000000,,,,,1.000000,,,3595000000.000000,,8170000000.000000,,0.000000,7256000000.000000,4998000000.000000,2258000000.000000,14171000000.000000,12584000000.000000,1587000000.000000,,,,,,,,,,,,,,,,,,,11676000000.000000,,3.630000,,,1291000000.000000,,37.950000,,,11570000000.000000,,,,,,,,,,,1.000000,1218735605.000000,1218000000.000000,,,23316000000.000000,0.000000,,31000000.000000,19.143000
ART,2015-09-30,2015-10-29,2015-09-30,2015-Q3,7482000000.000000,43870890055.000000,2025-04-29,3000000.000000,27896000000.000000,,20554000000.000000,7342000000.000000,,10.822000,,1880000000.000000,1880000000.000000,,,1.572000,1.111000,0.000000,0.000000,0.000000,0.000000,0.000000,,0.000000,0.000000,0.000000,,,,,,,,,,13214000000.000000,,13214000000.000000,41990890055.000000,,,,,1.000000,,,3589000000.000000,,9355000000.000000,,0.000000,8413000000.000000,6021000000.000000,2392000000.000000,14682000000.000000,13072000000.000000,1610000000.000000,,,,,,,,,,,,,,,,,,,11916000000.000000,,3.320000,,,1298000000.000000,,35.910000,,,11975000000.000000,301000000.000000,,,,,,,,,,1.000000,1221690060.000000,1221000000.000000,,,24307000000.000000,0.000000,,67000000.000000,19.907000
ART,2015-12-31,2016-02-11,2015-12-31,2015-Q4,7031000000.000000,40984096235.000000,2025-04-29,-9000000.000000,28881000000.000000,25399000000.000000,20648000000.000000,8233000000.000000,0.364000,11.259000,-696000000.000000,1393000000.000000,1393000000.000000,4639000000.000000,1228000000.000000,1.516000,1.099000,0.000000,0.000000,0.000000,0.000000,0.000000,608000000.000000,0.000000,0.000000,0.000000,1488000000.000000,2096000000.000000,0.227000,2096000000.000000,1488000000.000000,1488000000.000000,1.000000,1.000000,1.000000,13759000000.000000,11003500000.000000,13759000000.000000,39591096235.000000,27.000000,18.889000,1850000000.000000,1.514000,1.000000,4609000000.000000,0.498000,4427000000.000000,0.000000,9444000000.000000,6266000000.000000,0.000000,8550000000.000000,6202000000.000000,2348000000.000000,15122000000.000000,13617000000.000000,1505000000.000000,-808000000.000000,-1225000000.000000,75000000.000000,-862000000.000000,0.000000,3079000000.000000,-6389000000.000000,-4468000000.000000,2546000000.000000,-44000000.000000,1228000000.000000,1228000000.000000,1228000000.000000,0.000000,0.000000,0.133000,3148000000.000000,1461000000.000000,12406000000.000000,0.000000,2.979000,33.375000,33.520000,1344000000.000000,0.000000,33.520000,4.432000,4.429000,12398000000.000000,668000000.000000,9248000000.000000,9248000000.000000,947000000.000000,0.048000,0.112000,0.237000,0.161000,320000000.000000,1545000000.000000,1.000000,1222675902.000000,1222000000.000000,1229000000.000000,7.568000,24454000000.000000,0.000000,260000000.000000,1537000000.000000,20.011000
ART,2016-03-31,2016-04-28,2016-03-31,2016-Q1,7606000000.000000,48565908386.000000,2025-04-29,-27000000.000000,29470000000.000000,28289500000.000000,21968000000.000000,7502000000.000000,0.341000,11.183000,,2583000000.000000,2583000000.000000,4914000000.000000,1338000000.000000,1.530000,1.167000,0.000000,0.000000,0.000000,0.000000,0.000000,,0.000000,0.000000,0.000000,1589000000.000000,,,,1589000000.000000,1589000000.000000,1.090000,1.100000,1.090000,13598000000.000000,13327750000.000000,13598000000.000000,45982908386.000000,29.000000,,,,1.000000,4741000000.000000,0.491000,4391000000.000000,0.000000,8134000000.000000,8775750000.000000,0.000000,8069000000.000000,6408000000.000000,1661000000.000000,15872000000.000000,14362000000.000000,1510000000.000000,,,,,,,,,,,1338000000.000000,1338000000.000000,1338000000.000000,0.000000,0.000000,0.139000,3195000000.000000,1546000000.000000,13190000000.000000,0.000000,3.572000,36.297000,36.761000,1345000000.000000,0.000000,40.070000,5.030000,5.047000,12391000000.000000,1033000000.000000,9655000000.000000,9655000000.000000,918000000.000000,0.047000,0.100000,0.181000,0.165000,,1635000000.000000,1.000000,1212026663.000000,1216000000.000000,1225000000.000000,7.940000,25079000000.000000,0.000000,251000000.000000,1537000000.000000,20.624000
ART,2016-06-30,2016-07-26,2016-06-30,2016-Q2,8234000000.000000,45488740136.000000,2025-04-29,52000000.000000,30631000000.000000,29219500000.000000,23457000000.000000,7174000000.000000,0.343000,11.419000,-616000000.000000,2018000000.000000,2018000000.000000,5170000000.000000,1356000000.000000,1.541000,1.217000,0.000000,0.000000,0.000000,0.000000,0.000000,667000000.000000,0.000000,0.000000,0.000000,1570000000.000000,2237000000.000000,0.224000,2237000000.000000,1570000000.000000,1570000000.000000,1.110000,1.120000,1.110000,13817000000.000000,13597000000.000000,13817000000.000000,43470740136.000000,28.000000,19.433000,2198000000.000000,1.817000,1.000000,4838000000.000000,0.483000,4350000000.000000,0.000000,9040000000.000000,8993250000.000000,0.000000,8761000000.000000,7446000000.000000,1315000000.000000,16814000000.000000,15223000000.000000,1591000000.000000,-544000000.000000,-971000000.000000,-764000000.000000,-10000000.000000,0.000000,764000000.000000,-4118000000.000000,-2753000000.000000,2814000000.000000,-4000000.000000,1356000000.000000,1356000000.000000,1356000000.000000,0.000000,0.000000,0.135000,3319000000.000000,1519000000.000000,14003000000.000000,0.000000,3.292000,33.546000,33.955000,1412000000.000000,0.000000,37.690000,4.545000,4.557000,13201000000.000000,1356000000.000000,10008000000.000000,10008000000.000000,886000000.000000,0.046000,0.100000,0.175000,0.157000,348000000.000000,1766000000.000000,1.000000,1206918019.000000,1210000000.000000,1215000000.000000,8.271000,26281000000.000000,0.000000,214000000.000000,1630000000.000000,21.720000
ART,2016-09-30,2016-10-25,2016-09-30,2016-Q3,8545000000.000000,52259834622.000000,2025-04-29,39000000.000000,31356000000.000000,30084500000.000000,24161000000.000000,7195000000.000000,0.346000,11.758000,-681000000.000000,1369000000.000000,1369000000.000000,5427000000.000000,1378000000.000000,1.547000,1.209000,0.000000,0.000000,0.000000,0.000000,0.000000,699000000.000000,0.000000,0.000000,0.000000,1580000000.000000,2279000000.000000,0.219000,2279000000.000000,1580000000.000000,1580000000.000000,1.130000,1.140000,1.130000,14192000000.000000,13841500000.000000,14192000000.000000,50890834622.000000,32.000000,22.330000,2282000000.000000,1.891000,1.000000,4990000000.000000,0.479000,4313000000.000000,0.000000,10058000000.000000,9169000000.000000,0.000000,9873000000.000000,8534000000.000000,1339000000.000000,17164000000.000000,15616000000.000000,1548000000.000000,-511000000.000000,-961000000.000000,-848000000.000000,-6000000.000000,0.000000,940000000.000000,-4427000000.000000,-3405000000.000000,2963000000.000000,13000000.000000,1378000000.000000,1378000000.000000,1378000000.000000,0.000000,0.000000,0.132000,3453000000.000000,1537000000.000000,14294000000.000000,0.000000,3.682000,37.924000,38.327000,1451000000.000000,0.000000,43.310000,5.017000,5.018000,13507000000.000000,1679000000.000000,10417000000.000000,10417000000.000000,871000000.000000,0.046000,0.100000,0.172000,0.152000,365000000.000000,1884000000.000000,1.000000,1206645916.000000,1207000000.000000,1214000000.000000,8.630000,27043000000.000000,0.000000,202000000.000000,1598000000.000000,22.405000
ART,2016-12-31,2017-02-08,2016-12-31,2016-Q4,8855000000.000000,49366002606.000000,2025-04-29,59000000.000000,33103000000.000000,31140000000.000000,25733000000.000000,7370000000.000000,0.348000,12.159000,-669000000.000000,1590000000.000000,1590000000.000000,5701000000.000000,1401000000.000000,1.525000,1.250000,0.000000,0.000000,0.000000,0.000000,0.000000,724000000.000000,0.000000,0.000000,0.000000,1631000000.000000,2355000000.000000,0.217000,2355000000.000000,1631000000.000000,1631000000.000000,1.160000,1.150000,1.160000,14712000000.000000,14079750000.000000,14712000000.000000,47776002606.000000,29.000000,20.287000,2489000000.000000,2.057000,1.000000,5141000000.000000,0.474000,4270000000.000000,0.000000,10365000000.000000,9399250000.000000,0.000000,10272000000.000000,8733000000.000000,1539000000.000000,18391000000.000000,16878000000.000000,1513000000.000000,197000000.000000,-19000000.000000,-886000000.000000,-21000000.000000,0.000000,2038000000.000000,-4999000000.000000,-4135000000.000000,3158000000.000000,0.000000,1401000000.000000,1401000000.000000,1401000000.000000,0.000000,0.000000,0.129000,3555000000.000000,1586000000.000000,15355000000.000000,0.000000,3.355000,35.236000,35.241000,1482000000.000000,0.000000,40.880000,4.553000,4.562000,14577000000.000000,2069000000.000000,10842000000.000000,10842000000.000000,834000000.000000,0.045000,0.100000,0.174000,0.150000,398000000.000000,1997000000.000000,1.000000,1207583234.000000,1210000000.000000,1218000000.000000,8.960000,28833000000.000000,0.000000,230000000.000000,1577000000.000000,23.829000
ART,2017-03-31,2017-04-27,2017-03-31,2017-Q1,8139000000.000000,56639337285.000000,2025-04-29,2000000.000000,33493000000.000000,32145750000.000000,25425000000.000000,8068000000.000000,0.351000,12.158000,-684000000.000000,1240000000.000000,1240000000.000000,6002000000.000000,1420000000.000000,1.471000,1.290000,0.000000,0.000000,0.000000,0.000000,0.000000,733000000.000000,0.000000,0.000000,0.000000,1647000000.000000,2380000000.000000,0.211000,2380000000.000000,1647000000.000000,1647000000.000000,1.190000,1.180000,1.190000,14626000000.000000,14336750000.000000,14626000000.000000,55399337285.000000,34.000000,23.277000,2487000000.000000,2.067000,1.000000,5271000000.000000,0.468000,4244000000.000000,0.000000,10723000000.000000,10046500000.000000,0.000000,10494000000.000000,8169000000.000000,2325000000.000000,18867000000.000000,17286000000.000000,1581000000.000000,-1343000000.000000,0.000000,-801000000.000000,0.000000,0.000000,1871000000.000000,-6382000000.000000,-5784000000.000000,3171000000.000000,-3000000.000000,1420000000.000000,1420000000.000000,1420000000.000000,0.000000,0.000000,0.126000,3661000000.000000,1610000000.000000,15905000000.000000,0.000000,3.873000,39.887000,39.622000,1448000000.000000,0.000000,47.150000,5.024000,5.032000,15119000000.000000,2412000000.000000,11273000000.000000,11273000000.000000,853000000.000000,0.044000,0.099000,0.164000,0.146000,449000000.000000,2036000000.000000,1.000000,1201258479.000000,1203000000.000000,1216000000.000000,9.371000,29249000000.000000,0.000000,227000000.000000,1662000000.000000,24.313000
ART,2017-06-30,2017-07-27,2017-06-30,2017-Q2,8394000000.000000,72324180994.000000,2025-04-29,-98000000.000000,35290000000.000000,33310500000.000000,27035000000.000000,8255000000.000000,0.353000,12.478000,-657000000.000000,1271000000.000000,1271000000.000000,6326000000.000000,1508000000.000000,1.450000,1.353000,0.000000,0.000000,0.000000,0.000000,0.000000,758000000.000000,0.000000,0.000000,0.000000,1714000000.000000,2472000000.000000,0.210000,2472000000.000000,1714000000.000000,1714000000.000000,1.260000,1.250000,1.260000,14998000000.000000,14632000000.000000,14998000000.000000,71053180994.000000,41.000000,28.743000,2739000000.000000,2.279000,1.000000,5433000000.000000,0.462000,4205000000.000000,0.000000,11173000000.000000,10579750000.000000,0.000000,11083000000.000000,8572000000.000000,2511000000.000000,20292000000.000000,18641000000.000000,1651000000.000000,-747000000.000000,0.000000,-567000000.000000,-6000000.000000,0.000000,2369000000.000000,-6520000000.000000,-5832000000.000000,3396000000.000000,8000000.000000,1508000000.000000,1508000000.000000,1508000000.000000,0.000000,0.000000,0.128000,3764000000.000000,1669000000.000000,17149000000.000000,0.000000,4.822000,47.960000,47.738000,1479000000.000000,0.000000,60.150000,6.151000,6.149000,16354000000.000000,2824000000.000000,11759000000.000000,11759000000.000000,876000000.000000,0.045000,0.103000,0.162000,0.146000,545000000.000000,2091000000.000000,1.000000,1202397024.000000,1202000000.000000,1215000000.000000,9.783000,31085000000.000000,0.000000,206000000.000000,1736000000.000000,25.861000
ART,2017-09-30,2017-10-24,2017-09-30,2017-Q3,8734000000.000000,84386123146.000000,2025-04-29,-142000000.000000,37761000000.000000,34911750000.000000,29437000000.000000,8324000000.000000,0.353000,12.839000,-639000000.000000,2330000000.000000,2330000000.000000,6711000000.000000,1565000000.000000,1.422000,1.447000,0.000000,0.000000,0.000000,0.000000,0.000000,767000000.000000,0.000000,0.000000,0.000000,1805000000.000000,2572000000.000000,0.209000,2572000000.000000,1805000000.000000,1805000000.000000,1.310000,1.290000,1.310000,15432000000.000000,14942000000.000000,15432000000.000000,82056123146.000000,45.000000,31.904000,2962000000.000000,2.464000,1.000000,5620000000.000000,0.456000,4552000000.000000,0.000000,10176000000.000000,10609250000.000000,0.000000,11129000000.000000,8912000000.000000,2217000000.000000,22329000000.000000,20703000000.000000,1626000000.000000,961000000.000000,-323000000.000000,-605000000.000000,620000000.000000,0.000000,3570000000.000000,-6229000000.000000,-3235000000.000000,3601000000.000000,19000000.000000,1565000000.000000,1565000000.000000,1565000000.000000,0.000000,0.000000,0.127000,3876000000.000000,1744000000.000000,18949000000.000000,0.000000,5.468000,53.921000,53.595000,1485000000.000000,0.000000,70.210000,6.843000,6.844000,17476000000.000000,3204000000.000000,12331000000.000000,12331000000.000000,901000000.000000,0.045000,0.105000,0.170000,0.146000,635000000.000000,2168000000.000000,1.000000,1201910314.000000,1202000000.000000,1223000000.000000,10.259000,33209000000.000000,0.000000,240000000.000000,1715000000.000000,27.628000
ART,2017-12-31,2018-02-07,2017-12-31,2017-Q4,9782000000.000000,90720125014.000000,2025-04-29,-142000000.000000,40774000000.000000,36829500000.000000,32645000000.000000,8129000000.000000,0.356000,13.295000,-667000000.000000,2883000000.000000,2883000000.000000,6794000000.000000,1795000000.000000,1.428000,1.549000,1000000000.000000,1000000000.000000,0.000000,1000000000.000000,0.000000,805000000.000000,0.000000,0.000000,0.000000,2200000000.000000,3005000000.000000,0.229000,3005000000.000000,2200000000.000000,2200000000.000000,1.490000,1.470000,1.490000,15994000000.000000,15262500000.000000,15994000000.000000,88837125014.000000,40.000000,29.563000,1864000000.000000,1.549000,1.000000,6300000000.000000,0.481000,4507000000.000000,0.000000,11521000000.000000,10898250000.000000,0.000000,12485000000.000000,10524000000.000000,1961000000.000000,24780000000.000000,22863000000.000000,1917000000.000000,1293000000.000000,-323000000.000000,-862000000.000000,820000000.000000,0.000000,4084000000.000000,-5358000000.000000,-1888000000.000000,2531000000.000000,36000000.000000,1795000000.000000,1795000000.000000,1795000000.000000,0.000000,0.000000,0.137000,4173000000.000000,2127000000.000000,19999000000.000000,0.000000,5.672000,50.540000,50.732000,1528000000.000000,0.000000,75.590000,6.928000,6.945000,18525000000.000000,3823000000.000000,13094000000.000000,13094000000.000000,953000000.000000,0.049000,0.118000,0.202000,0.168000,733000000.000000,2283000000.000000,1.000000,1200160405.000000,1203000000.000000,1221000000.000000,10.884000,36267000000.000000,0.000000,405000000.000000,2000000000.000000,30.147000
ART,2018-03-31,2018-04-26,2018-03-31,2018-Q1,9028000000.000000,90277020305.000000,2025-04-29,-169000000.000000,42322000000.000000,39036750000.000000,34742000000.000000,7580000000.000000,0.354000,12.283000,-697000000.000000,2879000000.000000,2879000000.000000,7121000000.000000,1922000000.000000,1.351000,1.891000,3000000000.000000,3000000000.000000,0.000000,3000000000.000000,0.000000,807000000.000000,0.000000,0.000000,0.000000,2310000000.000000,3117000000.000000,0.226000,3117000000.000000,2310000000.000000,2310000000.000000,1.600000,1.580000,1.600000,14641000000.000000,15266250000.000000,14641000000.000000,90398020305.000000,39.000000,29.002000,734000000.000000,0.616000,1.000000,6683000000.000000,0.484000,4476000000.000000,0.000000,12253000000.000000,11280750000.000000,0.000000,13030000000.000000,11543000000.000000,1487000000.000000,27681000000.000000,25714000000.000000,1967000000.000000,2085000000.000000,-323000000.000000,-2169000000.000000,2895000000.000000,0.000000,4931000000.000000,-4295000000.000000,-470000000.000000,1431000000.000000,18000000.000000,1922000000.000000,1922000000.000000,1922000000.000000,0.000000,0.000000,0.139000,4453000000.000000,2230000000.000000,20849000000.000000,0.000000,6.166000,46.970000,47.519000,1523000000.000000,0.000000,76.030000,6.540000,6.565000,19420000000.000000,4334000000.000000,13804000000.000000,13804000000.000000,997000000.000000,0.049000,0.126000,0.205000,0.167000,793000000.000000,2404000000.000000,1.000000,1187386825.000000,1192000000.000000,1217000000.000000,11.581000,37846000000.000000,0.000000,388000000.000000,2065000000.000000,31.750000
ART,2018-06-30,2018-07-26,2018-06-30,2018-Q2,9375000000.000000,105512567363.000000,2025-04-29,36000000.000000,41677000000.000000,40633500000.000000,34184000000.000000,7493000000.000000,0.357000,12.653000,-721000000.000000,2840000000.000000,2840000000.000000,7467000000.000000,2037000000.000000,1.378000,1.775000,2000000000.000000,2000000000.000000,0.000000,2000000000.000000,0.000000,786000000.000000,0.000000,0.000000,0.000000,2472000000.000000,3258000000.000000,0.224000,3258000000.000000,2472000000.000000,2472000000.000000,1.700000,1.680000,1.700000,15019000000.000000,15271500000.000000,15019000000.000000,104672567363.000000,42.000000,32.128000,-183000000.000000,-0.154000,1.000000,7058000000.000000,0.486000,4456000000.000000,0.000000,11572000000.000000,11380500000.000000,0.000000,12167000000.000000,10798000000.000000,1369000000.000000,26658000000.000000,24809000000.000000,1849000000.000000,1249000000.000000,-339000000.000000,-2589000000.000000,1825000000.000000,0.000000,2554000000.000000,-1793000000.000000,1212000000.000000,538000000.000000,-50000000.000000,2037000000.000000,2037000000.000000,2037000000.000000,0.000000,0.000000,0.140000,4686000000.000000,2372000000.000000,20889000000.000000,0.000000,7.025000,51.798000,52.435000,1567000000.000000,0.000000,89.140000,7.264000,7.285000,19471000000.000000,4860000000.000000,14525000000.000000,14525000000.000000,1020000000.000000,0.050000,0.133000,0.217000,0.170000,822000000.000000,2519000000.000000,1.000000,1183672508.000000,1187000000.000000,1202000000.000000,12.237000,37221000000.000000,0.000000,435000000.000000,1933000000.000000,31.357000
ART,2018-09-30,2018-10-23,2018-09-30,2018-Q3,7350000000.000000,103188905336.000000,2025-04-29,66000000.000000,43724000000.000000,42124250000.000000,33990000000.000000,9734000000.000000,0.355000,12.798000,-779000000.000000,8147000000.000000,8147000000.000000,7684000000.000000,2093000000.000000,1.276000,1.893000,2000000000.000000,2000000000.000000,0.000000,2000000000.000000,0.000000,780000000.000000,0.000000,0.000000,0.000000,2554000000.000000,3334000000.000000,0.223000,3334000000.000000,2554000000.000000,2554000000.000000,1.750000,1.730000,1.750000,15115000000.000000,15192250000.000000,15115000000.000000,97041905336.000000,38.000000,29.107000,3423000000.000000,2.898000,1.000000,7285000000.000000,0.487000,6738000000.000000,0.000000,4199000000.000000,9886250000.000000,0.000000,4498000000.000000,3552000000.000000,946000000.000000,28609000000.000000,26640000000.000000,1969000000.000000,6037000000.000000,-2136000000.000000,-3098000000.000000,1174000000.000000,0.000000,2164000000.000000,-241000000.000000,4345000000.000000,4202000000.000000,-88000000.000000,2093000000.000000,2093000000.000000,2093000000.000000,0.000000,0.000000,0.140000,4846000000.000000,2439000000.000000,22698000000.000000,0.000000,6.827000,49.302000,50.040000,1646000000.000000,0.000000,87.570000,6.894000,6.909000,21363000000.000000,5296000000.000000,14969000000.000000,14969000000.000000,1049000000.000000,0.050000,0.138000,0.258000,0.171000,842000000.000000,2628000000.000000,1.000000,1178359088.000000,1181000000.000000,1199000000.000000,12.675000,36986000000.000000,0.000000,461000000.000000,2045000000.000000,31.318000
ART,2018-12-31,2019-02-07,2018-12-31,2018-Q4,7059000000.000000,106586070992.000000,2025-04-29,78000000.000000,43332000000.000000,42763750000.000000,32963000000.000000,10369000000.000000,0.361000,12.995000,-820000000.000000,7575000000.000000,7575000000.000000,8337000000.000000,2057000000.000000,1.273000,1.816000,1998000000.000000,1998000000.000000,0.000000,1998000000.000000,0.000000,776000000.000000,0.000000,0.000000,0.000000,2376000000.000000,3152000000.000000,0.204000,3152000000.000000,2376000000.000000,2376000000.000000,1.740000,1.710000,1.740000,15386000000.000000,15040250000.000000,15386000000.000000,101009070992.000000,43.000000,32.046000,4663000000.000000,3.938000,1.000000,7114000000.000000,0.460000,7109000000.000000,0.000000,4742000000.000000,8191500000.000000,0.000000,5037000000.000000,4066000000.000000,971000000.000000,27946000000.000000,25904000000.000000,2042000000.000000,4948000000.000000,-2124000000.000000,-3376000000.000000,960000000.000000,0.000000,-1262000000.000000,840000000.000000,2638000000.000000,5483000000.000000,-113000000.000000,2057000000.000000,2057000000.000000,2057000000.000000,0.000000,0.000000,0.133000,4920000000.000000,2194000000.000000,21843000000.000000,0.000000,6.927000,51.816000,52.213000,1724000000.000000,0.000000,90.850000,6.898000,6.962000,20375000000.000000,5880000000.000000,15451000000.000000,15451000000.000000,1071000000.000000,0.048000,0.137000,0.290000,0.154000,853000000.000000,2764000000.000000,1.000000,1173209367.000000,1184000000.000000,1203000000.000000,13.050000,36223000000.000000,0.000000,319000000.000000,2103000000.000000,30.594000
ART,2019-03-31,2019-04-25,2019-03-31,2019-Q1,6256000000.000000,129501116693.000000,2025-04-29,-25000000.000000,46280000000.000000,43753250000.000000,34891000000.000000,11389000000.000000,0.363000,12.944000,-860000000.000000,4515000000.000000,4515000000.000000,8684000000.000000,2213000000.000000,1.218000,2.053000,1999000000.000000,1999000000.000000,0.000000,1999000000.000000,0.000000,821000000.000000,0.000000,0.000000,0.000000,2545000000.000000,3366000000.000000,0.212000,3366000000.000000,2545000000.000000,2545000000.000000,1.880000,1.850000,1.880000,15157000000.000000,15169250000.000000,15157000000.000000,126985116693.000000,50.000000,37.726000,5999000000.000000,5.123000,1.000000,7210000000.000000,0.454000,6984000000.000000,0.000000,8145000000.000000,7164500000.000000,0.000000,7885000000.000000,6190000000.000000,1695000000.000000,31123000000.000000,28635000000.000000,2488000000.000000,2176000000.000000,-2124000000.000000,-2313000000.000000,-1115000000.000000,0.000000,-553000000.000000,-4025000000.000000,417000000.000000,6859000000.000000,-105000000.000000,2213000000.000000,2213000000.000000,2213000000.000000,0.000000,0.000000,0.139000,5032000000.000000,2178000000.000000,24464000000.000000,0.000000,8.544000,58.518000,58.628000,1731000000.000000,0.000000,110.220000,8.148000,8.121000,23147000000.000000,6550000000.000000,15894000000.000000,15894000000.000000,1324000000.000000,0.051000,0.146000,0.355000,0.160000,895000000.000000,2888000000.000000,1.000000,1174933013.000000,1171000000.000000,1188000000.000000,13.573000,39296000000.000000,0.000000,332000000.000000,2563000000.000000,33.558000
ART,2019-06-30,2019-07-25,2019-06-30,2019-Q2,6588000000.000000,135458873775.000000,2025-04-29,-28000000.000000,48391000000.000000,45431750000.000000,36435000000.000000,11956000000.000000,0.360000,13.735000,-801000000.000000,4909000000.000000,4909000000.000000,8975000000.000000,2510000000.000000,1.221000,1.998000,2499000000.000000,2499000000.000000,0.000000,2499000000.000000,0.000000,869000000.000000,0.000000,0.000000,0.000000,2879000000.000000,3748000000.000000,0.229000,3748000000.000000,2879000000.000000,2879000000.000000,2.140000,2.100000,2.140000,16139000000.000000,15449250000.000000,16139000000.000000,133048873775.000000,46.000000,35.499000,7204000000.000000,6.131000,1.000000,7367000000.000000,0.451000,6935000000.000000,0.000000,9199000000.000000,6571250000.000000,0.000000,8950000000.000000,6672000000.000000,2278000000.000000,32252000000.000000,29847000000.000000,2405000000.000000,4052000000.000000,-2108000000.000000,-1811000000.000000,461000000.000000,0.000000,1778000000.000000,-5680000000.000000,-801000000.000000,8005000000.000000,-51000000.000000,2510000000.000000,2510000000.000000,2510000000.000000,0.000000,0.000000,0.154000,5056000000.000000,2311000000.000000,25272000000.000000,0.000000,8.393000,53.968000,53.794000,1720000000.000000,0.000000,115.120000,8.289000,8.277000,23952000000.000000,7373000000.000000,16342000000.000000,16342000000.000000,1552000000.000000,0.055000,0.162000,0.438000,0.176000,913000000.000000,2982000000.000000,1.000000,1176675415.000000,1175000000.000000,1187000000.000000,13.908000,41456000000.000000,0.000000,369000000.000000,2459000000.000000,35.282000
ART,2019-09-30,2019-10-24,2019-09-30,2019-Q3,11408000000.000000,123184529825.000000,2025-04-29,-52000000.000000,50223000000.000000,47056500000.000000,37748000000.000000,12475000000.000000,0.362000,14.028000,-734000000.000000,6877000000.000000,6877000000.000000,9378000000.000000,2536000000.000000,1.433000,2.047000,4964000000.000000,0.000000,4964000000.000000,4964000000.000000,0.000000,908000000.000000,0.000000,0.000000,0.000000,2830000000.000000,3738000000.000000,0.219000,3738000000.000000,2830000000.000000,2830000000.000000,2.160000,2.130000,2.160000,16483000000.000000,15791250000.000000,16483000000.000000,121271529825.000000,43.000000,32.443000,3697000000.000000,3.146000,1.000000,7659000000.000000,0.450000,6807000000.000000,0.000000,15163000000.000000,9312250000.000000,0.000000,9833000000.000000,7062000000.000000,2771000000.000000,33740000000.000000,26340000000.000000,7400000000.000000,1215000000.000000,12000000.000000,-1562000000.000000,2948000000.000000,0.000000,2068000000.000000,-5211000000.000000,-4770000000.000000,4431000000.000000,-73000000.000000,2536000000.000000,2536000000.000000,2536000000.000000,0.000000,0.000000,0.149000,5141000000.000000,2518000000.000000,24204000000.000000,0.000000,7.473000,48.574000,48.569000,1701000000.000000,0.000000,104.910000,7.230000,7.235000,22928000000.000000,7835000000.000000,17037000000.000000,17037000000.000000,1816000000.000000,0.054000,0.161000,0.304000,0.166000,966000000.000000,3019000000.000000,1.000000,1174192449.000000,1175000000.000000,1188000000.000000,14.500000,43416000000.000000,0.000000,294000000.000000,2534000000.000000,36.950000
ART,2019-12-31,2020-02-06,2019-12-31,2019-Q4,11576000000.000000,140625633097.000000,2025-04-29,-173000000.000000,51333000000.000000,49056750000.000000,38495000000.000000,12838000000.000000,0.362000,14.382000,-687000000.000000,7349000000.000000,7349000000.000000,9785000000.000000,2459000000.000000,1.430000,2.038000,4965000000.000000,0.000000,4965000000.000000,4965000000.000000,0.000000,912000000.000000,0.000000,0.000000,0.000000,2998000000.000000,3910000000.000000,0.220000,3910000000.000000,2998000000.000000,2998000000.000000,2.090000,2.070000,2.090000,16885000000.000000,16166000000.000000,16885000000.000000,138241633097.000000,46.000000,35.356000,3874000000.000000,3.300000,1.000000,7987000000.000000,0.449000,6990000000.000000,0.000000,15040000000.000000,11886750000.000000,0.000000,10247000000.000000,7384000000.000000,2863000000.000000,34404000000.000000,26919000000.000000,7485000000.000000,2510000000.000000,-70000000.000000,-1273000000.000000,2955000000.000000,0.000000,3688000000.000000,-5733000000.000000,-4634000000.000000,4561000000.000000,-6000000.000000,2459000000.000000,2459000000.000000,2459000000.000000,0.000000,0.000000,0.138000,5268000000.000000,2719000000.000000,24759000000.000000,0.000000,8.328000,57.188000,57.364000,1693000000.000000,0.000000,119.890000,7.913000,7.920000,22962000000.000000,8342000000.000000,17772000000.000000,17772000000.000000,2085000000.000000,0.050000,0.152000,0.252000,0.169000,1021000000.000000,3112000000.000000,1.000000,1172955485.000000,1174000000.000000,1188000000.000000,15.138000,44343000000.000000,0.000000,539000000.000000,2593000000.000000,37.771000
ART,2020-03-31,2020-05-07,2020-03-31,2020-Q1,10735000000.000000,171741776603.000000,2025-04-29,-120000000.000000,54266000000.000000,51053250000.000000,38184000000.000000,16082000000.000000,0.358000,13.612000,-556000000.000000,7854000000.000000,7854000000.000000,10236000000.000000,1876000000.000000,1.391000,2.396000,7967000000.000000,0.000000,7967000000.000000,7967000000.000000,0.000000,975000000.000000,0.000000,0.000000,0.000000,2544000000.000000,3519000000.000000,0.193000,3519000000.000000,2544000000.000000,2544000000.000000,1.590000,1.580000,1.590000,15967000000.000000,16368500000.000000,15967000000.000000,171854776603.000000,68.000000,48.836000,4482000000.000000,3.821000,1.000000,8026000000.000000,0.439000,10493000000.000000,0.000000,16437000000.000000,13959750000.000000,0.000000,8410000000.000000,6044000000.000000,2366000000.000000,38255000000.000000,27449000000.000000,10806000000.000000,5839000000.000000,-3682000000.000000,-1323000000.000000,5955000000.000000,0.000000,4427000000.000000,-3441000000.000000,-635000000.000000,5038000000.000000,-185000000.000000,1876000000.000000,1876000000.000000,1876000000.000000,0.000000,0.000000,0.103000,5427000000.000000,2599000000.000000,25034000000.000000,0.000000,10.756000,91.547000,92.006000,1646000000.000000,0.000000,146.290000,9.404000,9.396000,23229000000.000000,8258000000.000000,18262000000.000000,18262000000.000000,2179000000.000000,0.037000,0.115000,0.182000,0.139000,1057000000.000000,3221000000.000000,1.000000,1173981657.000000,1173000000.000000,1185000000.000000,15.569000,43773000000.000000,0.000000,668000000.000000,2978000000.000000,37.317000
ART,2020-06-30,2020-07-30,2020-06-30,2020-Q2,12771000000.000000,225871938338.000000,2025-04-29,-170000000.000000,63166000000.000000,54747000000.000000,46500000000.000000,16666000000.000000,0.351000,15.038000,-609000000.000000,6353000000.000000,6353000000.000000,10598000000.000000,2583000000.000000,1.379000,2.578000,8934000000.000000,0.000000,8934000000.000000,8934000000.000000,0.000000,1044000000.000000,0.000000,0.000000,0.000000,3400000000.000000,4444000000.000000,0.231000,4444000000.000000,3400000000.000000,3400000000.000000,2.190000,2.180000,2.190000,17640000000.000000,16743750000.000000,17640000000.000000,228452938338.000000,67.000000,51.407000,5638000000.000000,4.806000,1.000000,8620000000.000000,0.449000,10372000000.000000,0.000000,21646000000.000000,17071500000.000000,0.000000,13005000000.000000,9830000000.000000,3175000000.000000,45482000000.000000,33729000000.000000,11753000000.000000,6030000000.000000,-3682000000.000000,-1520000000.000000,6421000000.000000,0.000000,9709000000.000000,-9849000000.000000,-6296000000.000000,6247000000.000000,-77000000.000000,2583000000.000000,2583000000.000000,2583000000.000000,0.000000,0.000000,0.134000,5775000000.000000,2845000000.000000,31283000000.000000,0.000000,12.805000,87.446000,87.904000,1717000000.000000,0.000000,192.510000,11.753000,11.750000,29477000000.000000,9788000000.000000,19218000000.000000,19218000000.000000,2327000000.000000,0.047000,0.154000,0.199000,0.177000,1186000000.000000,3372000000.000000,1.000000,1173299768.000000,1173000000.000000,1184000000.000000,16.384000,52794000000.000000,0.000000,817000000.000000,3146000000.000000,45.008000
ART,2020-09-30,2020-11-03,2020-09-30,2020-Q3,13458000000.000000,210681904176.000000,2025-04-29,-332000000.000000,65582000000.000000,58586750000.000000,48704000000.000000,16878000000.000000,0.346000,15.770000,-694000000.000000,6112000000.000000,6112000000.000000,10982000000.000000,3142000000.000000,1.382000,2.546000,8937000000.000000,0.000000,8937000000.000000,8937000000.000000,0.000000,1115000000.000000,0.000000,0.000000,0.000000,4060000000.000000,5175000000.000000,0.255000,5175000000.000000,4060000000.000000,4060000000.000000,2.670000,2.650000,2.670000,18483000000.000000,17243750000.000000,18483000000.000000,213506904176.000000,53.000000,41.257000,5177000000.000000,4.417000,1.000000,9317000000.000000,0.459000,10265000000.000000,0.000000,22896000000.000000,19004750000.000000,0.000000,14082000000.000000,10643000000.000000,3439000000.000000,47055000000.000000,35246000000.000000,11809000000.000000,2138000000.000000,-3679000000.000000,-1543000000.000000,3959000000.000000,0.000000,9863000000.000000,-13665000000.000000,-9182000000.000000,5871000000.000000,69000000.000000,3142000000.000000,3142000000.000000,3142000000.000000,0.000000,0.000000,0.155000,6192000000.000000,3125000000.000000,32689000000.000000,0.000000,11.399000,67.053000,67.345000,1757000000.000000,0.000000,179.810000,10.379000,10.382000,31012000000.000000,10809000000.000000,20299000000.000000,20299000000.000000,2468000000.000000,0.054000,0.182000,0.214000,0.200000,1284000000.000000,3629000000.000000,1.000000,1171691809.000000,1172000000.000000,1190000000.000000,17.320000,55317000000.000000,0.000000,918000000.000000,2972000000.000000,47.199000
ART,2020-12-31,2021-02-05,2020-12-31,2020-Q4,12548000000.000000,315561596774.000000,2025-04-29,-484000000.000000,70379000000.000000,63348250000.000000,50995000000.000000,19384000000.000000,0.339000,17.066000,-746000000.000000,4794000000.000000,4794000000.000000,11453000000.000000,4202000000.000000,1.326000,2.513000,8939000000.000000,0.000000,8939000000.000000,8939000000.000000,0.000000,1189000000.000000,0.000000,0.000000,0.000000,5065000000.000000,6254000000.000000,0.292000,6254000000.000000,5065000000.000000,5065000000.000000,3.580000,3.540000,3.580000,20019000000.000000,18027250000.000000,20019000000.000000,319706596774.000000,63.000000,51.120000,5108000000.000000,4.355000,1.000000,10001000000.000000,0.466000,10183000000.000000,0.000000,25894000000.000000,21718250000.000000,0.000000,17147000000.000000,11058000000.000000,6089000000.000000,50316000000.000000,38447000000.000000,11869000000.000000,2297000000.000000,-3609000000.000000,-1498000000.000000,3966000000.000000,0.000000,12492000000.000000,-16218000000.000000,-10311000000.000000,5854000000.000000,169000000.000000,4202000000.000000,4202000000.000000,4202000000.000000,0.000000,0.000000,0.196000,6712000000.000000,3289000000.000000,35670000000.000000,0.000000,15.763000,75.098000,75.263000,1807000000.000000,0.000000,269.440000,14.709000,14.732000,33995000000.000000,12366000000.000000,21454000000.000000,21454000000.000000,2642000000.000000,0.066000,0.233000,0.233000,0.236000,1376000000.000000,3931000000.000000,1.000000,1171175760.000000,1173000000.000000,1187000000.000000,18.290000,60196000000.000000,0.000000,863000000.000000,3059000000.000000,51.318000
ART,2021-03-31,2021-05-06,2021-03-31,2021-Q1,12092000000.000000,296054964169.000000,2025-04-29,-353000000.000000,72517000000.000000,67911000000.000000,53432000000.000000,19085000000.000000,0.337000,16.574000,-880000000.000000,5717000000.000000,5717000000.000000,11790000000.000000,5215000000.000000,1.293000,2.730000,8942000000.000000,0.000000,8942000000.000000,8942000000.000000,0.000000,1196000000.000000,0.000000,0.000000,0.000000,5674000000.000000,6870000000.000000,0.300000,6870000000.000000,5674000000.000000,5674000000.000000,4.440000,4.390000,4.440000,19441000000.000000,18895750000.000000,19441000000.000000,299279964169.000000,53.000000,43.563000,5228000000.000000,4.457000,1.000000,11079000000.000000,0.484000,10055000000.000000,0.000000,24347000000.000000,23695750000.000000,0.000000,16094000000.000000,10100000000.000000,5994000000.000000,53076000000.000000,41340000000.000000,11736000000.000000,2258000000.000000,3000000.000000,-2020000000.000000,966000000.000000,0.000000,11078000000.000000,-15233000000.000000,-13025000000.000000,6108000000.000000,305000000.000000,5215000000.000000,5215000000.000000,5215000000.000000,0.000000,0.000000,0.228000,7146000000.000000,3933000000.000000,38514000000.000000,0.000000,15.228000,56.770000,56.761000,1806000000.000000,0.000000,252.020000,12.946000,12.927000,36297000000.000000,13463000000.000000,22869000000.000000,22869000000.000000,2778000000.000000,0.077000,0.276000,0.239000,0.248000,1461000000.000000,4200000000.000000,1.000000,1174728054.000000,1173000000.000000,1190000000.000000,19.496000,62462000000.000000,0.000000,459000000.000000,2889000000.000000,53.250000
ART,2021-06-30,2021-07-29,2021-06-30,2021-Q2,11963000000.000000,332733853916.000000,2025-04-29,-292000000.000000,73816000000.000000,70573500000.000000,53231000000.000000,20585000000.000000,0.338000,17.807000,-934000000.000000,5745000000.000000,5745000000.000000,12298000000.000000,4869000000.000000,1.290000,2.531000,8945000000.000000,0.000000,8945000000.000000,8945000000.000000,0.000000,1215000000.000000,0.000000,0.000000,0.000000,5231000000.000000,6446000000.000000,0.270000,6446000000.000000,5231000000.000000,5231000000.000000,4.150000,4.100000,4.150000,20905000000.000000,19712000000.000000,20905000000.000000,335933853916.000000,64.000000,52.115000,4097000000.000000,3.490000,1.000000,11548000000.000000,0.484000,10484000000.000000,0.000000,25264000000.000000,24600250000.000000,0.000000,16901000000.000000,9933000000.000000,6968000000.000000,52911000000.000000,41268000000.000000,11643000000.000000,1014000000.000000,-466000000.000000,-2003000000.000000,0.000000,0.000000,4603000000.000000,-8827000000.000000,-7136000000.000000,5031000000.000000,207000000.000000,4869000000.000000,4869000000.000000,4869000000.000000,0.000000,0.000000,0.204000,7439000000.000000,4109000000.000000,38630000000.000000,0.000000,15.916000,68.337000,68.234000,1848000000.000000,0.000000,283.170000,13.953000,13.941000,36363000000.000000,14647000000.000000,23846000000.000000,23846000000.000000,2893000000.000000,0.069000,0.247000,0.213000,0.219000,1499000000.000000,4424000000.000000,1.000000,1175032150.000000,1174000000.000000,1186000000.000000,20.312000,63332000000.000000,0.000000,362000000.000000,2847000000.000000,53.945000
ART,2021-09-30,2021-11-09,2021-09-30,2021-Q3,12435000000.000000,241354155932.000000,2025-04-29,-124000000.000000,74534000000.000000,72811500000.000000,54130000000.000000,20404000000.000000,0.337000,18.816000,-918000000.000000,7782000000.000000,7782000000.000000,12819000000.000000,4935000000.000000,1.298000,2.374000,7949000000.000000,0.000000,7949000000.000000,7949000000.000000,0.000000,1240000000.000000,0.000000,0.000000,0.000000,5252000000.000000,6492000000.000000,0.264000,6492000000.000000,5252000000.000000,5252000000.000000,4.210000,4.160000,4.210000,22090000000.000000,20613750000.000000,22090000000.000000,241521155932.000000,46.000000,37.203000,4906000000.000000,4.179000,1.000000,11750000000.000000,0.478000,10358000000.000000,0.000000,22648000000.000000,24538250000.000000,0.000000,15976000000.000000,9223000000.000000,6753000000.000000,52444000000.000000,41695000000.000000,10749000000.000000,2847000000.000000,-469000000.000000,-1983000000.000000,0.000000,0.000000,2294000000.000000,-5308000000.000000,-3392000000.000000,5824000000.000000,37000000.000000,4935000000.000000,4935000000.000000,4935000000.000000,0.000000,0.000000,0.201000,7575000000.000000,4175000000.000000,37990000000.000000,0.000000,10.926000,48.907000,48.793000,1900000000.000000,0.000000,205.420000,9.824000,9.816000,35840000000.000000,15734000000.000000,24569000000.000000,24569000000.000000,2974000000.000000,0.068000,0.239000,0.214000,0.214000,1435000000.000000,4497000000.000000,1.000000,1174930172.000000,1174000000.000000,1187000000.000000,20.928000,64176000000.000000,0.000000,317000000.000000,2951000000.000000,54.664000
ART,2021-12-31,2022-02-03,2021-12-31,2021-Q4,9545000000.000000,144810110686.000000,2025-04-29,-136000000.000000,75803000000.000000,74167500000.000000,52574000000.000000,23229000000.000000,0.342000,18.507000,-903000000.000000,5197000000.000000,5197000000.000000,13450000000.000000,4169000000.000000,1.222000,2.489000,8049000000.000000,0.000000,8049000000.000000,8049000000.000000,0.000000,1265000000.000000,0.000000,0.000000,0.000000,4099000000.000000,5364000000.000000,0.211000,5364000000.000000,4099000000.000000,4099000000.000000,3.550000,3.520000,3.550000,21727000000.000000,21040750000.000000,21727000000.000000,147662110686.000000,36.000000,27.528000,5437000000.000000,4.631000,1.000000,11921000000.000000,0.470000,12786000000.000000,0.000000,22840000000.000000,23774750000.000000,0.000000,15946000000.000000,9149000000.000000,6797000000.000000,54076000000.000000,43029000000.000000,11047000000.000000,-11000000.000000,-2763000000.000000,-3211000000.000000,-89000000.000000,0.000000,-764000000.000000,-5485000000.000000,-2012000000.000000,6340000000.000000,-102000000.000000,4169000000.000000,4169000000.000000,4169000000.000000,0.000000,0.000000,0.164000,7659000000.000000,4262000000.000000,39038000000.000000,0.000000,6.665000,34.735000,35.014000,1909000000.000000,0.000000,124.300000,5.708000,5.752000,36941000000.000000,16535000000.000000,25371000000.000000,25371000000.000000,3038000000.000000,0.056000,0.198000,0.172000,0.162000,1376000000.000000,4559000000.000000,1.000000,1165004913.000000,1174000000.000000,1186000000.000000,21.611000,63017000000.000000,0.000000,-70000000.000000,3234000000.000000,53.677000
ART,2022-03-31,2022-04-28,2022-03-31,2022-Q1,8415000000.000000,106643897062.000000,2025-04-29,-444000000.000000,75805000000.000000,74989500000.000000,52382000000.000000,23423000000.000000,0.344000,17.715000,-870000000.000000,4861000000.000000,4861000000.000000,14104000000.000000,3581000000.000000,1.191000,2.679000,8222000000.000000,0.000000,8222000000.000000,8222000000.000000,0.000000,1293000000.000000,0.000000,0.000000,0.000000,3856000000.000000,5149000000.000000,0.199000,5149000000.000000,3856000000.000000,3856000000.000000,3.060000,3.030000,3.060000,20603000000.000000,21331250000.000000,20603000000.000000,110004897062.000000,29.000000,21.364000,4954000000.000000,4.260000,1.000000,11717000000.000000,0.454000,12555000000.000000,0.000000,22644000000.000000,23349000000.000000,0.000000,15472000000.000000,8327000000.000000,7145000000.000000,55202000000.000000,43967000000.000000,11235000000.000000,-1157000000.000000,-2763000000.000000,-3387000000.000000,93000000.000000,0.000000,-2286000000.000000,-4653000000.000000,-1154000000.000000,5824000000.000000,-42000000.000000,3581000000.000000,3581000000.000000,3581000000.000000,0.000000,0.000000,0.139000,7786000000.000000,3931000000.000000,39886000000.000000,0.000000,5.176000,29.780000,30.095000,1861000000.000000,0.000000,92.090000,4.130000,4.148000,37896000000.000000,17044000000.000000,25821000000.000000,25821000000.000000,3112000000.000000,0.048000,0.168000,0.165000,0.149000,1437000000.000000,4634000000.000000,1.000000,1158039929.000000,1163000000.000000,1172000000.000000,22.202000,63250000000.000000,0.000000,275000000.000000,3266000000.000000,54.385000
ART,2022-06-30,2022-08-03,2022-06-30,2022-Q2,10157000000.000000,113242117582.000000,2025-04-29,-564000000.000000,77810000000.000000,75988000000.000000,55252000000.000000,22558000000.000000,0.347000,17.070000,-797000000.000000,4583000000.000000,4583000000.000000,14918000000.000000,2056000000.000000,1.225000,2.936000,10198000000.000000,0.000000,10198000000.000000,10198000000.000000,0.000000,1310000000.000000,0.000000,0.000000,0.000000,2549000000.000000,3859000000.000000,0.146000,3859000000.000000,2549000000.000000,2549000000.000000,1.760000,1.740000,1.760000,19767000000.000000,21046750000.000000,19767000000.000000,118857117582.000000,47.000000,30.800000,5187000000.000000,4.479000,1.000000,11471000000.000000,0.435000,12147000000.000000,0.000000,26183000000.000000,23578750000.000000,0.000000,16742000000.000000,10472000000.000000,6270000000.000000,58043000000.000000,45095000000.000000,12948000000.000000,-2334000000.000000,-2294000000.000000,-3941000000.000000,1513000000.000000,0.000000,-644000000.000000,-7470000000.000000,-3593000000.000000,5984000000.000000,-204000000.000000,2056000000.000000,2056000000.000000,2056000000.000000,0.000000,0.000000,0.078000,7903000000.000000,3568000000.000000,40377000000.000000,0.000000,5.729000,55.079000,55.636000,1832000000.000000,0.000000,97.920000,4.291000,4.297000,38088000000.000000,16703000000.000000,26389000000.000000,26389000000.000000,3181000000.000000,0.027000,0.098000,0.108000,0.097000,1359000000.000000,4593000000.000000,1.000000,1156475874.000000,1158000000.000000,1158000000.000000,22.788000,65663000000.000000,0.000000,493000000.000000,3346000000.000000,56.704000
ART,2022-09-30,2022-11-04,2022-09-30,2022-Q3,11877000000.000000,85707284892.000000,2025-04-29,-681000000.000000,76435000000.000000,76463250000.000000,55105000000.000000,21330000000.000000,0.354000,17.560000,-754000000.000000,6659000000.000000,6659000000.000000,15446000000.000000,2299000000.000000,1.275000,2.772000,10241000000.000000,0.000000,10241000000.000000,10241000000.000000,0.000000,1317000000.000000,0.000000,0.000000,0.000000,2962000000.000000,4279000000.000000,0.158000,4279000000.000000,2962000000.000000,2962000000.000000,1.980000,1.970000,1.980000,20264000000.000000,20590250000.000000,20264000000.000000,89289284892.000000,30.000000,20.867000,5665000000.000000,4.909000,1.000000,11607000000.000000,0.429000,11908000000.000000,0.000000,24881000000.000000,24137000000.000000,0.000000,15407000000.000000,10192000000.000000,5215000000.000000,56171000000.000000,43228000000.000000,12943000000.000000,-3245000000.000000,-2294000000.000000,-4531000000.000000,1571000000.000000,0.000000,-3000000000.000000,-6415000000.000000,-2542000000.000000,6419000000.000000,-249000000.000000,2299000000.000000,2299000000.000000,2299000000.000000,0.000000,0.000000,0.085000,7964000000.000000,3643000000.000000,37938000000.000000,0.000000,4.230000,37.280000,37.970000,1773000000.000000,0.000000,75.180000,3.168000,3.207000,35713000000.000000,18033000000.000000,27053000000.000000,27053000000.000000,3227000000.000000,0.030000,0.112000,0.123000,0.109000,1285000000.000000,4553000000.000000,1.000000,1140027732.000000,1154000000.000000,1157000000.000000,23.443000,64527000000.000000,0.000000,663000000.000000,3354000000.000000,55.916000
ART,2022-12-31,2023-02-10,2022-12-31,2022-Q4,12416000000.000000,91414962478.000000,2025-04-29,-928000000.000000,78717000000.000000,77191750000.000000,57517000000.000000,21200000000.000000,0.356000,17.568000,-701000000.000000,7776000000.000000,7776000000.000000,15865000000.000000,2419000000.000000,1.275000,2.883000,10417000000.000000,0.000000,10417000000.000000,10417000000.000000,0.000000,1317000000.000000,0.000000,0.000000,0.000000,3366000000.000000,4683000000.000000,0.170000,4683000000.000000,3366000000.000000,3366000000.000000,2.100000,2.090000,2.100000,20274000000.000000,20227000000.000000,20274000000.000000,94055962478.000000,28.000000,20.085000,5112000000.000000,4.430000,1.000000,11653000000.000000,0.423000,11997000000.000000,0.000000,24260000000.000000,24492000000.000000,0.000000,15541000000.000000,10523000000.000000,5018000000.000000,58443000000.000000,45101000000.000000,13342000000.000000,1127000000.000000,0.000000,-4056000000.000000,1789000000.000000,0.000000,-1110000000.000000,-3421000000.000000,-94000000.000000,5813000000.000000,-155000000.000000,2419000000.000000,2419000000.000000,2419000000.000000,0.000000,0.000000,0.088000,7816000000.000000,3837000000.000000,40233000000.000000,0.000000,4.509000,37.790000,38.476000,1730000000.000000,0.000000,80.800000,3.322000,3.388000,37320000000.000000,18954000000.000000,27518000000.000000,27518000000.000000,3253000000.000000,0.031000,0.120000,0.137000,0.122000,1261000000.000000,4356000000.000000,1.000000,1131373298.000000,1154000000.000000,1158000000.000000,23.846000,66720000000.000000,0.000000,947000000.000000,3738000000.000000,57.816000
ART,2023-03-31,2023-05-09,2023-03-31,2023-Q1,12651000000.000000,73531129061.000000,2025-04-29,-898000000.000000,77186000000.000000,77537000000.000000,56560000000.000000,20626000000.000000,0.362000,17.589000,-682000000.000000,7101000000.000000,7101000000.000000,16358000000.000000,2705000000.000000,1.288000,2.887000,10481000000.000000,0.000000,10481000000.000000,10481000000.000000,0.000000,1259000000.000000,0.000000,0.000000,0.000000,3811000000.000000,5070000000.000000,0.181000,5070000000.000000,3811000000.000000,3811000000.000000,2.370000,2.360000,2.370000,19858000000.000000,20040750000.000000,19858000000.000000,76911129061.000000,20.000000,15.170000,5059000000.000000,4.481000,1.000000,11717000000.000000,0.417000,11925000000.000000,0.000000,24732000000.000000,25014000000.000000,0.000000,15686000000.000000,11054000000.000000,4632000000.000000,57328000000.000000,43909000000.000000,13419000000.000000,-149000000.000000,0.000000,-3990000000.000000,1674000000.000000,0.000000,-3077000000.000000,-2636000000.000000,-651000000.000000,5741000000.000000,-177000000.000000,2705000000.000000,2705000000.000000,2705000000.000000,0.000000,0.000000,0.096000,7592000000.000000,4125000000.000000,39168000000.000000,0.000000,3.703000,27.183000,27.808000,1633000000.000000,0.000000,65.905000,2.619000,2.650000,36243000000.000000,19749000000.000000,28075000000.000000,28075000000.000000,3159000000.000000,0.035000,0.135000,0.152000,0.136000,1177000000.000000,4098000000.000000,1.000000,1115713968.000000,1129000000.000000,1134000000.000000,24.867000,65261000000.000000,0.000000,1106000000.000000,3515000000.000000,57.804000
ART,2023-06-30,2023-08-03,2023-06-30,2023-Q2,12371000000.000000,70472044889.000000,2025-04-29,-996000000.000000,74579000000.000000,76729250000.000000,54125000000.000000,20454000000.000000,0.372000,17.697000,-620000000.000000,5504000000.000000,5504000000.000000,16761000000.000000,4075000000.000000,1.296000,2.793000,10549000000.000000,0.000000,10549000000.000000,10549000000.000000,0.000000,1195000000.000000,0.000000,0.000000,0.000000,5065000000.000000,6260000000.000000,0.219000,6260000000.000000,5065000000.000000,5065000000.000000,3.590000,3.570000,3.590000,19661000000.000000,20014250000.000000,19661000000.000000,75517044889.000000,15.000000,12.063000,3455000000.000000,3.110000,1.000000,11795000000.000000,0.413000,11707000000.000000,0.000000,26163000000.000000,25009000000.000000,0.000000,16391000000.000000,11848000000.000000,4543000000.000000,54918000000.000000,41754000000.000000,13164000000.000000,-1069000000.000000,0.000000,-4771000000.000000,-35000000.000000,0.000000,-7914000000.000000,2839000000.000000,4391000000.000000,4075000000.000000,-69000000.000000,4075000000.000000,4075000000.000000,4075000000.000000,0.000000,0.000000,0.143000,7301000000.000000,4494000000.000000,37530000000.000000,0.000000,3.584000,17.294000,17.877000,1589000000.000000,0.000000,64.180000,2.468000,2.497000,34571000000.000000,20778000000.000000,28556000000.000000,28556000000.000000,3087000000.000000,0.053000,0.204000,0.203000,0.177000,1228000000.000000,3945000000.000000,1.000000,1098037471.000000,1111000000.000000,1114000000.000000,25.703000,62872000000.000000,0.000000,990000000.000000,3406000000.000000,56.590000
ART,2023-09-30,2023-11-02,2023-09-30,2023-Q3,13193000000.000000,59362400733.000000,2025-04-29,-852000000.000000,76440000000.000000,76730500000.000000,56635000000.000000,19805000000.000000,0.380000,18.044000,-592000000.000000,6816000000.000000,6816000000.000000,17420000000.000000,3765000000.000000,1.304000,2.872000,10640000000.000000,0.000000,10640000000.000000,10640000000.000000,0.000000,1135000000.000000,0.000000,0.000000,0.000000,4728000000.000000,5863000000.000000,0.201000,5863000000.000000,4728000000.000000,4728000000.000000,3.370000,3.350000,3.370000,19740000000.000000,19883250000.000000,19740000000.000000,63186400733.000000,13.000000,10.777000,2794000000.000000,2.554000,1.000000,11708000000.000000,0.402000,11499000000.000000,0.000000,25323000000.000000,25119500000.000000,0.000000,15817000000.000000,11962000000.000000,3855000000.000000,56700000000.000000,43442000000.000000,13258000000.000000,-141000000.000000,0.000000,-5266000000.000000,16000000.000000,0.000000,-4681000000.000000,1151000000.000000,4254000000.000000,3386000000.000000,3000000.000000,3765000000.000000,3765000000.000000,3765000000.000000,0.000000,0.000000,0.129000,7164000000.000000,4544000000.000000,38772000000.000000,0.000000,3.007000,15.767000,16.338000,1529000000.000000,0.000000,55.060000,2.038000,2.068000,35629000000.000000,21798000000.000000,29128000000.000000,29128000000.000000,3025000000.000000,0.049000,0.189000,0.188000,0.162000,1381000000.000000,3887000000.000000,1.000000,1078140224.000000,1094000000.000000,1098000000.000000,26.625000,64941000000.000000,0.000000,963000000.000000,3755000000.000000,59.361000
ART,2023-12-31,2024-02-08,2023-12-31,2023-Q4,14103000000.000000,60156870826.000000,2025-04-29,-746000000.000000,82166000000.000000,77592750000.000000,62569000000.000000,19597000000.000000,0.384000,19.085000,-578000000.000000,9081000000.000000,9081000000.000000,17986000000.000000,4246000000.000000,1.291000,2.903000,9676000000.000000,0.000000,9676000000.000000,9676000000.000000,0.000000,1072000000.000000,0.000000,0.000000,0.000000,5411000000.000000,6483000000.000000,0.218000,6483000000.000000,5411000000.000000,5411000000.000000,3.850000,3.840000,3.850000,21051000000.000000,20077500000.000000,21051000000.000000,60751870826.000000,11.000000,9.371000,4265000000.000000,3.867000,1.000000,11785000000.000000,0.396000,11563000000.000000,0.000000,22732000000.000000,24737500000.000000,0.000000,14248000000.000000,10975000000.000000,3273000000.000000,61115000000.000000,48466000000.000000,12649000000.000000,2678000000.000000,466000000.000000,-4875000000.000000,475000000.000000,0.000000,-2993000000.000000,752000000.000000,3721000000.000000,4843000000.000000,76000000.000000,4246000000.000000,4246000000.000000,4246000000.000000,0.000000,0.000000,0.143000,6757000000.000000,5028000000.000000,42074000000.000000,0.000000,2.858000,14.168000,14.579000,1488000000.000000,0.000000,56.130000,2.021000,2.080000,40004000000.000000,23200000000.000000,29771000000.000000,29771000000.000000,2973000000.000000,0.055000,0.211000,0.219000,0.182000,1475000000.000000,3868000000.000000,1.000000,1071741864.000000,1103000000.000000,1107000000.000000,26.991000,70603000000.000000,0.000000,1165000000.000000,0.000000,64.010000
ART,2024-03-31,2024-04-30,2024-03-31,2024-Q1,13860000000.000000,71047447105.000000,2025-04-29,-659000000.000000,83347000000.000000,79133000000.000000,63706000000.000000,19641000000.000000,0.385000,19.457000,-563000000.000000,9693000000.000000,9693000000.000000,18465000000.000000,4339000000.000000,1.278000,3.026000,9683000000.000000,0.000000,9683000000.000000,9683000000.000000,0.000000,1067000000.000000,0.000000,0.000000,0.000000,5546000000.000000,6613000000.000000,0.217000,6613000000.000000,5546000000.000000,5546000000.000000,3.980000,3.970000,3.980000,20702000000.000000,20288500000.000000,20702000000.000000,71037447105.000000,13.000000,10.742000,5027000000.000000,4.725000,1.000000,11965000000.000000,0.393000,11381000000.000000,0.000000,22110000000.000000,24082000000.000000,0.000000,13543000000.000000,10134000000.000000,3409000000.000000,62645000000.000000,49846000000.000000,12799000000.000000,4581000000.000000,466000000.000000,-4945000000.000000,164000000.000000,0.000000,-2693000000.000000,1698000000.000000,6885000000.000000,5590000000.000000,-14000000.000000,4339000000.000000,4339000000.000000,4339000000.000000,0.000000,0.000000,0.143000,6768000000.000000,5197000000.000000,41461000000.000000,0.000000,3.432000,16.374000,17.065000,1426000000.000000,0.000000,67.920000,2.335000,2.375000,39461000000.000000,24088000000.000000,30430000000.000000,30430000000.000000,2994000000.000000,0.055000,0.214000,0.230000,0.182000,1495000000.000000,3810000000.000000,1.000000,1046046041.000000,1064000000.000000,1072000000.000000,28.600000,71966000000.000000,0.000000,1207000000.000000,0.000000,67.637000
ART,2024-06-30,2024-07-30,2024-06-30,2024-Q2,12259000000.000000,65429337152.000000,2025-04-29,-693000000.000000,84016000000.000000,81492250000.000000,62972000000.000000,21044000000.000000,0.381000,19.791000,-609000000.000000,7701000000.000000,7701000000.000000,18747000000.000000,4438000000.000000,1.242000,3.074000,9727000000.000000,0.000000,9727000000.000000,9727000000.000000,0.000000,1061000000.000000,0.000000,0.000000,0.000000,5642000000.000000,6703000000.000000,0.216000,6703000000.000000,5642000000.000000,5642000000.000000,4.130000,4.130000,4.130000,20622000000.000000,20528750000.000000,20622000000.000000,67455337152.000000,12.000000,10.063000,6706000000.000000,6.436000,1.000000,12281000000.000000,0.396000,11219000000.000000,0.000000,24110000000.000000,23568750000.000000,0.000000,16256000000.000000,11603000000.000000,4653000000.000000,63394000000.000000,50713000000.000000,12681000000.000000,3743000000.000000,466000000.000000,-4943000000.000000,1700000000.000000,0.000000,899000000.000000,-4508000000.000000,801000000.000000,7315000000.000000,37000000.000000,4438000000.000000,4438000000.000000,4438000000.000000,0.000000,0.000000,0.143000,6892000000.000000,5389000000.000000,41860000000.000000,0.000000,3.173000,14.743000,15.496000,1459000000.000000,0.000000,64.000000,2.109000,2.149000,39714000000.000000,25216000000.000000,31028000000.000000,31028000000.000000,2969000000.000000,0.054000,0.216000,0.239000,0.182000,1430000000.000000,3870000000.000000,1.000000,1022333393.000000,1042000000.000000,1047000000.000000,29.777000,72797000000.000000,0.000000,1204000000.000000,0.000000,69.863000
ART,2024-09-30,2024-10-29,2024-09-30,2024-Q3,12405000000.000000,80483817112.000000,2025-04-29,-627000000.000000,83511000000.000000,83260000000.000000,62673000000.000000,20838000000.000000,0.378000,19.876000,-624000000.000000,7272000000.000000,7272000000.000000,18844000000.000000,4428000000.000000,1.247000,3.140000,9976000000.000000,0.000000,9976000000.000000,9976000000.000000,0.000000,1046000000.000000,0.000000,0.000000,0.000000,5712000000.000000,6758000000.000000,0.215000,6758000000.000000,5712000000.000000,5712000000.000000,4.200000,4.190000,4.200000,20174000000.000000,20637250000.000000,20174000000.000000,83187817112.000000,15.000000,12.310000,7046000000.000000,6.942000,1.000000,12613000000.000000,0.401000,11389000000.000000,0.000000,24558000000.000000,23377500000.000000,0.000000,15403000000.000000,11121000000.000000,4282000000.000000,63337000000.000000,50268000000.000000,13069000000.000000,4851000000.000000,466000000.000000,-5285000000.000000,1723000000.000000,0.000000,-1691000000.000000,-1402000000.000000,621000000.000000,7670000000.000000,274000000.000000,4428000000.000000,4428000000.000000,4428000000.000000,0.000000,0.000000,0.141000,7001000000.000000,5612000000.000000,41347000000.000000,0.000000,3.989000,18.176000,19.114000,1496000000.000000,0.000000,80.280000,2.559000,2.590000,40220000000.000000,26226000000.000000,31457000000.000000,31457000000.000000,2976000000.000000,0.053000,0.215000,0.244000,0.182000,1335000000.000000,3948000000.000000,1.000000,1002538828.000000,1015000000.000000,1024000000.000000,30.992000,72122000000.000000,0.000000,1284000000.000000,0.000000,71.056000
ART,2024-12-31,2025-02-04,2024-12-31,2024-Q4,12716000000.000000,76888869582.000000,2025-04-29,-550000000.000000,81611000000.000000,83121250000.000000,61092000000.000000,20519000000.000000,0.383000,19.842000,-682000000.000000,6561000000.000000,6561000000.000000,18907000000.000000,4147000000.000000,1.263000,2.997000,9879000000.000000,0.000000,9879000000.000000,9879000000.000000,0.000000,1032000000.000000,0.000000,0.000000,0.000000,5329000000.000000,6361000000.000000,0.200000,6361000000.000000,5329000000.000000,5329000000.000000,4.030000,3.990000,4.030000,20417000000.000000,20478750000.000000,20417000000.000000,80206869582.000000,15.000000,12.609000,6768000000.000000,6.577000,1.000000,12890000000.000000,0.405000,11163000000.000000,0.000000,25390000000.000000,24042000000.000000,0.000000,15808000000.000000,11225000000.000000,4583000000.000000,61194000000.000000,48376000000.000000,12818000000.000000,556000000.000000,0.000000,-5952000000.000000,-115000000.000000,0.000000,-8276000000.000000,1589000000.000000,-796000000.000000,7450000000.000000,-207000000.000000,4147000000.000000,4147000000.000000,4147000000.000000,0.000000,0.000000,0.130000,7565000000.000000,5325000000.000000,39898000000.000000,0.000000,3.766000,18.541000,19.287000,1508000000.000000,0.000000,77.725000,2.418000,2.515000,38655000000.000000,27347000000.000000,31797000000.000000,31797000000.000000,2979000000.000000,0.050000,0.203000,0.222000,0.168000,1230000000.000000,4148000000.000000,1.000000,989242452.000000,1029000000.000000,1039000000.000000,30.901000,70448000000.000000,0.000000,1182000000.000000,0.000000,68.463000
ART,2025-03-31,2025-04-29,2025-03-31,2025-Q1,13989000000.000000,64498377219.000000,2025-04-29,-622000000.000000,81274000000.000000,82603000000.000000,60611000000.000000,20663000000.000000,0.386000,20.542000,-722000000.000000,7449000000.000000,7449000000.000000,18688000000.000000,4546000000.000000,1.300000,3.013000,11417000000.000000,0.000000,11417000000.000000,11417000000.000000,0.000000,1012000000.000000,0.000000,0.000000,0.000000,5723000000.000000,6735000000.000000,0.211000,6735000000.000000,5723000000.000000,5723000000.000000,4.510000,4.460000,4.510000,20254000000.000000,20366750000.000000,20254000000.000000,68466377219.000000,12.000000,10.166000,5971000000.000000,6.056000,1.000000,13201000000.000000,0.414000,11206000000.000000,0.000000,27414000000.000000,25368000000.000000,0.000000,15600000000.000000,10987000000.000000,4613000000.000000,61020000000.000000,46622000000.000000,14398000000.000000,-1294000000.000000,0.000000,-5951000000.000000,1620000000.000000,0.000000,-4920000000.000000,-3048000000.000000,-3781000000.000000,6693000000.000000,-19000000.000000,4546000000.000000,4546000000.000000,4546000000.000000,0.000000,0.000000,0.143000,7514000000.000000,5687000000.000000,41380000000.000000,0.000000,3.184000,14.188000,14.705000,1537000000.000000,0.000000,66.320000,2.023000,2.051000,40287000000.000000,28654000000.000000,31889000000.000000,31889000000.000000,2968000000.000000,0.055000,0.223000,0.226000,0.179000,1114000000.000000,4254000000.000000,1.000000,972532829.000000,986000000.000000,999000000.000000,32.342000,70068000000.000000,0.000000,1177000000.000000,0.000000,71.063000
ARY,2014-12-31,2015-06-26,2014-12-31,2014-FY,4282000000.000000,,2025-04-29,110000000.000000,21917000000.000000,,17565000000.000000,4352000000.000000,,6.768000,-492000000.000000,2201000000.000000,2201000000.000000,3871000000.000000,419000000.000000,1.322000,1.657000,0.000000,0.000000,0.000000,0.000000,0.000000,516000000.000000,0.000000,,0.000000,1261000000.000000,1777000000.000000,0.221000,1777000000.000000,1261000000.000000,1261000000.000000,,,,8248000000.000000,,8248000000.000000,,,,1728000000.000000,1.418000,1.000000,4154000000.000000,0.518000,3345000000.000000,0.000000,3088000000.000000,,0.000000,3646000000.000000,3615000000.000000,31000000.000000,13669000000.000000,13283000000.000000,386000000.000000,597000000.000000,-2000000.000000,0.000000,-21000000.000000,0.000000,-51000000.000000,-1546000000.000000,-690000000.000000,2220000000.000000,-26000000.000000,419000000.000000,419000000.000000,419000000.000000,0.000000,0.000000,0.052000,2886000000.000000,1268000000.000000,11820000000.000000,,,,,922000000.000000,0.000000,,,,11371000000.000000,,8025000000.000000,8025000000.000000,890000000.000000,,,,0.157000,258000000.000000,1480000000.000000,1.000000,1218735605.000000,1218735605.000000,,6.585000,18572000000.000000,0.000000,842000000.000000,29000000.000000,15.239000
ARY,2015-12-31,2016-02-11,2015-12-31,2015-FY,7031000000.000000,40984096235.000000,2025-04-29,-9000000.000000,28881000000.000000,25399000000.000000,20648000000.000000,8233000000.000000,0.364000,11.259000,-696000000.000000,1393000000.000000,1393000000.000000,4639000000.000000,1228000000.000000,1.516000,1.099000,0.000000,0.000000,0.000000,0.000000,0.000000,608000000.000000,0.000000,0.000000,0.000000,1488000000.000000,2096000000.000000,0.227000,2096000000.000000,1488000000.000000,1488000000.000000,1.000000,1.000000,1.000000,13759000000.000000,11003500000.000000,13759000000.000000,39591096235.000000,27.000000,18.889000,1850000000.000000,1.514000,1.000000,4609000000.000000,0.498000,4427000000.000000,0.000000,9444000000.000000,6266000000.000000,0.000000,8550000000.000000,6202000000.000000,2348000000.000000,15122000000.000000,13617000000.000000,1505000000.000000,-808000000.000000,-1225000000.000000,75000000.000000,-862000000.000000,0.000000,3079000000.000000,-6389000000.000000,-4468000000.000000,2546000000.000000,-44000000.000000,1228000000.000000,1228000000.000000,1228000000.000000,0.000000,0.000000,0.133000,3148000000.000000,1461000000.000000,12406000000.000000,0.000000,2.979000,33.375000,33.520000,1344000000.000000,0.000000,33.520000,4.432000,4.429000,12398000000.000000,668000000.000000,9248000000.000000,9248000000.000000,947000000.000000,0.048000,0.112000,0.237000,0.161000,320000000.000000,1545000000.000000,1.000000,1222675902.000000,1222000000.000000,1229000000.000000,7.568000,24454000000.000000,0.000000,260000000.000000,1537000000.000000,20.011000
ARY,2016-12-31,2017-02-08,2016-12-31,2016-FY,8855000000.000000,49366002606.000000,2025-04-29,59000000.000000,33103000000.000000,31140000000.000000,25733000000.000000,7370000000.000000,0.348000,12.159000,-669000000.000000,1590000000.000000,1590000000.000000,5701000000.000000,1401000000.000000,1.525000,1.250000,0.000000,0.000000,0.000000,0.000000,0.000000,724000000.000000,0.000000,0.000000,0.000000,1631000000.000000,2355000000.000000,0.217000,2355000000.000000,1631000000.000000,1631000000.000000,1.160000,1.150000,1.160000,14712000000.000000,14079750000.000000,14712000000.000000,47776002606.000000,29.000000,20.287000,2489000000.000000,2.057000,1.000000,5141000000.000000,0.474000,4270000000.000000,0.000000,10365000000.000000,9399250000.000000,0.000000,10272000000.000000,8733000000.000000,1539000000.000000,18391000000.000000,16878000000.000000,1513000000.000000,197000000.000000,-19000000.000000,-886000000.000000,-21000000.000000,0.000000,2038000000.000000,-4999000000.000000,-4135000000.000000,3158000000.000000,0.000000,1401000000.000000,1401000000.000000,1401000000.000000,0.000000,0.000000,0.129000,3555000000.000000,1586000000.000000,15355000000.000000,0.000000,3.355000,35.236000,35.241000,1482000000.000000,0.000000,40.880000,4.553000,4.562000,14577000000.000000,2069000000.000000,10842000000.000000,10842000000.000000,834000000.000000,0.045000,0.100000,0.174000,0.150000,398000000.000000,1997000000.000000,1.000000,1207583234.000000,1210000000.000000,1218000000.000000,8.960000,28833000000.000000,0.000000,230000000.000000,1577000000.000000,23.829000
ARY,2017-12-31,2018-02-07,2017-12-31,2017-FY,9782000000.000000,90720125014.000000,2025-04-29,-142000000.000000,40774000000.000000,36829500000.000000,32645000000.000000,8129000000.000000,0.356000,13.295000,-667000000.000000,2883000000.000000,2883000000.000000,6794000000.000000,1795000000.000000,1.428000,1.549000,1000000000.000000,1000000000.000000,0.000000,1000000000.000000,0.000000,805000000.000000,0.000000,0.000000,0.000000,2200000000.000000,3005000000.000000,0.229000,3005000000.000000,2200000000.000000,2200000000.000000,1.490000,1.470000,1.490000,15994000000.000000,15262500000.000000,15994000000.000000,88837125014.000000,40.000000,29.563000,1864000000.000000,1.549000,1.000000,6300000000.000000,0.481000,4507000000.000000,0.000000,11521000000.000000,10898250000.000000,0.000000,12485000000.000000,10524000000.000000,1961000000.000000,24780000000.000000,22863000000.000000,1917000000.000000,1293000000.000000,-323000000.000000,-862000000.000000,820000000.000000,0.000000,4084000000.000000,-5358000000.000000,-1888000000.000000,2531000000.000000,36000000.000000,1795000000.000000,1795000000.000000,1795000000.000000,0.000000,0.000000,0.137000,4173000000.000000,2127000000.000000,19999000000.000000,0.000000,5.672000,50.540000,50.732000,1528000000.000000,0.000000,75.590000,6.928000,6.945000,18525000000.000000,3823000000.000000,13094000000.000000,13094000000.000000,953000000.000000,0.049000,0.118000,0.202000,0.168000,733000000.000000,2283000000.000000,1.000000,1200160405.000000,1203000000.000000,1221000000.000000,10.884000,36267000000.000000,0.000000,405000000.000000,2000000000.000000,30.147000
ARY,2018-12-31,2019-02-07,2018-12-31,2018-FY,7059000000.000000,106586070992.000000,2025-04-29,78000000.000000,43332000000.000000,42763750000.000000,32963000000.000000,10369000000.000000,0.361000,12.995000,-820000000.000000,7575000000.000000,7575000000.000000,8337000000.000000,2057000000.000000,1.273000,1.816000,1998000000.000000,1998000000.000000,0.000000,1998000000.000000,0.000000,776000000.000000,0.000000,0.000000,0.000000,2376000000.000000,3152000000.000000,0.204000,3152000000.000000,2376000000.000000,2376000000.000000,1.740000,1.710000,1.740000,15386000000.000000,15040250000.000000,15386000000.000000,101009070992.000000,43.000000,32.046000,4663000000.000000,3.938000,1.000000,7114000000.000000,0.460000,7109000000.000000,0.000000,4742000000.000000,8191500000.000000,0.000000,5037000000.000000,4066000000.000000,971000000.000000,27946000000.000000,25904000000.000000,2042000000.000000,4948000000.000000,-2124000000.000000,-3376000000.000000,960000000.000000,0.000000,-1262000000.000000,840000000.000000,2638000000.000000,5483000000.000000,-113000000.000000,2057000000.000000,2057000000.000000,2057000000.000000,0.000000,0.000000,0.133000,4920000000.000000,2194000000.000000,21843000000.000000,0.000000,6.927000,51.816000,52.213000,1724000000.000000,0.000000,90.850000,6.898000,6.962000,20375000000.000000,5880000000.000000,15451000000.000000,15451000000.000000,1071000000.000000,0.048000,0.137000,0.290000,0.154000,853000000.000000,2764000000.000000,1.000000,1173209367.000000,1184000000.000000,1203000000.000000,13.050000,36223000000.000000,0.000000,319000000.000000,2103000000.000000,30.594000
ARY,2019-12-31,2020-02-06,2019-12-31,2019-FY,11576000000.000000,140625633097.000000,2025-04-29,-173000000.000000,51333000000.000000,49056750000.000000,38495000000.000000,12838000000.000000,0.362000,14.382000,-687000000.000000,7349000000.000000,7349000000.000000,9785000000.000000,2459000000.000000,1.430000,2.038000,4965000000.000000,0.000000,4965000000.000000,4965000000.000000,0.000000,912000000.000000,0.000000,0.000000,0.000000,2998000000.000000,3910000000.000000,0.220000,3910000000.000000,2998000000.000000,2998000000.000000,2.090000,2.070000,2.090000,16885000000.000000,16166000000.000000,16885000000.000000,138241633097.000000,46.000000,35.356000,3874000000.000000,3.300000,1.000000,7987000000.000000,0.449000,6990000000.000000,0.000000,15040000000.000000,11886750000.000000,0.000000,10247000000.000000,7384000000.000000,2863000000.000000,34404000000.000000,26919000000.000000,7485000000.000000,2510000000.000000,-70000000.000000,-1273000000.000000,2955000000.000000,0.000000,3688000000.000000,-5733000000.000000,-4634000000.000000,4561000000.000000,-6000000.000000,2459000000.000000,2459000000.000000,2459000000.000000,0.000000,0.000000,0.138000,5268000000.000000,2719000000.000000,24759000000.000000,0.000000,8.328000,57.188000,57.364000,1693000000.000000,0.000000,119.890000,7.913000,7.920000,22962000000.000000,8342000000.000000,17772000000.000000,17772000000.000000,2085000000.000000,0.050000,0.152000,0.252000,0.169000,1021000000.000000,3112000000.000000,1.000000,1172955485.000000,1174000000.000000,1188000000.000000,15.138000,44343000000.000000,0.000000,539000000.000000,2593000000.000000,37.771000
ARY,2020-12-31,2021-02-05,2020-12-31,2020-FY,12548000000.000000,315561596774.000000,2025-04-29,-484000000.000000,70379000000.000000,63348250000.000000,50995000000.000000,19384000000.000000,0.339000,17.066000,-746000000.000000,4794000000.000000,4794000000.000000,11453000000.000000,4202000000.000000,1.326000,2.513000,8939000000.000000,0.000000,8939000000.000000,8939000000.000000,0.000000,1189000000.000000,0.000000,0.000000,0.000000,5065000000.000000,6254000000.000000,0.292000,6254000000.000000,5065000000.000000,5065000000.000000,3.580000,3.540000,3.580000,20019000000.000000,18027250000.000000,20019000000.000000,319706596774.000000,63.000000,51.120000,5108000000.000000,4.355000,1.000000,10001000000.000000,0.466000,10183000000.000000,0.000000,25894000000.000000,21718250000.000000,0.000000,17147000000.000000,11058000000.000000,6089000000.000000,50316000000.000000,38447000000.000000,11869000000.000000,2297000000.000000,-3609000000.000000,-1498000000.000000,3966000000.000000,0.000000,12492000000.000000,-16218000000.000000,-10311000000.000000,5854000000.000000,169000000.000000,4202000000.000000,4202000000.000000,4202000000.000000,0.000000,0.000000,0.196000,6712000000.000000,3289000000.000000,35670000000.000000,0.000000,15.763000,75.098000,75.263000,1807000000.000000,0.000000,269.440000,14.709000,14.732000,33995000000.000000,12366000000.000000,21454000000.000000,21454000000.000000,2642000000.000000,0.066000,0.233000,0.233000,0.236000,1376000000.000000,3931000000.000000,1.000000,1171175760.000000,1173000000.000000,1187000000.000000,18.290000,60196000000.000000,0.000000,863000000.000000,3059000000.000000,51.318000
ARY,2021-12-31,2022-02-03,2021-12-31,2021-FY,9545000000.000000,144810110686.000000,2025-04-29,-136000000.000000,75803000000.000000,74167500000.000000,52574000000.000000,23229000000.000000,0.342000,18.507000,-903000000.000000,5197000000.000000,5197000000.000000,13450000000.000000,4169000000.000000,1.222000,2.489000,8049000000.000000,0.000000,8049000000.000000,8049000000.000000,0.000000,1265000000.000000,0.000000,0.000000,0.000000,4099000000.000000,5364000000.000000,0.211000,5364000000.000000,4099000000.000000,4099000000.000000,3.550000,3.520000,3.550000,21727000000.000000,21040750000.000000,21727000000.000000,147662110686.000000,36.000000,27.528000,5437000000.000000,4.631000,1.000000,11921000000.000000,0.470000,12786000000.000000,0.000000,22840000000.000000,23774750000.000000,0.000000,15946000000.000000,9149000000.000000,6797000000.000000,54076000000.000000,43029000000.000000,11047000000.000000,-11000000.000000,-2763000000.000000,-3211000000.000000,-89000000.000000,0.000000,-764000000.000000,-5485000000.000000,-2012000000.000000,6340000000.000000,-102000000.000000,4169000000.000000,4169000000.000000,4169000000.000000,0.000000,0.000000,0.164000,7659000000.000000,4262000000.000000,39038000000.000000,0.000000,6.665000,34.735000,35.014000,1909000000.000000,0.000000,124.300000,5.708000,5.752000,36941000000.000000,16535000000.000000,25371000000.000000,25371000000.000000,3038000000.000000,0.056000,0.198000,0.172000,0.162000,1376000000.000000,4559000000.000000,1.000000,1165004913.000000,1174000000.000000,1186000000.000000,21.611000,63017000000.000000,0.000000,-70000000.000000,3234000000.000000,53.677000
ARY,2022-12-31,2023-02-10,2022-12-31,2022-FY,12416000000.000000,91414962478.000000,2025-04-29,-928000000.000000,78717000000.000000,77191750000.000000,57517000000.000000,21200000000.000000,0.356000,17.568000,-701000000.000000,7776000000.000000,7776000000.000000,15865000000.000000,2419000000.000000,1.275000,2.883000,10417000000.000000,0.000000,10417000000.000000,10417000000.000000,0.000000,1317000000.000000,0.000000,0.000000,0.000000,3366000000.000000,4683000000.000000,0.170000,4683000000.000000,3366000000.000000,3366000000.000000,2.100000,2.090000,2.100000,20274000000.000000,20227000000.000000,20274000000.000000,94055962478.000000,28.000000,20.085000,5112000000.000000,4.430000,1.000000,11653000000.000000,0.423000,11997000000.000000,0.000000,24260000000.000000,24492000000.000000,0.000000,15541000000.000000,10523000000.000000,5018000000.000000,58443000000.000000,45101000000.000000,13342000000.000000,1127000000.000000,0.000000,-4056000000.000000,1789000000.000000,0.000000,-1110000000.000000,-3421000000.000000,-94000000.000000,5813000000.000000,-155000000.000000,2419000000.000000,2419000000.000000,2419000000.000000,0.000000,0.000000,0.088000,7816000000.000000,3837000000.000000,40233000000.000000,0.000000,4.509000,37.790000,38.476000,1730000000.000000,0.000000,80.800000,3.322000,3.388000,37320000000.000000,18954000000.000000,27518000000.000000,27518000000.000000,3253000000.000000,0.031000,0.120000,0.137000,0.122000,1261000000.000000,4356000000.000000,1.000000,1131373298.000000,1154000000.000000,1158000000.000000,23.846000,66720000000.000000,0.000000,947000000.000000,3738000000.000000,57.816000
ARY,2023-12-31,2024-02-08,2023-12-31,2023-FY,14103000000.000000,60156870826.000000,2025-04-29,-746000000.000000,82166000000.000000,77592750000.000000,62569000000.000000,19597000000.000000,0.384000,19.085000,-578000000.000000,9081000000.000000,9081000000.000000,17986000000.000000,4246000000.000000,1.291000,2.903000,9676000000.000000,0.000000,9676000000.000000,9676000000.000000,0.000000,1072000000.000000,0.000000,0.000000,0.000000,5411000000.000000,6483000000.000000,0.218000,6483000000.000000,5411000000.000000,5411000000.000000,3.850000,3.840000,3.850000,21051000000.000000,20077500000.000000,21051000000.000000,60751870826.000000,11.000000,9.371000,4265000000.000000,3.867000,1.000000,11785000000.000000,0.396000,11563000000.000000,0.000000,22732000000.000000,24737500000.000000,0.000000,14248000000.000000,10975000000.000000,3273000000.000000,61115000000.000000,48466000000.000000,12649000000.000000,2678000000.000000,466000000.000000,-4875000000.000000,475000000.000000,0.000000,-2993000000.000000,752000000.000000,3721000000.000000,4843000000.000000,76000000.000000,4246000000.000000,4246000000.000000,4246000000.000000,0.000000,0.000000,0.143000,6757000000.000000,5028000000.000000,42074000000.000000,0.000000,2.858000,14.168000,14.579000,1488000000.000000,0.000000,56.130000,2.021000,2.080000,40004000000.000000,23200000000.000000,29771000000.000000,29771000000.000000,2973000000.000000,0.055000,0.211000,0.219000,0.182000,1475000000.000000,3868000000.000000,1.000000,1071741864.000000,1103000000.000000,1107000000.000000,26.991000,70603000000.000000,0.000000,1165000000.000000,0.000000,64.010000
ARY,2024-12-31,2025-02-04,2024-12-31,2024-FY,12716000000.000000,76888869582.000000,2025-04-29,-550000000.000000,81611000000.000000,83121250000.000000,61092000000.000000,20519000000.000000,0.383000,19.842000,-682000000.000000,6561000000.000000,6561000000.000000,18907000000.000000,4147000000.000000,1.263000,2.997000,9879000000.000000,0.000000,9879000000.000000,9879000000.000000,0.000000,1032000000.000000,0.000000,0.000000,0.000000,5329000000.000000,6361000000.000000,0.200000,6361000000.000000,5329000000.000000,5329000000.000000,4.030000,3.990000,4.030000,20417000000.000000,20478750000.000000,20417000000.000000,80206869582.000000,15.000000,12.609000,6768000000.000000,6.577000,1.000000,12890000000.000000,0.405000,11163000000.000000,0.000000,25390000000.000000,24042000000.000000,0.000000,15808000000.000000,11225000000.000000,4583000000.000000,61194000000.000000,48376000000.000000,12818000000.000000,556000000.000000,0.000000,-5952000000.000000,-115000000.000000,0.000000,-8276000000.000000,1589000000.000000,-796000000.000000,7450000000.000000,-207000000.000000,4147000000.000000,4147000000.000000,4147000000.000000,0.000000,0.000000,0.130000,7565000000.000000,5325000000.000000,39898000000.000000,0.000000,3.766000,18.541000,19.287000,1508000000.000000,0.000000,77.725000,2.418000,2.515000,38655000000.000000,27347000000.000000,31797000000.000000,31797000000.000000,2979000000.000000,0.050000,0.203000,0.222000,0.168000,1230000000.000000,4148000000.000000,1.000000,989242452.000000,1029000000.000000,1039000000.000000,30.901000,70448000000.000000,0.000000,1182000000.000000,0.000000,68.463000
MRQ,2013-12-31,2013-12-31,2013-12-31,2013-Q4,3359000000.000000,,2025-04-29,-61000000.000000,19160000000.000000,,14620000000.000000,4540000000.000000,,6.067000,,1604000000.000000,1604000000.000000,,,1.298000,1.593000,0.000000,0.000000,0.000000,0.000000,0.000000,,0.000000,,0.000000,,,,,,,,,,7390000000.000000,,7390000000.000000,,,,,,1.000000,,,3445000000.000000,,2850000000.000000,,0.000000,3306000000.000000,3110000000.000000,196000000.000000,11770000000.000000,11261000000.000000,509000000.000000,,,,,,,,,,,,,,,,,,,10453000000.000000,,,,,858000000.000000,,,,,9639000000.000000,,,,,,,,,,,1.000000,,1218000000.000000,,,15715000000.000000,0.000000,,37000000.000000,12.902000
MRQ,2014-06-30,2014-06-30,2014-06-30,2014-Q2,,,2025-04-29,,,,,,,,,,,932000000.000000,281000000.000000,,,,,,,,,,,0.000000,326000000.000000,,,,326000000.000000,326000000.000000,0.230000,0.230000,0.230000,,,,,,,,,1.000000,1051000000.000000,0.530000,,0.000000,,,,,,,,,,,,,,,,,,,,281000000.000000,281000000.000000,281000000.000000,0.000000,0.000000,0.142000,721000000.000000,330000000.000000,,0.000000,,,,,0.000000,,,,,,1983000000.000000,1983000000.000000,221000000.000000,,,,,,375000000.000000,1.000000,,1218000000.000000,1224000000.000000,1.628000,,,45000000.000000,,
MRQ,2014-09-30,2014-09-30,2014-09-30,2014-Q3,,,2025-04-29,,,,,,,,-173000000.000000,,,974000000.000000,234000000.000000,,,,,,,,129000000.000000,,,0.000000,276000000.000000,405000000.000000,0.205000,405000000.000000,276000000.000000,276000000.000000,0.190000,0.190000,0.190000,,,,,,,431000000.000000,0.354000,1.000000,1001000000.000000,0.507000,,0.000000,,,,,,,,,,163000000.000000,0.000000,0.000000,26000000.000000,0.000000,15000000.000000,-439000000.000000,-266000000.000000,604000000.000000,-17000000.000000,234000000.000000,234000000.000000,234000000.000000,0.000000,0.000000,0.118000,729000000.000000,272000000.000000,,0.000000,,,,,0.000000,,,,,,1975000000.000000,1975000000.000000,232000000.000000,,,,,73000000.000000,368000000.000000,1.000000,,1218000000.000000,1224000000.000000,1.622000,,,42000000.000000,,
MRQ,2014-12-31,2014-12-31,2014-12-31,2014-Q4,4282000000.000000,,2025-04-29,110000000.000000,21917000000.000000,,17565000000.000000,4352000000.000000,,6.772000,-123000000.000000,2201000000.000000,2201000000.000000,1003000000.000000,286000000.000000,1.322000,1.657000,1093000000.000000,1093000000.000000,0.000000,1093000000.000000,0.000000,132000000.000000,0.000000,,0.000000,347000000.000000,479000000.000000,0.218000,479000000.000000,347000000.000000,347000000.000000,0.230000,0.230000,0.230000,8248000000.000000,,8248000000.000000,,,,508000000.000000,0.417000,1.000000,1190000000.000000,0.543000,3345000000.000000,0.000000,4181000000.000000,,0.000000,3646000000.000000,3615000000.000000,31000000.000000,13669000000.000000,13283000000.000000,386000000.000000,-58000000.000000,-363000000.000000,0.000000,40000000.000000,0.000000,1312000000.000000,-1992000000.000000,-1482000000.000000,631000000.000000,-9000000.000000,286000000.000000,286000000.000000,286000000.000000,0.000000,0.000000,0.130000,842000000.000000,348000000.000000,10727000000.000000,0.000000,,,,922000000.000000,0.000000,,,,11371000000.000000,0.000000,2193000000.000000,2193000000.000000,96000000.000000,,,,,75000000.000000,614000000.000000,1.000000,1218735605.000000,1218000000.000000,1224000000.000000,1.800000,18572000000.000000,0.000000,61000000.000000,415000000.000000,15.248000
MRQ,2015-03-31,2015-03-31,2015-03-31,2015-Q1,,,2025-04-29,,,,,,,,-194000000.000000,,,1002000000.000000,255000000.000000,,,,,,,,141000000.000000,,,0.000000,321000000.000000,462000000.000000,0.216000,462000000.000000,321000000.000000,321000000.000000,0.210000,0.210000,0.210000,,,,,,,350000000.000000,0.287000,1.000000,1135000000.000000,0.531000,,0.000000,,,,,,,,,,164000000.000000,0.000000,0.000000,-119000000.000000,0.000000,239000000.000000,-587000000.000000,134000000.000000,544000000.000000,-32000000.000000,255000000.000000,255000000.000000,255000000.000000,0.000000,0.000000,0.119000,813000000.000000,322000000.000000,,0.000000,,,,,0.000000,,,,,,2137000000.000000,2137000000.000000,185000000.000000,,,,,71000000.000000,439000000.000000,1.000000,1218735605.000000,1218000000.000000,1224000000.000000,1.755000,,,66000000.000000,,
MRQ,2015-06-30,2015-06-30,2015-06-30,2015-Q2,7129000000.000000,,2025-04-29,24000000.000000,26911000000.000000,,19713000000.000000,7198000000.000000,,10.460000,-220000000.000000,2562000000.000000,2562000000.000000,1097000000.000000,305000000.000000,1.567000,1.112000,0.000000,0.000000,0.000000,0.000000,0.000000,150000000.000000,0.000000,,0.000000,399000000.000000,549000000.000000,0.239000,549000000.000000,399000000.000000,399000000.000000,0.250000,0.250000,0.250000,12740000000.000000,,12740000000.000000,,,,402000000.000000,0.330000,1.000000,1200000000.000000,0.522000,3595000000.000000,0.000000,8170000000.000000,,0.000000,7256000000.000000,4998000000.000000,2258000000.000000,14171000000.000000,12584000000.000000,1587000000.000000,197000000.000000,-273000000.000000,0.000000,-754000000.000000,0.000000,3507000000.000000,-3939000000.000000,-4762000000.000000,622000000.000000,7000000.000000,305000000.000000,305000000.000000,305000000.000000,0.000000,0.000000,0.133000,802000000.000000,398000000.000000,11676000000.000000,0.000000,,,,1291000000.000000,0.000000,,,,11570000000.000000,,2297000000.000000,2297000000.000000,202000000.000000,,,,,75000000.000000,449000000.000000,1.000000,1218735605.000000,1218000000.000000,1224000000.000000,1.886000,23316000000.000000,0.000000,94000000.000000,31000000.000000,19.143000
MRQ,2015-09-30,2015-09-30,2015-09-30,2015-Q3,7482000000.000000,37823459501.000000,2025-04-29,3000000.000000,27896000000.000000,,20554000000.000000,7342000000.000000,,10.822000,-118000000.000000,1880000000.000000,1880000000.000000,1136000000.000000,301000000.000000,1.572000,1.111000,0.000000,0.000000,0.000000,0.000000,0.000000,153000000.000000,0.000000,0.000000,0.000000,350000000.000000,503000000.000000,0.223000,503000000.000000,350000000.000000,350000000.000000,0.250000,0.250000,0.250000,13214000000.000000,,13214000000.000000,35261459501.000000,25.000000,17.693000,534000000.000000,0.437000,1.000000,1122000000.000000,0.497000,3589000000.000000,0.000000,9355000000.000000,,0.000000,8413000000.000000,6021000000.000000,2392000000.000000,14682000000.000000,13072000000.000000,1610000000.000000,-682000000.000000,-10000000.000000,36000000.000000,-4000000.000000,0.000000,478000000.000000,-1796000000.000000,-1193000000.000000,652000000.000000,-16000000.000000,301000000.000000,301000000.000000,301000000.000000,0.000000,0.000000,0.133000,792000000.000000,330000000.000000,11916000000.000000,0.000000,2.862000,32.976000,33.016000,1298000000.000000,0.000000,31.035000,4.257000,4.265000,11975000000.000000,301000000.000000,2258000000.000000,2258000000.000000,197000000.000000,,,,,86000000.000000,442000000.000000,1.000000,1218735605.000000,1221000000.000000,1227000000.000000,1.849000,24307000000.000000,0.000000,49000000.000000,67000000.000000,19.907000
MRQ,2015-12-31,2015-12-31,2015-12-31,2015-Q4,7031000000.000000,44225180172.000000,2025-04-29,-9000000.000000,28881000000.000000,,20648000000.000000,8233000000.000000,,11.232000,-164000000.000000,1393000000.000000,1393000000.000000,1294000000.000000,367000000.000000,1.516000,1.099000,0.000000,0.000000,0.000000,0.000000,0.000000,164000000.000000,0.000000,0.000000,0.000000,418000000.000000,582000000.000000,0.228000,582000000.000000,418000000.000000,418000000.000000,0.290000,0.300000,0.290000,13759000000.000000,,13759000000.000000,42345180172.000000,28.000000,20.203000,564000000.000000,0.460000,1.000000,1262000000.000000,0.494000,4427000000.000000,0.000000,9444000000.000000,,0.000000,8550000000.000000,6202000000.000000,2348000000.000000,15122000000.000000,13617000000.000000,1505000000.000000,-487000000.000000,-367000000.000000,39000000.000000,15000000.000000,0.000000,504000000.000000,-1716000000.000000,-476000000.000000,728000000.000000,-3000000.000000,367000000.000000,367000000.000000,367000000.000000,0.000000,0.000000,0.144000,851000000.000000,411000000.000000,12406000000.000000,0.000000,3.214000,36.014000,36.200000,1344000000.000000,0.000000,36.200000,4.782000,4.783000,12398000000.000000,668000000.000000,2556000000.000000,2556000000.000000,208000000.000000,,,,,88000000.000000,480000000.000000,1.000000,1221690060.000000,1225000000.000000,1235000000.000000,2.087000,24454000000.000000,0.000000,51000000.000000,1537000000.000000,19.962000
MRQ,2016-03-31,2016-03-31,2016-03-31,2016-Q1,7606000000.000000,47195289817.000000,2025-04-29,-27000000.000000,29470000000.000000,,21968000000.000000,7502000000.000000,,11.183000,-133000000.000000,2583000000.000000,2583000000.000000,1303000000.000000,365000000.000000,1.530000,1.167000,0.000000,0.000000,0.000000,0.000000,0.000000,174000000.000000,0.000000,0.000000,0.000000,422000000.000000,596000000.000000,0.234000,596000000.000000,422000000.000000,422000000.000000,0.300000,0.300000,0.300000,13598000000.000000,,13598000000.000000,45802289817.000000,29.000000,20.539000,605000000.000000,0.498000,1.000000,1241000000.000000,0.488000,4391000000.000000,0.000000,8134000000.000000,,0.000000,8069000000.000000,6408000000.000000,1661000000.000000,15872000000.000000,14362000000.000000,1510000000.000000,1190000000.000000,-19000000.000000,-590000000.000000,-21000000.000000,0.000000,113000000.000000,325000000.000000,-15000000.000000,738000000.000000,14000000.000000,365000000.000000,365000000.000000,365000000.000000,0.000000,0.000000,0.143000,834000000.000000,407000000.000000,13190000000.000000,0.000000,3.471000,35.273000,35.413000,1345000000.000000,0.000000,38.600000,4.888000,4.861000,12391000000.000000,1033000000.000000,2544000000.000000,2544000000.000000,195000000.000000,,,,,94000000.000000,464000000.000000,1.000000,1222675902.000000,1216000000.000000,1225000000.000000,2.092000,25079000000.000000,0.000000,57000000.000000,1537000000.000000,20.624000
MRQ,2016-06-30,2016-06-30,2016-06-30,2016-Q2,8234000000.000000,44251093466.000000,2025-04-29,52000000.000000,30631000000.000000,,23457000000.000000,7174000000.000000,,11.419000,-201000000.000000,2018000000.000000,2018000000.000000,1383000000.000000,323000000.000000,1.541000,1.217000,0.000000,0.000000,0.000000,0.000000,0.000000,176000000.000000,0.000000,0.000000,0.000000,380000000.000000,556000000.000000,0.210000,556000000.000000,380000000.000000,380000000.000000,0.270000,0.270000,0.270000,13817000000.000000,,13817000000.000000,41668093466.000000,27.000000,18.627000,495000000.000000,0.409000,1.000000,1267000000.000000,0.478000,4350000000.000000,0.000000,9040000000.000000,,0.000000,8761000000.000000,7446000000.000000,1315000000.000000,16814000000.000000,15223000000.000000,1591000000.000000,-565000000.000000,0.000000,-249000000.000000,0.000000,0.000000,544000000.000000,-1806000000.000000,-1335000000.000000,696000000.000000,1000000.000000,323000000.000000,323000000.000000,323000000.000000,0.000000,0.000000,0.122000,896000000.000000,371000000.000000,14003000000.000000,0.000000,3.203000,32.634000,32.892000,1412000000.000000,0.000000,36.510000,4.422000,4.414000,13201000000.000000,1356000000.000000,2650000000.000000,2650000000.000000,209000000.000000,,,,,80000000.000000,511000000.000000,1.000000,1212026663.000000,1210000000.000000,1215000000.000000,2.190000,26281000000.000000,0.000000,57000000.000000,1630000000.000000,21.720000
MRQ,2016-09-30,2016-09-30,2016-09-30,2016-Q3,8545000000.000000,49447431238.000000,2025-04-29,39000000.000000,31356000000.000000,,24161000000.000000,7195000000.000000,,11.758000,-183000000.000000,1369000000.000000,1369000000.000000,1426000000.000000,323000000.000000,1.547000,1.209000,0.000000,0.000000,0.000000,0.000000,0.000000,185000000.000000,0.000000,0.000000,0.000000,360000000.000000,545000000.000000,0.204000,545000000.000000,360000000.000000,360000000.000000,0.270000,0.270000,0.270000,14192000000.000000,,14192000000.000000,47429431238.000000,30.000000,20.812000,618000000.000000,0.512000,1.000000,1241000000.000000,0.465000,4313000000.000000,0.000000,10058000000.000000,,0.000000,9873000000.000000,8534000000.000000,1339000000.000000,17164000000.000000,15616000000.000000,1548000000.000000,-649000000.000000,0.000000,-48000000.000000,0.000000,0.000000,238000000.000000,-1689000000.000000,-1904000000.000000,801000000.000000,1000000.000000,323000000.000000,323000000.000000,323000000.000000,0.000000,0.000000,0.121000,893000000.000000,348000000.000000,14294000000.000000,0.000000,3.484000,35.883000,36.257000,1451000000.000000,0.000000,40.970000,4.747000,4.747000,13507000000.000000,1679000000.000000,2667000000.000000,2667000000.000000,215000000.000000,,,,,103000000.000000,494000000.000000,1.000000,1206918019.000000,1207000000.000000,1214000000.000000,2.210000,27043000000.000000,0.000000,37000000.000000,1598000000.000000,22.405000
MRQ,2016-12-31,2016-12-31,2016-12-31,2016-Q4,8855000000.000000,47626314305.000000,2025-04-29,59000000.000000,33103000000.000000,,25733000000.000000,7370000000.000000,,12.189000,-152000000.000000,1590000000.000000,1590000000.000000,1589000000.000000,390000000.000000,1.525000,1.250000,0.000000,0.000000,0.000000,0.000000,0.000000,189000000.000000,0.000000,0.000000,0.000000,469000000.000000,658000000.000000,0.221000,658000000.000000,469000000.000000,469000000.000000,0.330000,0.320000,0.330000,14712000000.000000,,14712000000.000000,46257314305.000000,28.000000,19.642000,771000000.000000,0.639000,1.000000,1392000000.000000,0.467000,4270000000.000000,0.000000,10365000000.000000,,0.000000,10272000000.000000,8733000000.000000,1539000000.000000,18391000000.000000,16878000000.000000,1513000000.000000,-684000000.000000,0.000000,1000000.000000,0.000000,0.000000,1143000000.000000,-2734000000.000000,-881000000.000000,923000000.000000,-16000000.000000,390000000.000000,390000000.000000,390000000.000000,0.000000,0.000000,0.131000,932000000.000000,460000000.000000,15355000000.000000,0.000000,3.237000,33.995000,34.026000,1482000000.000000,0.000000,39.470000,4.393000,4.405000,14577000000.000000,2069000000.000000,2981000000.000000,2981000000.000000,215000000.000000,,,,,121000000.000000,528000000.000000,1.000000,1206645916.000000,1207000000.000000,1218000000.000000,2.470000,28833000000.000000,0.000000,79000000.000000,1577000000.000000,23.888000
MRQ,2017-03-31,2017-03-31,2017-03-31,2017-Q1,8139000000.000000,51950230727.000000,2025-04-29,2000000.000000,33493000000.000000,,25425000000.000000,8068000000.000000,,12.158000,-148000000.000000,1240000000.000000,1240000000.000000,1604000000.000000,384000000.000000,1.471000,1.290000,0.000000,0.000000,0.000000,0.000000,0.000000,183000000.000000,0.000000,0.000000,0.000000,438000000.000000,621000000.000000,0.209000,621000000.000000,438000000.000000,438000000.000000,0.320000,0.320000,0.320000,14626000000.000000,,14626000000.000000,50360230727.000000,31.000000,21.160000,603000000.000000,0.501000,1.000000,1371000000.000000,0.461000,4244000000.000000,0.000000,10723000000.000000,,0.000000,10494000000.000000,8169000000.000000,2325000000.000000,18867000000.000000,17286000000.000000,1581000000.000000,-535000000.000000,0.000000,-505000000.000000,0.000000,0.000000,-54000000.000000,-1243000000.000000,-1662000000.000000,751000000.000000,11000000.000000,384000000.000000,384000000.000000,384000000.000000,0.000000,0.000000,0.129000,940000000.000000,431000000.000000,15905000000.000000,0.000000,3.552000,36.585000,36.151000,1448000000.000000,0.000000,43.020000,4.608000,4.591000,15119000000.000000,2412000000.000000,2975000000.000000,2975000000.000000,214000000.000000,,,,,145000000.000000,503000000.000000,1.000000,1207583234.000000,1203000000.000000,1216000000.000000,2.473000,29249000000.000000,0.000000,54000000.000000,1662000000.000000,24.313000
MRQ,2017-06-30,2017-06-30,2017-06-30,2017-Q2,8394000000.000000,64471542568.000000,2025-04-29,-98000000.000000,35290000000.000000,,27035000000.000000,8255000000.000000,,12.478000,-174000000.000000,1271000000.000000,1271000000.000000,1707000000.000000,411000000.000000,1.450000,1.353000,0.000000,0.000000,0.000000,0.000000,0.000000,201000000.000000,0.000000,0.000000,0.000000,447000000.000000,648000000.000000,0.207000,648000000.000000,447000000.000000,447000000.000000,0.340000,0.340000,0.340000,14998000000.000000,,14998000000.000000,63231542568.000000,37.000000,25.579000,747000000.000000,0.621000,1.000000,1429000000.000000,0.456000,4205000000.000000,0.000000,11173000000.000000,,0.000000,11083000000.000000,8572000000.000000,2511000000.000000,20292000000.000000,18641000000.000000,1651000000.000000,246000000.000000,0.000000,-15000000.000000,-6000000.000000,0.000000,1042000000.000000,-1729000000.000000,-1385000000.000000,921000000.000000,12000000.000000,411000000.000000,411000000.000000,411000000.000000,0.000000,0.000000,0.131000,999000000.000000,430000000.000000,17149000000.000000,0.000000,4.299000,42.753000,42.595000,1479000000.000000,0.000000,53.670000,5.483000,5.486000,16354000000.000000,2824000000.000000,3136000000.000000,3136000000.000000,232000000.000000,,,,,176000000.000000,566000000.000000,1.000000,1201258479.000000,1202000000.000000,1215000000.000000,2.609000,31085000000.000000,0.000000,36000000.000000,1736000000.000000,25.861000
MRQ,2017-09-30,2017-09-30,2017-09-30,2017-Q3,8734000000.000000,76989481447.000000,2025-04-29,-142000000.000000,37761000000.000000,,29437000000.000000,8324000000.000000,,12.839000,-165000000.000000,2330000000.000000,2330000000.000000,1811000000.000000,380000000.000000,1.422000,1.447000,0.000000,0.000000,0.000000,0.000000,0.000000,194000000.000000,0.000000,0.000000,0.000000,451000000.000000,645000000.000000,0.199000,645000000.000000,451000000.000000,451000000.000000,0.320000,0.310000,0.320000,15432000000.000000,,15432000000.000000,75718481447.000000,42.000000,29.440000,841000000.000000,0.700000,1.000000,1428000000.000000,0.441000,4552000000.000000,0.000000,10176000000.000000,,0.000000,11129000000.000000,8912000000.000000,2217000000.000000,22329000000.000000,20703000000.000000,1626000000.000000,1806000000.000000,-323000000.000000,-86000000.000000,626000000.000000,0.000000,1439000000.000000,-651000000.000000,695000000.000000,1006000000.000000,12000000.000000,380000000.000000,380000000.000000,380000000.000000,0.000000,0.000000,0.117000,1005000000.000000,423000000.000000,18949000000.000000,0.000000,4.989000,49.195000,48.878000,1485000000.000000,0.000000,64.030000,6.244000,6.242000,17476000000.000000,3204000000.000000,3239000000.000000,3239000000.000000,240000000.000000,,,,,193000000.000000,571000000.000000,1.000000,1202397024.000000,1202000000.000000,1223000000.000000,2.695000,33209000000.000000,0.000000,71000000.000000,1715000000.000000,27.628000
MRQ,2017-12-31,2017-12-31,2017-12-31,2017-Q4,9782000000.000000,88484637317.000000,2025-04-29,-142000000.000000,40774000000.000000,,32645000000.000000,8129000000.000000,,13.295000,-180000000.000000,2883000000.000000,2883000000.000000,1573000000.000000,620000000.000000,1.428000,1.549000,1000000000.000000,1000000000.000000,0.000000,1000000000.000000,0.000000,227000000.000000,0.000000,0.000000,0.000000,864000000.000000,1091000000.000000,0.291000,1091000000.000000,864000000.000000,864000000.000000,0.510000,0.510000,0.510000,15994000000.000000,,15994000000.000000,86154637317.000000,39.000000,28.670000,-327000000.000000,-0.272000,1.000000,2171000000.000000,0.580000,4507000000.000000,0.000000,11521000000.000000,,0.000000,12485000000.000000,10524000000.000000,1961000000.000000,24780000000.000000,22863000000.000000,1917000000.000000,649000000.000000,0.000000,-256000000.000000,200000000.000000,0.000000,1657000000.000000,-862000000.000000,462000000.000000,-147000000.000000,1000000.000000,620000000.000000,620000000.000000,620000000.000000,0.000000,0.000000,0.166000,1328000000.000000,843000000.000000,19999000000.000000,0.000000,5.532000,49.295000,49.409000,1528000000.000000,0.000000,73.620000,6.758000,6.764000,18525000000.000000,3823000000.000000,3744000000.000000,3744000000.000000,1054000000.000000,,,,,219000000.000000,760000000.000000,1.000000,1201910314.000000,1203000000.000000,1230000000.000000,3.112000,36267000000.000000,0.000000,244000000.000000,2000000000.000000,30.147000
MRQ,2018-03-31,2018-03-31,2018-03-31,2018-Q1,9028000000.000000,91056169927.000000,2025-04-29,-169000000.000000,42322000000.000000,,34742000000.000000,7580000000.000000,,12.283000,-178000000.000000,2879000000.000000,2879000000.000000,1922000000.000000,511000000.000000,1.351000,1.891000,3000000000.000000,3000000000.000000,0.000000,3000000000.000000,0.000000,185000000.000000,0.000000,0.000000,0.000000,548000000.000000,733000000.000000,0.199000,733000000.000000,548000000.000000,548000000.000000,0.430000,0.420000,0.430000,14641000000.000000,,14641000000.000000,89173169927.000000,39.000000,28.609000,-527000000.000000,-0.442000,1.000000,1763000000.000000,0.478000,4476000000.000000,0.000000,12253000000.000000,,0.000000,13030000000.000000,11543000000.000000,1487000000.000000,27681000000.000000,25714000000.000000,1967000000.000000,442000000.000000,0.000000,-1812000000.000000,2075000000.000000,0.000000,793000000.000000,5000000.000000,-246000000.000000,-349000000.000000,-7000000.000000,511000000.000000,511000000.000000,511000000.000000,0.000000,0.000000,0.139000,1229000000.000000,534000000.000000,20849000000.000000,0.000000,6.219000,47.376000,47.419000,1523000000.000000,0.000000,75.870000,6.596000,6.552000,19420000000.000000,4334000000.000000,3685000000.000000,3685000000.000000,448000000.000000,,,,,205000000.000000,628000000.000000,1.000000,1200160405.000000,1192000000.000000,1217000000.000000,3.091000,37846000000.000000,0.000000,37000000.000000,2065000000.000000,31.750000
MRQ,2018-06-30,2018-06-30,2018-06-30,2018-Q2,9375000000.000000,98873700918.000000,2025-04-29,36000000.000000,41677000000.000000,,34184000000.000000,7493000000.000000,,12.653000,-198000000.000000,2840000000.000000,2840000000.000000,2034000000.000000,526000000.000000,1.378000,1.775000,2000000000.000000,2000000000.000000,0.000000,2000000000.000000,0.000000,180000000.000000,0.000000,0.000000,0.000000,609000000.000000,789000000.000000,0.205000,789000000.000000,609000000.000000,609000000.000000,0.440000,0.440000,0.440000,15019000000.000000,,15019000000.000000,98994700918.000000,40.000000,30.385000,-170000000.000000,-0.143000,1.000000,1823000000.000000,0.473000,4456000000.000000,0.000000,11572000000.000000,,0.000000,12167000000.000000,10798000000.000000,1369000000.000000,26658000000.000000,24809000000.000000,1849000000.000000,-805000000.000000,-16000000.000000,-435000000.000000,-1076000000.000000,0.000000,-1335000000.000000,558000000.000000,299000000.000000,28000000.000000,-56000000.000000,526000000.000000,526000000.000000,526000000.000000,0.000000,0.000000,0.136000,1251000000.000000,572000000.000000,20889000000.000000,0.000000,6.583000,48.539000,48.982000,1567000000.000000,0.000000,83.270000,6.807000,6.805000,19471000000.000000,4860000000.000000,3857000000.000000,3857000000.000000,441000000.000000,,,,,205000000.000000,694000000.000000,1.000000,1187386825.000000,1187000000.000000,1202000000.000000,3.249000,37221000000.000000,0.000000,83000000.000000,1933000000.000000,31.357000
MRQ,2018-09-30,2018-09-30,2018-09-30,2018-Q3,7350000000.000000,103973793103.000000,2025-04-29,66000000.000000,43724000000.000000,,33990000000.000000,9734000000.000000,,12.798000,-223000000.000000,8147000000.000000,8147000000.000000,2011000000.000000,436000000.000000,1.276000,1.893000,2000000000.000000,2000000000.000000,0.000000,2000000000.000000,0.000000,188000000.000000,0.000000,0.000000,0.000000,533000000.000000,721000000.000000,0.196000,721000000.000000,533000000.000000,533000000.000000,0.370000,0.360000,0.370000,15115000000.000000,,15115000000.000000,103133793103.000000,40.000000,30.934000,4447000000.000000,3.765000,1.000000,1672000000.000000,0.454000,6738000000.000000,0.000000,4199000000.000000,,0.000000,4498000000.000000,3552000000.000000,946000000.000000,28609000000.000000,26640000000.000000,1969000000.000000,5847000000.000000,-2120000000.000000,-595000000.000000,-25000000.000000,0.000000,1049000000.000000,154000000.000000,3826000000.000000,4670000000.000000,-26000000.000000,436000000.000000,436000000.000000,436000000.000000,0.000000,0.000000,0.118000,1182000000.000000,490000000.000000,22698000000.000000,0.000000,6.879000,49.677000,50.194000,1646000000.000000,0.000000,87.840000,6.946000,6.930000,21363000000.000000,5296000000.000000,3683000000.000000,3683000000.000000,452000000.000000,,,,,213000000.000000,702000000.000000,1.000000,1183672508.000000,1181000000.000000,1199000000.000000,3.119000,36986000000.000000,0.000000,97000000.000000,2045000000.000000,31.318000
MRQ,2018-12-31,2018-12-31,2018-12-31,2018-Q4,7059000000.000000,99088215710.000000,2025-04-29,78000000.000000,43332000000.000000,,32963000000.000000,10369000000.000000,,13.094000,-221000000.000000,7575000000.000000,7575000000.000000,2295000000.000000,584000000.000000,1.273000,1.816000,1998000000.000000,1998000000.000000,0.000000,1998000000.000000,0.000000,223000000.000000,0.000000,0.000000,0.000000,686000000.000000,909000000.000000,0.215000,909000000.000000,686000000.000000,686000000.000000,0.500000,0.490000,0.500000,15386000000.000000,,15386000000.000000,92941215710.000000,39.000000,29.486000,910000000.000000,0.774000,1.000000,1931000000.000000,0.457000,7109000000.000000,0.000000,4742000000.000000,,0.000000,5037000000.000000,4066000000.000000,971000000.000000,27946000000.000000,25904000000.000000,2042000000.000000,-536000000.000000,12000000.000000,-534000000.000000,-14000000.000000,0.000000,-1747000000.000000,104000000.000000,-1241000000.000000,1131000000.000000,-24000000.000000,584000000.000000,584000000.000000,584000000.000000,0.000000,0.000000,0.138000,1333000000.000000,598000000.000000,21843000000.000000,0.000000,6.440000,48.171000,48.328000,1724000000.000000,0.000000,84.090000,6.413000,6.444000,20375000000.000000,5880000000.000000,4226000000.000000,4226000000.000000,490000000.000000,,,,,230000000.000000,831000000.000000,1.000000,1178359088.000000,1175000000.000000,1194000000.000000,3.597000,36223000000.000000,0.000000,102000000.000000,2103000000.000000,30.828000
MRQ,2019-03-31,2019-03-31,2019-03-31,2019-Q1,6256000000.000000,121826060669.000000,2025-04-29,-25000000.000000,46280000000.000000,,34891000000.000000,11389000000.000000,,12.944000,-218000000.000000,4515000000.000000,4515000000.000000,2278000000.000000,667000000.000000,1.218000,2.053000,1999000000.000000,1999000000.000000,0.000000,1999000000.000000,0.000000,230000000.000000,0.000000,0.000000,0.000000,717000000.000000,947000000.000000,0.229000,947000000.000000,717000000.000000,717000000.000000,0.570000,0.560000,0.570000,15157000000.000000,,15157000000.000000,116249060669.000000,46.000000,34.536000,809000000.000000,0.691000,1.000000,1850000000.000000,0.448000,6984000000.000000,0.000000,8145000000.000000,,0.000000,7885000000.000000,6190000000.000000,1695000000.000000,31123000000.000000,28635000000.000000,2488000000.000000,-2330000000.000000,0.000000,-749000000.000000,0.000000,0.000000,1502000000.000000,-4860000000.000000,-2467000000.000000,1027000000.000000,1000000.000000,667000000.000000,667000000.000000,667000000.000000,0.000000,0.000000,0.162000,1332000000.000000,518000000.000000,24464000000.000000,0.000000,8.038000,55.050000,55.234000,1731000000.000000,0.000000,103.840000,7.665000,7.650000,23147000000.000000,6550000000.000000,4128000000.000000,4128000000.000000,511000000.000000,,,,,247000000.000000,748000000.000000,1.000000,1173209367.000000,1171000000.000000,1188000000.000000,3.525000,39296000000.000000,0.000000,50000000.000000,2563000000.000000,33.558000
MRQ,2019-06-30,2019-06-30,2019-06-30,2019-Q2,6588000000.000000,134482832668.000000,2025-04-29,-28000000.000000,48391000000.000000,,36435000000.000000,11956000000.000000,,13.735000,-139000000.000000,4909000000.000000,4909000000.000000,2344000000.000000,823000000.000000,1.221000,1.998000,2499000000.000000,2499000000.000000,0.000000,2499000000.000000,0.000000,228000000.000000,0.000000,0.000000,0.000000,943000000.000000,1171000000.000000,0.272000,1171000000.000000,943000000.000000,943000000.000000,0.700000,0.690000,0.700000,16139000000.000000,,16139000000.000000,131966832668.000000,46.000000,35.210000,1035000000.000000,0.881000,1.000000,1961000000.000000,0.456000,6935000000.000000,0.000000,9199000000.000000,,0.000000,8950000000.000000,6672000000.000000,2278000000.000000,32252000000.000000,29847000000.000000,2405000000.000000,1071000000.000000,0.000000,67000000.000000,500000000.000000,0.000000,996000000.000000,-1097000000.000000,-919000000.000000,1174000000.000000,-2000000.000000,823000000.000000,823000000.000000,823000000.000000,0.000000,0.000000,0.191000,1256000000.000000,705000000.000000,25272000000.000000,0.000000,8.333000,53.579000,53.486000,1720000000.000000,0.000000,114.460000,8.229000,8.230000,23952000000.000000,7373000000.000000,4305000000.000000,4305000000.000000,483000000.000000,,,,,223000000.000000,775000000.000000,1.000000,1174933013.000000,1175000000.000000,1187000000.000000,3.664000,41456000000.000000,0.000000,120000000.000000,2459000000.000000,35.282000
MRQ,2019-09-30,2019-09-30,2019-09-30,2019-Q3,11408000000.000000,121891806240.000000,2025-04-29,-52000000.000000,50223000000.000000,,37748000000.000000,12475000000.000000,,14.028000,-156000000.000000,6877000000.000000,6877000000.000000,2431000000.000000,462000000.000000,1.433000,2.047000,4964000000.000000,0.000000,4964000000.000000,4964000000.000000,0.000000,227000000.000000,0.000000,0.000000,0.000000,484000000.000000,711000000.000000,0.162000,711000000.000000,484000000.000000,484000000.000000,0.390000,0.390000,0.390000,16483000000.000000,,16483000000.000000,119481806240.000000,42.000000,31.964000,940000000.000000,0.800000,1.000000,1947000000.000000,0.445000,6807000000.000000,0.000000,15163000000.000000,,0.000000,9833000000.000000,7062000000.000000,2771000000.000000,33740000000.000000,26340000000.000000,7400000000.000000,3010000000.000000,0.000000,-346000000.000000,2462000000.000000,0.000000,1339000000.000000,623000000.000000,-143000000.000000,1096000000.000000,-48000000.000000,462000000.000000,462000000.000000,462000000.000000,0.000000,0.000000,0.106000,1250000000.000000,697000000.000000,24204000000.000000,0.000000,7.395000,48.065000,47.958000,1701000000.000000,0.000000,103.590000,7.155000,7.144000,22928000000.000000,7835000000.000000,4378000000.000000,4378000000.000000,533000000.000000,,,,,266000000.000000,717000000.000000,1.000000,1176675415.000000,1175000000.000000,1188000000.000000,3.726000,43416000000.000000,0.000000,22000000.000000,2534000000.000000,36.950000
MRQ,2019-12-31,2019-12-31,2019-12-31,2019-Q4,11576000000.000000,127012397208.000000,2025-04-29,-173000000.000000,51333000000.000000,,38495000000.000000,12838000000.000000,,14.382000,-174000000.000000,7349000000.000000,7349000000.000000,2732000000.000000,507000000.000000,1.430000,2.038000,4965000000.000000,0.000000,4965000000.000000,4965000000.000000,0.000000,227000000.000000,0.000000,0.000000,0.000000,854000000.000000,1081000000.000000,0.218000,1081000000.000000,854000000.000000,854000000.000000,0.430000,0.430000,0.430000,16885000000.000000,,16885000000.000000,125099397208.000000,42.000000,31.995000,600000000.000000,0.511000,1.000000,2229000000.000000,0.449000,6990000000.000000,0.000000,15040000000.000000,,0.000000,10247000000.000000,7384000000.000000,2863000000.000000,34404000000.000000,26919000000.000000,7485000000.000000,759000000.000000,-70000000.000000,-245000000.000000,-7000000.000000,0.000000,350000000.000000,-408000000.000000,-1105000000.000000,774000000.000000,43000000.000000,507000000.000000,507000000.000000,507000000.000000,0.000000,0.000000,0.102000,1430000000.000000,799000000.000000,24759000000.000000,0.000000,7.522000,51.652000,51.756000,1693000000.000000,0.000000,108.170000,7.147000,7.146000,22962000000.000000,8342000000.000000,4961000000.000000,4961000000.000000,558000000.000000,,,,,285000000.000000,872000000.000000,1.000000,1174192449.000000,1174000000.000000,1188000000.000000,4.226000,44343000000.000000,0.000000,347000000.000000,2593000000.000000,37.771000
MRQ,2020-03-31,2020-03-31,2020-03-31,2020-Q1,10735000000.000000,112298758134.000000,2025-04-29,-120000000.000000,54266000000.000000,,38184000000.000000,16082000000.000000,,13.612000,-87000000.000000,7854000000.000000,7854000000.000000,2729000000.000000,84000000.000000,1.391000,2.396000,7967000000.000000,0.000000,7967000000.000000,7967000000.000000,0.000000,293000000.000000,0.000000,0.000000,0.000000,263000000.000000,556000000.000000,0.120000,556000000.000000,263000000.000000,263000000.000000,0.070000,0.070000,0.070000,15967000000.000000,,15967000000.000000,109914758134.000000,43.000000,31.235000,1334000000.000000,1.137000,1.000000,1889000000.000000,0.409000,10493000000.000000,0.000000,16437000000.000000,,0.000000,8410000000.000000,6044000000.000000,2366000000.000000,38255000000.000000,27449000000.000000,10806000000.000000,999000000.000000,-3612000000.000000,-799000000.000000,3000000000.000000,0.000000,2310000000.000000,-2554000000.000000,1532000000.000000,1421000000.000000,-178000000.000000,84000000.000000,84000000.000000,84000000.000000,0.000000,0.000000,0.018000,1491000000.000000,398000000.000000,25034000000.000000,0.000000,7.033000,59.861000,60.214000,1646000000.000000,0.000000,95.740000,6.149000,6.150000,23229000000.000000,8258000000.000000,4618000000.000000,4618000000.000000,605000000.000000,,,,,283000000.000000,857000000.000000,1.000000,1172955485.000000,1173000000.000000,1185000000.000000,3.937000,43773000000.000000,0.000000,179000000.000000,2978000000.000000,37.317000
MRQ,2020-06-30,2020-06-30,2020-06-30,2020-Q2,12771000000.000000,204542824099.000000,2025-04-29,-170000000.000000,63166000000.000000,,46500000000.000000,16666000000.000000,,15.038000,-192000000.000000,6353000000.000000,6353000000.000000,2706000000.000000,1530000000.000000,1.379000,2.578000,8934000000.000000,0.000000,8934000000.000000,8934000000.000000,0.000000,297000000.000000,0.000000,0.000000,0.000000,1799000000.000000,2096000000.000000,0.398000,2096000000.000000,1799000000.000000,1799000000.000000,1.300000,1.290000,1.300000,17640000000.000000,,17640000000.000000,204655824099.000000,60.000000,46.052000,1580000000.000000,1.347000,1.000000,2555000000.000000,0.486000,10372000000.000000,0.000000,21646000000.000000,,0.000000,13005000000.000000,9830000000.000000,3175000000.000000,45482000000.000000,33729000000.000000,11753000000.000000,1262000000.000000,0.000000,-130000000.000000,966000000.000000,0.000000,6914000000.000000,-7530000000.000000,-6580000000.000000,1772000000.000000,106000000.000000,1530000000.000000,1530000000.000000,1530000000.000000,0.000000,0.000000,0.291000,1604000000.000000,951000000.000000,31283000000.000000,0.000000,11.595000,79.188000,79.557000,1717000000.000000,0.000000,174.230000,10.643000,10.634000,29477000000.000000,9788000000.000000,5261000000.000000,5261000000.000000,631000000.000000,,,,,352000000.000000,926000000.000000,1.000000,1173981657.000000,1173000000.000000,1184000000.000000,4.485000,52794000000.000000,0.000000,269000000.000000,3146000000.000000,45.008000
MRQ,2020-09-30,2020-09-30,2020-09-30,2020-Q3,13458000000.000000,231175253289.000000,2025-04-29,-332000000.000000,65582000000.000000,,48704000000.000000,16878000000.000000,,15.770000,-241000000.000000,6112000000.000000,6112000000.000000,2815000000.000000,1021000000.000000,1.382000,2.546000,8937000000.000000,0.000000,8937000000.000000,8937000000.000000,0.000000,298000000.000000,0.000000,0.000000,0.000000,1144000000.000000,1442000000.000000,0.264000,1442000000.000000,1144000000.000000,1144000000.000000,0.870000,0.860000,0.870000,18483000000.000000,,18483000000.000000,233756253289.000000,58.000000,45.170000,1073000000.000000,0.916000,1.000000,2644000000.000000,0.484000,10265000000.000000,0.000000,22896000000.000000,,0.000000,14082000000.000000,10643000000.000000,3439000000.000000,47055000000.000000,35246000000.000000,11809000000.000000,-882000000.000000,3000000.000000,-369000000.000000,0.000000,0.000000,906000000.000000,-3200000000.000000,-3029000000.000000,1314000000.000000,98000000.000000,1021000000.000000,1021000000.000000,1021000000.000000,0.000000,0.000000,0.187000,1667000000.000000,977000000.000000,32689000000.000000,0.000000,12.507000,73.576000,73.794000,1757000000.000000,0.000000,197.030000,11.389000,11.376000,31012000000.000000,10809000000.000000,5459000000.000000,5459000000.000000,674000000.000000,,,,,364000000.000000,974000000.000000,1.000000,1173299768.000000,1172000000.000000,1190000000.000000,4.658000,55317000000.000000,0.000000,123000000.000000,2972000000.000000,47.199000
MRQ,2020-12-31,2020-12-31,2020-12-31,2020-Q4,12548000000.000000,274410221668.000000,2025-04-29,-484000000.000000,70379000000.000000,,50995000000.000000,19384000000.000000,,17.066000,-226000000.000000,4794000000.000000,4794000000.000000,3203000000.000000,1567000000.000000,1.326000,2.513000,8939000000.000000,0.000000,8939000000.000000,8939000000.000000,0.000000,301000000.000000,0.000000,0.000000,0.000000,1859000000.000000,2160000000.000000,0.353000,2160000000.000000,1859000000.000000,1859000000.000000,1.330000,1.320000,1.330000,20019000000.000000,,20019000000.000000,277235221668.000000,55.000000,44.329000,1486000000.000000,1.267000,1.000000,2913000000.000000,0.476000,10183000000.000000,0.000000,25894000000.000000,,0.000000,17147000000.000000,11058000000.000000,6089000000.000000,50316000000.000000,38447000000.000000,11869000000.000000,918000000.000000,0.000000,-200000000.000000,0.000000,0.000000,2324000000.000000,-3261000000.000000,-2561000000.000000,1712000000.000000,143000000.000000,1567000000.000000,1567000000.000000,1567000000.000000,0.000000,0.000000,0.256000,1950000000.000000,963000000.000000,35670000000.000000,0.000000,13.707000,65.305000,65.419000,1807000000.000000,0.000000,234.200000,12.791000,12.805000,33995000000.000000,12366000000.000000,6116000000.000000,6116000000.000000,732000000.000000,,,,,377000000.000000,1174000000.000000,1.000000,1171691809.000000,1173000000.000000,1190000000.000000,5.214000,60196000000.000000,0.000000,292000000.000000,3059000000.000000,51.318000
MRQ,2021-03-31,2021-03-31,2021-03-31,2021-Q1,12092000000.000000,284408321558.000000,2025-04-29,-353000000.000000,72517000000.000000,,53432000000.000000,19085000000.000000,,16.574000,-221000000.000000,5717000000.000000,5717000000.000000,3066000000.000000,1097000000.000000,1.293000,2.730000,8942000000.000000,0.000000,8942000000.000000,8942000000.000000,0.000000,300000000.000000,0.000000,0.000000,0.000000,872000000.000000,1172000000.000000,0.194000,1172000000.000000,872000000.000000,872000000.000000,0.940000,0.920000,0.940000,19441000000.000000,,19441000000.000000,288553321558.000000,51.000000,42.002000,1537000000.000000,1.310000,1.000000,2967000000.000000,0.492000,10055000000.000000,0.000000,24347000000.000000,,0.000000,16094000000.000000,10100000000.000000,5994000000.000000,53076000000.000000,41340000000.000000,11736000000.000000,960000000.000000,0.000000,-1321000000.000000,0.000000,0.000000,827000000.000000,-1583000000.000000,-1182000000.000000,1758000000.000000,-42000000.000000,1097000000.000000,1097000000.000000,1097000000.000000,0.000000,0.000000,0.182000,1925000000.000000,1042000000.000000,38514000000.000000,0.000000,14.629000,54.537000,54.694000,1806000000.000000,0.000000,242.840000,12.436000,12.456000,36297000000.000000,13463000000.000000,6033000000.000000,6033000000.000000,741000000.000000,,,,,368000000.000000,1126000000.000000,1.000000,1171175760.000000,1173000000.000000,1190000000.000000,5.143000,62462000000.000000,0.000000,-225000000.000000,2889000000.000000,53.250000
MRQ,2021-06-30,2021-06-30,2021-06-30,2021-Q2,11963000000.000000,342409733180.000000,2025-04-29,-292000000.000000,73816000000.000000,,53231000000.000000,20585000000.000000,,17.807000,-246000000.000000,5745000000.000000,5745000000.000000,3214000000.000000,1184000000.000000,1.290000,2.531000,8945000000.000000,0.000000,8945000000.000000,8945000000.000000,0.000000,316000000.000000,0.000000,0.000000,0.000000,1356000000.000000,1672000000.000000,0.268000,1672000000.000000,1356000000.000000,1356000000.000000,1.010000,1.000000,1.010000,20905000000.000000,,20905000000.000000,345634733180.000000,66.000000,53.620000,1060000000.000000,0.903000,1.000000,3024000000.000000,0.485000,10484000000.000000,0.000000,25264000000.000000,,0.000000,16901000000.000000,9933000000.000000,6968000000.000000,52911000000.000000,41268000000.000000,11643000000.000000,18000000.000000,-469000000.000000,-113000000.000000,0.000000,0.000000,-197000000.000000,-1099000000.000000,-691000000.000000,1306000000.000000,8000000.000000,1184000000.000000,1184000000.000000,1184000000.000000,0.000000,0.000000,0.190000,1897000000.000000,1127000000.000000,38630000000.000000,0.000000,16.379000,70.324000,70.236000,1848000000.000000,0.000000,291.480000,14.359000,14.350000,36363000000.000000,14647000000.000000,6238000000.000000,6238000000.000000,746000000.000000,,,,,390000000.000000,1150000000.000000,1.000000,1174728054.000000,1174000000.000000,1186000000.000000,5.313000,63332000000.000000,0.000000,172000000.000000,2847000000.000000,53.945000
MRQ,2021-09-30,2021-09-30,2021-09-30,2021-Q3,12435000000.000000,305755115752.000000,2025-04-29,-124000000.000000,74534000000.000000,,54130000000.000000,20404000000.000000,,18.816000,-225000000.000000,7782000000.000000,7782000000.000000,3336000000.000000,1087000000.000000,1.298000,2.374000,7949000000.000000,0.000000,7949000000.000000,7949000000.000000,0.000000,323000000.000000,0.000000,0.000000,0.000000,1165000000.000000,1488000000.000000,0.241000,1488000000.000000,1165000000.000000,1165000000.000000,0.930000,0.920000,0.930000,22090000000.000000,,22090000000.000000,308955115752.000000,59.000000,47.590000,1288000000.000000,1.097000,1.000000,2846000000.000000,0.460000,10358000000.000000,0.000000,22648000000.000000,,0.000000,15976000000.000000,9223000000.000000,6753000000.000000,52444000000.000000,41695000000.000000,10749000000.000000,951000000.000000,0.000000,-349000000.000000,0.000000,0.000000,-816000000.000000,326000000.000000,715000000.000000,1513000000.000000,-72000000.000000,1087000000.000000,1087000000.000000,1087000000.000000,0.000000,0.000000,0.176000,1803000000.000000,1043000000.000000,37990000000.000000,0.000000,13.841000,61.956000,61.808000,1900000000.000000,0.000000,260.210000,12.445000,12.434000,35840000000.000000,15734000000.000000,6182000000.000000,6182000000.000000,755000000.000000,,,,,300000000.000000,1047000000.000000,1.000000,1175032150.000000,1174000000.000000,1187000000.000000,5.266000,64176000000.000000,0.000000,78000000.000000,2951000000.000000,54.664000
MRQ,2021-12-31,2021-12-31,2021-12-31,2021-Q4,9545000000.000000,221568331836.000000,2025-04-29,-136000000.000000,75803000000.000000,,52574000000.000000,23229000000.000000,,18.507000,-211000000.000000,5197000000.000000,5197000000.000000,3834000000.000000,801000000.000000,1.222000,2.489000,8049000000.000000,0.000000,8049000000.000000,8049000000.000000,0.000000,326000000.000000,0.000000,0.000000,0.000000,706000000.000000,1032000000.000000,0.149000,1032000000.000000,706000000.000000,706000000.000000,0.680000,0.680000,0.680000,21727000000.000000,,21727000000.000000,221735331836.000000,54.000000,41.338000,1009000000.000000,0.859000,1.000000,3084000000.000000,0.446000,12786000000.000000,0.000000,22840000000.000000,,0.000000,15946000000.000000,9149000000.000000,6797000000.000000,54076000000.000000,43029000000.000000,11047000000.000000,-1940000000.000000,-2294000000.000000,-1428000000.000000,-89000000.000000,0.000000,-371000000.000000,-2793000000.000000,-518000000.000000,1220000000.000000,4000000.000000,801000000.000000,801000000.000000,801000000.000000,0.000000,0.000000,0.116000,2034000000.000000,1050000000.000000,39038000000.000000,0.000000,10.198000,53.147000,53.121000,1909000000.000000,0.000000,188.580000,8.733000,8.726000,36941000000.000000,16535000000.000000,6918000000.000000,6918000000.000000,796000000.000000,,,,,318000000.000000,1236000000.000000,1.000000,1174930172.000000,1174000000.000000,1183000000.000000,5.893000,63017000000.000000,0.000000,-95000000.000000,3234000000.000000,53.677000
MRQ,2022-03-31,2022-03-31,2022-03-31,2022-Q1,8415000000.000000,134732818188.000000,2025-04-29,-444000000.000000,75805000000.000000,,52382000000.000000,23423000000.000000,,17.715000,-188000000.000000,4861000000.000000,4861000000.000000,3720000000.000000,509000000.000000,1.191000,2.679000,8222000000.000000,0.000000,8222000000.000000,8222000000.000000,0.000000,328000000.000000,0.000000,0.000000,0.000000,629000000.000000,957000000.000000,0.148000,957000000.000000,629000000.000000,629000000.000000,0.440000,0.430000,0.440000,20603000000.000000,,20603000000.000000,137584818188.000000,36.000000,26.721000,1029000000.000000,0.885000,1.000000,2763000000.000000,0.426000,12555000000.000000,0.000000,22644000000.000000,,0.000000,15472000000.000000,8327000000.000000,7145000000.000000,55202000000.000000,43967000000.000000,11235000000.000000,-186000000.000000,0.000000,-1497000000.000000,182000000.000000,0.000000,-669000000.000000,-752000000.000000,-325000000.000000,1217000000.000000,18000000.000000,509000000.000000,509000000.000000,509000000.000000,0.000000,0.000000,0.079000,2052000000.000000,711000000.000000,39886000000.000000,0.000000,6.539000,37.624000,37.794000,1861000000.000000,0.000000,115.650000,5.218000,5.209000,37896000000.000000,17044000000.000000,6483000000.000000,6483000000.000000,815000000.000000,,,,,429000000.000000,1201000000.000000,1.000000,1165004913.000000,1163000000.000000,1172000000.000000,5.574000,63250000000.000000,0.000000,120000000.000000,3266000000.000000,54.385000
MRQ,2022-06-30,2022-06-30,2022-06-30,2022-Q2,10157000000.000000,80877508641.000000,2025-04-29,-564000000.000000,77810000000.000000,,55252000000.000000,22558000000.000000,,17.070000,-173000000.000000,4583000000.000000,4583000000.000000,4028000000.000000,-341000000.000000,1.225000,2.936000,10198000000.000000,0.000000,10198000000.000000,10198000000.000000,0.000000,333000000.000000,0.000000,0.000000,0.000000,49000000.000000,382000000.000000,0.056000,382000000.000000,49000000.000000,49000000.000000,-0.290000,-0.290000,-0.290000,19767000000.000000,,19767000000.000000,84238508641.000000,33.000000,21.829000,1077000000.000000,0.930000,1.000000,2778000000.000000,0.408000,12147000000.000000,0.000000,26183000000.000000,,0.000000,16742000000.000000,10472000000.000000,6270000000.000000,58043000000.000000,45095000000.000000,12948000000.000000,-1159000000.000000,0.000000,-667000000.000000,1420000000.000000,0.000000,1655000000.000000,-3910000000.000000,-3124000000.000000,1250000000.000000,-154000000.000000,-341000000.000000,-341000000.000000,-341000000.000000,0.000000,0.000000,-0.050000,2014000000.000000,764000000.000000,40377000000.000000,0.000000,4.092000,39.337000,39.682000,1832000000.000000,0.000000,69.840000,3.065000,3.065000,38088000000.000000,16703000000.000000,6806000000.000000,6806000000.000000,815000000.000000,,,,,312000000.000000,1109000000.000000,1.000000,1158039929.000000,1158000000.000000,1158000000.000000,5.877000,65663000000.000000,0.000000,390000000.000000,3346000000.000000,56.704000
MRQ,2022-09-30,2022-09-30,2022-09-30,2022-Q3,11877000000.000000,99537878475.000000,2025-04-29,-681000000.000000,76435000000.000000,,55105000000.000000,21330000000.000000,,17.560000,-182000000.000000,6659000000.000000,6659000000.000000,3864000000.000000,1330000000.000000,1.275000,2.772000,10241000000.000000,0.000000,10241000000.000000,10241000000.000000,0.000000,330000000.000000,0.000000,0.000000,0.000000,1578000000.000000,1908000000.000000,0.279000,1908000000.000000,1578000000.000000,1578000000.000000,1.150000,1.150000,1.150000,20264000000.000000,,20264000000.000000,105152878475.000000,36.000000,24.574000,1573000000.000000,1.363000,1.000000,2982000000.000000,0.436000,11908000000.000000,0.000000,24881000000.000000,,0.000000,15407000000.000000,10192000000.000000,5215000000.000000,56171000000.000000,43228000000.000000,12943000000.000000,40000000.000000,0.000000,-939000000.000000,58000000.000000,0.000000,-2971000000.000000,1373000000.000000,1758000000.000000,1755000000.000000,-117000000.000000,1330000000.000000,1330000000.000000,1330000000.000000,0.000000,0.000000,0.194000,1864000000.000000,1118000000.000000,37938000000.000000,0.000000,4.912000,43.296000,43.470000,1773000000.000000,0.000000,86.070000,3.679000,3.671000,35713000000.000000,18033000000.000000,6846000000.000000,6846000000.000000,801000000.000000,,,,,226000000.000000,1007000000.000000,1.000000,1156475874.000000,1154000000.000000,1157000000.000000,5.932000,64527000000.000000,0.000000,248000000.000000,3354000000.000000,55.916000
MRQ,2022-12-31,2022-12-31,2022-12-31,2022-Q4,12416000000.000000,81192775073.000000,2025-04-29,-928000000.000000,78624000000.000000,,57424000000.000000,21200000000.000000,,17.800000,-158000000.000000,7776000000.000000,7776000000.000000,4253000000.000000,921000000.000000,1.276000,2.878000,10417000000.000000,0.000000,10417000000.000000,10417000000.000000,0.000000,326000000.000000,0.000000,0.000000,0.000000,1110000000.000000,1436000000.000000,0.195000,1436000000.000000,1110000000.000000,1110000000.000000,0.810000,0.800000,0.810000,20274000000.000000,,20274000000.000000,84774775073.000000,25.000000,18.103000,1433000000.000000,1.258000,1.000000,3130000000.000000,0.424000,11997000000.000000,0.000000,24260000000.000000,,0.000000,15541000000.000000,10523000000.000000,5018000000.000000,58350000000.000000,45008000000.000000,13342000000.000000,2432000000.000000,0.000000,-953000000.000000,129000000.000000,0.000000,782000000.000000,-39000000.000000,1597000000.000000,1591000000.000000,98000000.000000,921000000.000000,921000000.000000,921000000.000000,0.000000,0.000000,0.125000,1886000000.000000,1244000000.000000,40140000000.000000,0.000000,4.005000,33.565000,33.914000,1730000000.000000,0.000000,71.220000,2.951000,2.987000,37227000000.000000,18954000000.000000,7383000000.000000,7383000000.000000,822000000.000000,,,,,294000000.000000,1039000000.000000,1.000000,1140027732.000000,1139000000.000000,1143000000.000000,6.482000,66627000000.000000,0.000000,189000000.000000,0.000000,58.496000
MRQ,2023-03-31,2023-03-31,2023-03-31,2023-Q1,12651000000.000000,85916488250.000000,2025-04-29,-898000000.000000,77186000000.000000,,56560000000.000000,20626000000.000000,,17.589000,-169000000.000000,7101000000.000000,7101000000.000000,4213000000.000000,795000000.000000,1.288000,2.887000,10481000000.000000,0.000000,10481000000.000000,10481000000.000000,0.000000,270000000.000000,0.000000,0.000000,0.000000,1074000000.000000,1344000000.000000,0.191000,1344000000.000000,1074000000.000000,1074000000.000000,0.700000,0.700000,0.700000,19858000000.000000,,19858000000.000000,88557488250.000000,23.000000,17.467000,1001000000.000000,0.887000,1.000000,2827000000.000000,0.402000,11925000000.000000,0.000000,24732000000.000000,,0.000000,15686000000.000000,11054000000.000000,4632000000.000000,57328000000.000000,43909000000.000000,13419000000.000000,-1462000000.000000,0.000000,-1431000000.000000,67000000.000000,0.000000,-2781000000.000000,153000000.000000,-881000000.000000,1170000000.000000,-4000000.000000,795000000.000000,795000000.000000,795000000.000000,0.000000,0.000000,0.113000,1828000000.000000,999000000.000000,39168000000.000000,0.000000,4.327000,31.762000,32.042000,1633000000.000000,0.000000,75.940000,3.060000,3.054000,36243000000.000000,19749000000.000000,7040000000.000000,7040000000.000000,721000000.000000,,,,,345000000.000000,943000000.000000,1.000000,1131373298.000000,1129000000.000000,1134000000.000000,6.236000,65261000000.000000,0.000000,279000000.000000,3515000000.000000,57.804000
MRQ,2023-06-30,2023-06-30,2023-06-30,2023-Q2,12371000000.000000,74451593085.000000,2025-04-29,-996000000.000000,74579000000.000000,,54125000000.000000,20454000000.000000,,17.697000,-111000000.000000,5504000000.000000,5504000000.000000,4431000000.000000,1029000000.000000,1.296000,2.793000,10549000000.000000,0.000000,10549000000.000000,10549000000.000000,0.000000,269000000.000000,0.000000,0.000000,0.000000,1303000000.000000,1572000000.000000,0.216000,1572000000.000000,1303000000.000000,1303000000.000000,0.930000,0.920000,0.930000,19661000000.000000,,19661000000.000000,77831593085.000000,15.000000,12.433000,-311000000.000000,-0.280000,1.000000,2856000000.000000,0.392000,11707000000.000000,0.000000,26163000000.000000,,0.000000,16391000000.000000,11848000000.000000,4543000000.000000,54918000000.000000,41754000000.000000,13164000000.000000,-2079000000.000000,0.000000,-1448000000.000000,-289000000.000000,0.000000,-3273000000.000000,1440000000.000000,1912000000.000000,-200000000.000000,-46000000.000000,1029000000.000000,1029000000.000000,1029000000.000000,0.000000,0.000000,0.141000,1723000000.000000,1133000000.000000,37530000000.000000,0.000000,3.787000,18.270000,18.588000,1589000000.000000,0.000000,66.730000,2.607000,2.596000,34571000000.000000,20778000000.000000,7287000000.000000,7287000000.000000,743000000.000000,,,,,363000000.000000,956000000.000000,1.000000,1115713968.000000,1111000000.000000,1114000000.000000,6.559000,62872000000.000000,0.000000,274000000.000000,3406000000.000000,56.590000
MRQ,2023-09-30,2023-09-30,2023-09-30,2023-Q3,13193000000.000000,64191270555.000000,2025-04-29,-852000000.000000,76440000000.000000,,56635000000.000000,19805000000.000000,,18.044000,-154000000.000000,6816000000.000000,6816000000.000000,4523000000.000000,1020000000.000000,1.304000,2.872000,10640000000.000000,0.000000,10640000000.000000,10640000000.000000,0.000000,270000000.000000,0.000000,0.000000,0.000000,1241000000.000000,1511000000.000000,0.204000,1511000000.000000,1241000000.000000,1241000000.000000,0.930000,0.930000,0.930000,19740000000.000000,,19740000000.000000,69236270555.000000,15.000000,11.809000,1105000000.000000,1.010000,1.000000,2895000000.000000,0.390000,11499000000.000000,0.000000,25323000000.000000,,0.000000,15817000000.000000,11962000000.000000,3855000000.000000,56700000000.000000,43442000000.000000,13258000000.000000,968000000.000000,0.000000,-1434000000.000000,109000000.000000,0.000000,61000000.000000,-307000000.000000,1629000000.000000,1259000000.000000,-45000000.000000,1020000000.000000,1020000000.000000,1020000000.000000,0.000000,0.000000,0.138000,1727000000.000000,1168000000.000000,38772000000.000000,0.000000,3.252000,17.049000,17.347000,1529000000.000000,0.000000,58.460000,2.204000,2.196000,35629000000.000000,21798000000.000000,7418000000.000000,7418000000.000000,739000000.000000,,,,,379000000.000000,949000000.000000,1.000000,1098037471.000000,1094000000.000000,1098000000.000000,6.781000,64941000000.000000,0.000000,221000000.000000,3755000000.000000,59.361000
MRQ,2023-12-31,2023-12-31,2023-12-31,2023-Q4,14103000000.000000,66208591156.000000,2025-04-29,-746000000.000000,82166000000.000000,,62569000000.000000,19597000000.000000,,19.510000,-144000000.000000,9081000000.000000,9081000000.000000,4819000000.000000,1402000000.000000,1.291000,2.903000,9676000000.000000,0.000000,9676000000.000000,9676000000.000000,0.000000,263000000.000000,0.000000,0.000000,0.000000,1793000000.000000,2056000000.000000,0.256000,2056000000.000000,1793000000.000000,1793000000.000000,1.290000,1.290000,1.290000,21051000000.000000,,21051000000.000000,70032591156.000000,13.000000,10.802000,2470000000.000000,2.289000,1.000000,3207000000.000000,0.400000,11563000000.000000,0.000000,22732000000.000000,,0.000000,14248000000.000000,10975000000.000000,3273000000.000000,61115000000.000000,48466000000.000000,12649000000.000000,5251000000.000000,466000000.000000,-562000000.000000,588000000.000000,0.000000,3000000000.000000,-534000000.000000,1061000000.000000,2614000000.000000,171000000.000000,1402000000.000000,1402000000.000000,1402000000.000000,0.000000,0.000000,0.175000,1479000000.000000,1728000000.000000,42074000000.000000,0.000000,3.145000,15.593000,15.951000,1488000000.000000,0.000000,61.410000,2.224000,2.275000,40004000000.000000,23200000000.000000,8026000000.000000,8026000000.000000,770000000.000000,,,,,388000000.000000,1020000000.000000,1.000000,1078140224.000000,1079000000.000000,1083000000.000000,7.438000,70603000000.000000,0.000000,391000000.000000,0.000000,65.434000
MRQ,2024-03-31,2024-03-31,2024-03-31,2024-Q1,13860000000.000000,71795987469.000000,2025-04-29,-659000000.000000,83347000000.000000,,63706000000.000000,19641000000.000000,,19.457000,-154000000.000000,9693000000.000000,9693000000.000000,4692000000.000000,888000000.000000,1.278000,3.026000,9683000000.000000,0.000000,9683000000.000000,9683000000.000000,0.000000,265000000.000000,0.000000,0.000000,0.000000,1209000000.000000,1474000000.000000,0.191000,1474000000.000000,1209000000.000000,1209000000.000000,0.830000,0.830000,0.830000,20702000000.000000,,20702000000.000000,72390987469.000000,13.000000,10.947000,1763000000.000000,1.657000,1.000000,3007000000.000000,0.391000,11381000000.000000,0.000000,22110000000.000000,,0.000000,13543000000.000000,10134000000.000000,3409000000.000000,62645000000.000000,49846000000.000000,12799000000.000000,441000000.000000,0.000000,-1501000000.000000,-244000000.000000,0.000000,-2362000000.000000,980000000.000000,2283000000.000000,1917000000.000000,-94000000.000000,888000000.000000,888000000.000000,888000000.000000,0.000000,0.000000,0.115000,1839000000.000000,1168000000.000000,41461000000.000000,0.000000,3.468000,16.547000,16.832000,1426000000.000000,0.000000,66.990000,2.359000,2.342000,39461000000.000000,24088000000.000000,7699000000.000000,7699000000.000000,742000000.000000,,,,,365000000.000000,885000000.000000,1.000000,1071741864.000000,1064000000.000000,1072000000.000000,7.236000,71966000000.000000,0.000000,321000000.000000,0.000000,67.637000
MRQ,2024-06-30,2024-06-30,2024-06-30,2024-Q2,12259000000.000000,60702051759.000000,2025-04-29,-693000000.000000,84016000000.000000,,62972000000.000000,21044000000.000000,,19.791000,-157000000.000000,7701000000.000000,7701000000.000000,4713000000.000000,1128000000.000000,1.242000,3.074000,9727000000.000000,0.000000,9727000000.000000,9727000000.000000,0.000000,263000000.000000,0.000000,0.000000,0.000000,1399000000.000000,1662000000.000000,0.211000,1662000000.000000,1399000000.000000,1399000000.000000,1.080000,1.080000,1.080000,20622000000.000000,,20622000000.000000,60692051759.000000,11.000000,9.054000,1368000000.000000,1.313000,1.000000,3172000000.000000,0.402000,11219000000.000000,0.000000,24110000000.000000,,0.000000,16256000000.000000,11603000000.000000,4653000000.000000,63394000000.000000,50713000000.000000,12681000000.000000,-2917000000.000000,0.000000,-1446000000.000000,1247000000.000000,0.000000,200000000.000000,-4647000000.000000,-4172000000.000000,1525000000.000000,5000000.000000,1128000000.000000,1128000000.000000,1128000000.000000,0.000000,0.000000,0.143000,1847000000.000000,1325000000.000000,41860000000.000000,0.000000,2.944000,13.678000,14.051000,1459000000.000000,0.000000,58.030000,1.956000,1.949000,39714000000.000000,25216000000.000000,7885000000.000000,7885000000.000000,718000000.000000,,,,,298000000.000000,1016000000.000000,1.000000,1046046041.000000,1042000000.000000,1047000000.000000,7.567000,72797000000.000000,0.000000,271000000.000000,0.000000,69.863000
MRQ,2024-09-30,2024-09-30,2024-09-30,2024-Q3,12405000000.000000,79772674656.000000,2025-04-29,-627000000.000000,83511000000.000000,,62673000000.000000,20838000000.000000,,19.876000,-169000000.000000,7272000000.000000,7272000000.000000,4620000000.000000,1010000000.000000,1.247000,3.140000,9976000000.000000,0.000000,9976000000.000000,9976000000.000000,0.000000,255000000.000000,0.000000,0.000000,0.000000,1311000000.000000,1566000000.000000,0.200000,1566000000.000000,1311000000.000000,1311000000.000000,1.000000,0.990000,1.000000,20174000000.000000,,20174000000.000000,81798674656.000000,14.000000,12.104000,1445000000.000000,1.424000,1.000000,3227000000.000000,0.411000,11389000000.000000,0.000000,24558000000.000000,,0.000000,15403000000.000000,11121000000.000000,4282000000.000000,63337000000.000000,50268000000.000000,13069000000.000000,2076000000.000000,0.000000,-1776000000.000000,132000000.000000,0.000000,-2529000000.000000,2799000000.000000,1449000000.000000,1614000000.000000,192000000.000000,1010000000.000000,1010000000.000000,1010000000.000000,0.000000,0.000000,0.129000,1836000000.000000,1391000000.000000,41347000000.000000,0.000000,3.954000,18.016000,18.579000,1496000000.000000,0.000000,78.030000,2.536000,2.518000,40220000000.000000,26226000000.000000,7847000000.000000,7847000000.000000,746000000.000000,,,,,284000000.000000,1027000000.000000,1.000000,1022333393.000000,1015000000.000000,1024000000.000000,7.731000,72122000000.000000,0.000000,301000000.000000,0.000000,71.056000
MRQ,2024-12-31,2024-12-31,2024-12-31,2024-Q4,12716000000.000000,85566688970.000000,2025-04-29,-550000000.000000,78725000000.000000,,58206000000.000000,20519000000.000000,,20.499000,-202000000.000000,6561000000.000000,6561000000.000000,4882000000.000000,1121000000.000000,1.280000,2.856000,9879000000.000000,0.000000,9879000000.000000,9879000000.000000,0.000000,249000000.000000,0.000000,0.000000,0.000000,1410000000.000000,1659000000.000000,0.198000,1659000000.000000,1410000000.000000,1410000000.000000,1.120000,1.100000,1.120000,20417000000.000000,,20417000000.000000,88270688970.000000,17.000000,13.877000,2192000000.000000,2.201000,1.000000,3484000000.000000,0.416000,11163000000.000000,0.000000,25390000000.000000,,0.000000,15808000000.000000,11225000000.000000,4583000000.000000,58308000000.000000,45490000000.000000,12818000000.000000,956000000.000000,0.000000,-1229000000.000000,-1250000000.000000,0.000000,-3585000000.000000,2457000000.000000,-356000000.000000,2394000000.000000,-310000000.000000,1121000000.000000,1121000000.000000,1121000000.000000,0.000000,0.000000,0.134000,2043000000.000000,1441000000.000000,39898000000.000000,0.000000,4.191000,20.633000,21.179000,1508000000.000000,0.000000,85.350000,2.691000,2.762000,38655000000.000000,27347000000.000000,8366000000.000000,8366000000.000000,773000000.000000,,,,,283000000.000000,1220000000.000000,1.000000,1002538828.000000,996000000.000000,1012000000.000000,8.400000,67562000000.000000,0.000000,289000000.000000,0.000000,67.833000
MRQ,2025-03-31,2025-03-31,2025-03-31,2025-Q1,13989000000.000000,64548069993.000000,2025-04-29,-622000000.000000,81274000000.000000,,60611000000.000000,20663000000.000000,,20.542000,-194000000.000000,7449000000.000000,7449000000.000000,4473000000.000000,1287000000.000000,1.300000,3.013000,11417000000.000000,0.000000,11417000000.000000,11417000000.000000,0.000000,245000000.000000,0.000000,0.000000,0.000000,1603000000.000000,1848000000.000000,0.237000,1848000000.000000,1603000000.000000,1603000000.000000,1.310000,1.290000,1.310000,20254000000.000000,,20254000000.000000,67866069993.000000,12.000000,10.077000,966000000.000000,0.980000,1.000000,3318000000.000000,0.426000,11206000000.000000,0.000000,27414000000.000000,,0.000000,15600000000.000000,10987000000.000000,4613000000.000000,61020000000.000000,46622000000.000000,14398000000.000000,-1409000000.000000,0.000000,-1500000000.000000,1491000000.000000,0.000000,994000000.000000,-3657000000.000000,-702000000.000000,1160000000.000000,94000000.000000,1287000000.000000,1287000000.000000,1287000000.000000,0.000000,0.000000,0.165000,1788000000.000000,1530000000.000000,41380000000.000000,0.000000,3.187000,14.199000,14.468000,1537000000.000000,0.000000,65.250000,2.024000,2.018000,40287000000.000000,28654000000.000000,7791000000.000000,7791000000.000000,731000000.000000,,,,,249000000.000000,991000000.000000,1.000000,989242452.000000,986000000.000000,999000000.000000,7.902000,70068000000.000000,0.000000,316000000.000000,0.000000,71.063000
MRT,2012-12-31,2012-12-31,2012-12-31,2012-Q4,,,2025-04-29,,,,,,,,-511000000.000000,,,2697000000.000000,778000000.000000,,,,,,,,382000000.000000,,,0.000000,891000000.000000,1273000000.000000,0.225000,1273000000.000000,891000000.000000,891000000.000000,,,,,,,,,,1054000000.000000,,1.000000,2965000000.000000,0.524000,,0.000000,,,,,,,,,,-172000000.000000,-22000000.000000,0.000000,20000000.000000,0.000000,-210000000.000000,-1526000000.000000,-825000000.000000,1565000000.000000,-1000000.000000,778000000.000000,778000000.000000,778000000.000000,0.000000,0.000000,0.137000,2085000000.000000,880000000.000000,,,,,,,0.000000,,,,,,5662000000.000000,5662000000.000000,677000000.000000,,,,0.157000,148000000.000000,1007000000.000000,1.000000,,,,,,,113000000.000000,,
MRT,2013-12-31,2013-12-31,2013-12-31,2013-Q4,3359000000.000000,,2025-04-29,-61000000.000000,19160000000.000000,,14620000000.000000,4540000000.000000,,6.067000,-391000000.000000,1604000000.000000,1604000000.000000,3287000000.000000,955000000.000000,1.298000,1.593000,0.000000,0.000000,0.000000,0.000000,0.000000,453000000.000000,0.000000,,0.000000,1084000000.000000,1537000000.000000,0.228000,1537000000.000000,1084000000.000000,1084000000.000000,0.780000,0.780000,0.780000,7390000000.000000,,7390000000.000000,,,,1602000000.000000,1.315000,1.000000,3440000000.000000,0.511000,3445000000.000000,0.000000,2850000000.000000,,0.000000,3306000000.000000,3110000000.000000,196000000.000000,11770000000.000000,11261000000.000000,509000000.000000,190000000.000000,-731000000.000000,0.000000,-133000000.000000,0.000000,-85000000.000000,-1721000000.000000,-599000000.000000,1993000000.000000,3000000.000000,955000000.000000,955000000.000000,955000000.000000,0.000000,0.000000,0.142000,2349000000.000000,1091000000.000000,10453000000.000000,0.000000,,,,858000000.000000,0.000000,,,,9639000000.000000,,6727000000.000000,6727000000.000000,727000000.000000,,,,0.161000,177000000.000000,1169000000.000000,1.000000,,1218000000.000000,1224000000.000000,5.523000,15715000000.000000,0.000000,129000000.000000,37000000.000000,12.902000
MRT,2014-06-30,2014-06-30,2014-06-30,2014-Q2,,,2025-04-29,,,,,,,,,,,,,,,,,,,,,,,0.000000,,,,,,,,,,,,,,,,,,1.000000,,,,,,,,,,,,,,,,,,,,,,,,,,,,,,,,,,,,,,,,,,,,,,,,,,,,,1.000000,,1218000000.000000,,,,,,,
MRT,2014-09-30,2014-09-30,2014-09-30,2014-Q3,,,2025-04-29,,,,,,,,,,,,,,,,,,,,,,,0.000000,,,,,,,,,,,,,,,,,,1.000000,,,,,,,,,,,,,,,,,,,,,,,,,,,,,,,,,,,,,,,,,,,,,,,,,,,,,1.000000,,1218000000.000000,,,,,,,
MRT,2014-12-31,2014-12-31,2014-12-31,2014-Q4,4282000000.000000,,2025-04-29,110000000.000000,21917000000.000000,20538500000.000000,17565000000.000000,4352000000.000000,0.391000,6.772000,-492000000.000000,2201000000.000000,2201000000.000000,3807000000.000000,419000000.000000,1.322000,1.657000,1093000000.000000,1093000000.000000,0.000000,1093000000.000000,0.000000,516000000.000000,0.000000,,0.000000,1261000000.000000,1777000000.000000,0.221000,1777000000.000000,1261000000.000000,1261000000.000000,0.340000,0.340000,0.340000,8248000000.000000,7819000000.000000,8248000000.000000,,,,1728000000.000000,1.419000,1.000000,4218000000.000000,0.526000,3345000000.000000,0.000000,4181000000.000000,3515500000.000000,0.000000,3646000000.000000,3615000000.000000,31000000.000000,13669000000.000000,13283000000.000000,386000000.000000,597000000.000000,-364000000.000000,0.000000,-21000000.000000,0.000000,1284000000.000000,-2881000000.000000,-2001000000.000000,2220000000.000000,-26000000.000000,419000000.000000,419000000.000000,419000000.000000,0.000000,0.000000,0.052000,2950000000.000000,1268000000.000000,10727000000.000000,0.000000,,,,922000000.000000,0.000000,,,,11371000000.000000,0.000000,8025000000.000000,8025000000.000000,747000000.000000,0.020000,0.054000,0.359000,0.157000,258000000.000000,1687000000.000000,1.000000,1218735605.000000,1218000000.000000,1224000000.000000,6.589000,18572000000.000000,0.000000,842000000.000000,415000000.000000,15.248000
MRT,2015-03-31,2015-03-31,2015-03-31,2015-Q1,,,2025-04-29,,,,,,,,,,,3911000000.000000,1056000000.000000,,,,,,,,,,,0.000000,1270000000.000000,,,,1270000000.000000,1270000000.000000,0.860000,0.860000,0.860000,,,,,,,,,1.000000,4377000000.000000,0.528000,,0.000000,,,,,,,,,,,,,,,,,,,,1056000000.000000,1056000000.000000,1056000000.000000,0.000000,0.000000,0.127000,3105000000.000000,1272000000.000000,,0.000000,,,,,0.000000,,,,,,8288000000.000000,8288000000.000000,734000000.000000,,,,0.153000,,1796000000.000000,1.000000,1218735605.000000,1218000000.000000,1224000000.000000,6.805000,,,214000000.000000,,
MRT,2015-06-30,2015-06-30,2015-06-30,2015-Q2,7129000000.000000,,2025-04-29,24000000.000000,26911000000.000000,,19713000000.000000,7198000000.000000,,10.460000,-710000000.000000,2562000000.000000,2562000000.000000,4076000000.000000,1080000000.000000,1.567000,1.112000,0.000000,0.000000,0.000000,0.000000,0.000000,552000000.000000,0.000000,,0.000000,1343000000.000000,1895000000.000000,0.220000,1895000000.000000,1343000000.000000,1343000000.000000,0.880000,0.880000,0.880000,12740000000.000000,,12740000000.000000,,,,1691000000.000000,1.388000,1.000000,4526000000.000000,0.526000,3595000000.000000,0.000000,8170000000.000000,,0.000000,7256000000.000000,4998000000.000000,2258000000.000000,14171000000.000000,12584000000.000000,1587000000.000000,466000000.000000,-636000000.000000,0.000000,-807000000.000000,0.000000,5073000000.000000,-6957000000.000000,-6376000000.000000,2401000000.000000,-51000000.000000,1080000000.000000,1080000000.000000,1080000000.000000,0.000000,0.000000,0.126000,3186000000.000000,1340000000.000000,11676000000.000000,0.000000,,,,1291000000.000000,0.000000,,,,11570000000.000000,,8602000000.000000,8602000000.000000,715000000.000000,,,,0.156000,294000000.000000,1870000000.000000,1.000000,1218735605.000000,1218000000.000000,1224000000.000000,7.062000,23316000000.000000,0.000000,263000000.000000,31000000.000000,19.143000
MRT,2015-09-30,2015-09-30,2015-09-30,2015-Q3,7482000000.000000,37823459501.000000,2025-04-29,3000000.000000,27896000000.000000,,20554000000.000000,7342000000.000000,,10.822000,-655000000.000000,1880000000.000000,1880000000.000000,4238000000.000000,1147000000.000000,1.572000,1.111000,0.000000,0.000000,0.000000,0.000000,0.000000,576000000.000000,0.000000,0.000000,0.000000,1417000000.000000,1993000000.000000,0.224000,1993000000.000000,1417000000.000000,1417000000.000000,0.940000,0.940000,0.940000,13214000000.000000,,13214000000.000000,35261459501.000000,25.000000,17.693000,1794000000.000000,1.469000,1.000000,4647000000.000000,0.523000,3589000000.000000,0.000000,9355000000.000000,,0.000000,8413000000.000000,6021000000.000000,2392000000.000000,14682000000.000000,13072000000.000000,1610000000.000000,-379000000.000000,-646000000.000000,36000000.000000,-837000000.000000,0.000000,5536000000.000000,-8314000000.000000,-7303000000.000000,2449000000.000000,-50000000.000000,1147000000.000000,1147000000.000000,1147000000.000000,0.000000,0.000000,0.129000,3249000000.000000,1398000000.000000,11916000000.000000,0.000000,2.862000,32.976000,33.016000,1298000000.000000,0.000000,31.035000,4.257000,4.265000,11975000000.000000,301000000.000000,8885000000.000000,8885000000.000000,680000000.000000,,,,0.159000,307000000.000000,1944000000.000000,1.000000,1218735605.000000,1221000000.000000,1227000000.000000,7.277000,24307000000.000000,0.000000,270000000.000000,67000000.000000,19.907000
MRT,2015-12-31,2015-12-31,2015-12-31,2015-Q4,7031000000.000000,44225180172.000000,2025-04-29,-9000000.000000,28881000000.000000,25399000000.000000,20648000000.000000,8233000000.000000,0.364000,11.259000,-696000000.000000,1393000000.000000,1393000000.000000,4529000000.000000,1228000000.000000,1.516000,1.099000,0.000000,0.000000,0.000000,0.000000,0.000000,608000000.000000,0.000000,0.000000,0.000000,1488000000.000000,2096000000.000000,0.227000,2096000000.000000,1488000000.000000,1488000000.000000,1.000000,1.000000,1.000000,13759000000.000000,11003500000.000000,13759000000.000000,42345180172.000000,28.000000,20.203000,1850000000.000000,1.514000,1.000000,4719000000.000000,0.510000,4427000000.000000,0.000000,9444000000.000000,6812500000.000000,0.000000,8550000000.000000,6202000000.000000,2348000000.000000,15122000000.000000,13617000000.000000,1505000000.000000,-808000000.000000,-650000000.000000,75000000.000000,-862000000.000000,0.000000,4728000000.000000,-8038000000.000000,-6297000000.000000,2546000000.000000,-44000000.000000,1228000000.000000,1228000000.000000,1228000000.000000,0.000000,0.000000,0.133000,3258000000.000000,1461000000.000000,12406000000.000000,0.000000,3.214000,36.014000,36.200000,1344000000.000000,0.000000,36.200000,4.782000,4.783000,12398000000.000000,668000000.000000,9248000000.000000,9248000000.000000,792000000.000000,0.048000,0.112000,0.218000,0.161000,320000000.000000,1810000000.000000,1.000000,1221690060.000000,1222000000.000000,1229000000.000000,7.568000,24454000000.000000,0.000000,260000000.000000,1537000000.000000,20.011000
MRT,2016-03-31,2016-03-31,2016-03-31,2016-Q1,7606000000.000000,47195289817.000000,2025-04-29,-27000000.000000,29470000000.000000,28289500000.000000,21968000000.000000,7502000000.000000,0.341000,11.183000,-635000000.000000,2583000000.000000,2583000000.000000,4830000000.000000,1338000000.000000,1.530000,1.167000,0.000000,0.000000,0.000000,0.000000,0.000000,641000000.000000,0.000000,0.000000,0.000000,1589000000.000000,2230000000.000000,0.231000,2230000000.000000,1589000000.000000,1589000000.000000,1.090000,1.100000,1.090000,13598000000.000000,13327750000.000000,13598000000.000000,45802289817.000000,29.000000,20.539000,2105000000.000000,1.731000,1.000000,4825000000.000000,0.500000,4391000000.000000,0.000000,8134000000.000000,8775750000.000000,0.000000,8069000000.000000,6408000000.000000,1661000000.000000,15872000000.000000,14362000000.000000,1510000000.000000,218000000.000000,-669000000.000000,-515000000.000000,-764000000.000000,0.000000,4602000000.000000,-7126000000.000000,-6446000000.000000,2740000000.000000,2000000.000000,1338000000.000000,1338000000.000000,1338000000.000000,0.000000,0.000000,0.139000,3279000000.000000,1546000000.000000,13190000000.000000,0.000000,3.471000,35.273000,35.413000,1345000000.000000,0.000000,38.600000,4.888000,4.861000,12391000000.000000,1033000000.000000,9655000000.000000,9655000000.000000,802000000.000000,0.047000,0.100000,0.181000,0.165000,343000000.000000,1835000000.000000,1.000000,1222675902.000000,1216000000.000000,1225000000.000000,7.940000,25079000000.000000,0.000000,251000000.000000,1537000000.000000,20.624000
MRT,2016-06-30,2016-06-30,2016-06-30,2016-Q2,8234000000.000000,44251093466.000000,2025-04-29,52000000.000000,30631000000.000000,29219500000.000000,23457000000.000000,7174000000.000000,0.343000,11.419000,-616000000.000000,2018000000.000000,2018000000.000000,5116000000.000000,1356000000.000000,1.541000,1.217000,0.000000,0.000000,0.000000,0.000000,0.000000,667000000.000000,0.000000,0.000000,0.000000,1570000000.000000,2237000000.000000,0.224000,2237000000.000000,1570000000.000000,1570000000.000000,1.110000,1.120000,1.110000,13817000000.000000,13597000000.000000,13817000000.000000,41668093466.000000,27.000000,18.627000,2198000000.000000,1.817000,1.000000,4892000000.000000,0.489000,4350000000.000000,0.000000,9040000000.000000,8993250000.000000,0.000000,8761000000.000000,7446000000.000000,1315000000.000000,16814000000.000000,15223000000.000000,1591000000.000000,-544000000.000000,-396000000.000000,-764000000.000000,-10000000.000000,0.000000,1639000000.000000,-4993000000.000000,-3019000000.000000,2814000000.000000,-4000000.000000,1356000000.000000,1356000000.000000,1356000000.000000,0.000000,0.000000,0.135000,3373000000.000000,1519000000.000000,14003000000.000000,0.000000,3.203000,32.634000,32.892000,1412000000.000000,0.000000,36.510000,4.422000,4.414000,13201000000.000000,1356000000.000000,10008000000.000000,10008000000.000000,809000000.000000,0.046000,0.100000,0.175000,0.157000,348000000.000000,1897000000.000000,1.000000,1212026663.000000,1210000000.000000,1215000000.000000,8.271000,26281000000.000000,0.000000,214000000.000000,1630000000.000000,21.720000
MRT,2016-09-30,2016-09-30,2016-09-30,2016-Q3,8545000000.000000,49447431238.000000,2025-04-29,39000000.000000,31356000000.000000,30084500000.000000,24161000000.000000,7195000000.000000,0.346000,11.758000,-681000000.000000,1369000000.000000,1369000000.000000,5406000000.000000,1378000000.000000,1.547000,1.209000,0.000000,0.000000,0.000000,0.000000,0.000000,699000000.000000,0.000000,0.000000,0.000000,1580000000.000000,2279000000.000000,0.219000,2279000000.000000,1580000000.000000,1580000000.000000,1.130000,1.140000,1.130000,14192000000.000000,13841500000.000000,14192000000.000000,47429431238.000000,30.000000,20.812000,2282000000.000000,1.891000,1.000000,5011000000.000000,0.481000,4313000000.000000,0.000000,10058000000.000000,9169000000.000000,0.000000,9873000000.000000,8534000000.000000,1339000000.000000,17164000000.000000,15616000000.000000,1548000000.000000,-511000000.000000,-386000000.000000,-848000000.000000,-6000000.000000,0.000000,1399000000.000000,-4886000000.000000,-3730000000.000000,2963000000.000000,13000000.000000,1378000000.000000,1378000000.000000,1378000000.000000,0.000000,0.000000,0.132000,3474000000.000000,1537000000.000000,14294000000.000000,0.000000,3.484000,35.883000,36.257000,1451000000.000000,0.000000,40.970000,4.747000,4.747000,13507000000.000000,1679000000.000000,10417000000.000000,10417000000.000000,827000000.000000,0.046000,0.100000,0.172000,0.152000,365000000.000000,1949000000.000000,1.000000,1206918019.000000,1207000000.000000,1214000000.000000,8.630000,27043000000.000000,0.000000,202000000.000000,1598000000.000000,22.405000
MRT,2016-12-31,2016-12-31,2016-12-31,2016-Q4,8855000000.000000,47626314305.000000,2025-04-29,59000000.000000,33103000000.000000,31140000000.000000,25733000000.000000,7370000000.000000,0.348000,12.159000,-669000000.000000,1590000000.000000,1590000000.000000,5701000000.000000,1401000000.000000,1.525000,1.250000,0.000000,0.000000,0.000000,0.000000,0.000000,724000000.000000,0.000000,0.000000,0.000000,1631000000.000000,2355000000.000000,0.217000,2355000000.000000,1631000000.000000,1631000000.000000,1.160000,1.150000,1.160000,14712000000.000000,14079750000.000000,14712000000.000000,46257314305.000000,28.000000,19.642000,2489000000.000000,2.057000,1.000000,5141000000.000000,0.474000,4270000000.000000,0.000000,10365000000.000000,9399250000.000000,0.000000,10272000000.000000,8733000000.000000,1539000000.000000,18391000000.000000,16878000000.000000,1513000000.000000,-708000000.000000,-19000000.000000,-886000000.000000,-21000000.000000,0.000000,2038000000.000000,-5904000000.000000,-4135000000.000000,3158000000.000000,0.000000,1401000000.000000,1401000000.000000,1401000000.000000,0.000000,0.000000,0.129000,3555000000.000000,1586000000.000000,15355000000.000000,0.000000,3.237000,33.995000,34.026000,1482000000.000000,0.000000,39.470000,4.393000,4.405000,14577000000.000000,2069000000.000000,10842000000.000000,10842000000.000000,834000000.000000,0.045000,0.100000,0.174000,0.150000,398000000.000000,1997000000.000000,1.000000,1206645916.000000,1210000000.000000,1218000000.000000,8.960000,28833000000.000000,0.000000,230000000.000000,1577000000.000000,23.829000
MRT,2017-03-31,2017-03-31,2017-03-31,2017-Q1,8139000000.000000,51950230727.000000,2025-04-29,2000000.000000,33493000000.000000,32145750000.000000,25425000000.000000,8068000000.000000,0.351000,12.158000,-684000000.000000,1240000000.000000,1240000000.000000,6002000000.000000,1420000000.000000,1.471000,1.290000,0.000000,0.000000,0.000000,0.000000,0.000000,733000000.000000,0.000000,0.000000,0.000000,1647000000.000000,2380000000.000000,0.211000,2380000000.000000,1647000000.000000,1647000000.000000,1.190000,1.180000,1.190000,14626000000.000000,14336750000.000000,14626000000.000000,50360230727.000000,31.000000,21.160000,2487000000.000000,2.067000,1.000000,5271000000.000000,0.468000,4244000000.000000,0.000000,10723000000.000000,10046500000.000000,0.000000,10494000000.000000,8169000000.000000,2325000000.000000,18867000000.000000,17286000000.000000,1581000000.000000,-2433000000.000000,0.000000,-801000000.000000,0.000000,0.000000,1871000000.000000,-7472000000.000000,-5782000000.000000,3171000000.000000,-3000000.000000,1420000000.000000,1420000000.000000,1420000000.000000,0.000000,0.000000,0.126000,3661000000.000000,1610000000.000000,15905000000.000000,0.000000,3.552000,36.585000,36.151000,1448000000.000000,0.000000,43.020000,4.608000,4.591000,15119000000.000000,2412000000.000000,11273000000.000000,11273000000.000000,853000000.000000,0.044000,0.099000,0.164000,0.146000,449000000.000000,2036000000.000000,1.000000,1207583234.000000,1203000000.000000,1216000000.000000,9.371000,29249000000.000000,0.000000,227000000.000000,1662000000.000000,24.313000
MRT,2017-06-30,2017-06-30,2017-06-30,2017-Q2,8394000000.000000,64471542568.000000,2025-04-29,-98000000.000000,35290000000.000000,33310500000.000000,27035000000.000000,8255000000.000000,0.353000,12.478000,-657000000.000000,1271000000.000000,1271000000.000000,6326000000.000000,1508000000.000000,1.450000,1.353000,0.000000,0.000000,0.000000,0.000000,0.000000,758000000.000000,0.000000,0.000000,0.000000,1714000000.000000,2472000000.000000,0.210000,2472000000.000000,1714000000.000000,1714000000.000000,1.260000,1.250000,1.260000,14998000000.000000,14632000000.000000,14998000000.000000,63231542568.000000,37.000000,25.579000,2739000000.000000,2.279000,1.000000,5433000000.000000,0.462000,4205000000.000000,0.000000,11173000000.000000,10579750000.000000,0.000000,11083000000.000000,8572000000.000000,2511000000.000000,20292000000.000000,18641000000.000000,1651000000.000000,-1622000000.000000,0.000000,-567000000.000000,-6000000.000000,0.000000,2369000000.000000,-7395000000.000000,-5832000000.000000,3396000000.000000,8000000.000000,1508000000.000000,1508000000.000000,1508000000.000000,0.000000,0.000000,0.128000,3764000000.000000,1669000000.000000,17149000000.000000,0.000000,4.299000,42.753000,42.595000,1479000000.000000,0.000000,53.670000,5.483000,5.486000,16354000000.000000,2824000000.000000,11759000000.000000,11759000000.000000,876000000.000000,0.045000,0.103000,0.162000,0.146000,545000000.000000,2091000000.000000,1.000000,1201258479.000000,1202000000.000000,1215000000.000000,9.783000,31085000000.000000,0.000000,206000000.000000,1736000000.000000,25.861000
MRT,2017-09-30,2017-09-30,2017-09-30,2017-Q3,8734000000.000000,76989481447.000000,2025-04-29,-142000000.000000,37761000000.000000,34911750000.000000,29437000000.000000,8324000000.000000,0.353000,12.839000,-639000000.000000,2330000000.000000,2330000000.000000,6711000000.000000,1565000000.000000,1.422000,1.447000,0.000000,0.000000,0.000000,0.000000,0.000000,767000000.000000,0.000000,0.000000,0.000000,1805000000.000000,2572000000.000000,0.209000,2572000000.000000,1805000000.000000,1805000000.000000,1.310000,1.290000,1.310000,15432000000.000000,14942000000.000000,15432000000.000000,75718481447.000000,42.000000,29.440000,2962000000.000000,2.464000,1.000000,5620000000.000000,0.456000,4552000000.000000,0.000000,10176000000.000000,10609250000.000000,0.000000,11129000000.000000,8912000000.000000,2217000000.000000,22329000000.000000,20703000000.000000,1626000000.000000,833000000.000000,-323000000.000000,-605000000.000000,620000000.000000,0.000000,3570000000.000000,-6357000000.000000,-3233000000.000000,3601000000.000000,19000000.000000,1565000000.000000,1565000000.000000,1565000000.000000,0.000000,0.000000,0.127000,3876000000.000000,1744000000.000000,18949000000.000000,0.000000,4.989000,49.195000,48.878000,1485000000.000000,0.000000,64.030000,6.244000,6.242000,17476000000.000000,3204000000.000000,12331000000.000000,12331000000.000000,901000000.000000,0.045000,0.105000,0.170000,0.146000,635000000.000000,2168000000.000000,1.000000,1202397024.000000,1202000000.000000,1223000000.000000,10.259000,33209000000.000000,0.000000,240000000.000000,1715000000.000000,27.628000
MRT,2017-12-31,2017-12-31,2017-12-31,2017-Q4,9782000000.000000,88484637317.000000,2025-04-29,-142000000.000000,40774000000.000000,36829500000.000000,32645000000.000000,8129000000.000000,0.356000,13.295000,-667000000.000000,2883000000.000000,2883000000.000000,6695000000.000000,1795000000.000000,1.428000,1.549000,1000000000.000000,1000000000.000000,0.000000,1000000000.000000,0.000000,805000000.000000,0.000000,0.000000,0.000000,2200000000.000000,3005000000.000000,0.229000,3005000000.000000,2200000000.000000,2200000000.000000,1.490000,1.470000,1.490000,15994000000.000000,15262500000.000000,15994000000.000000,86154637317.000000,39.000000,28.670000,1864000000.000000,1.549000,1.000000,6399000000.000000,0.489000,4507000000.000000,0.000000,11521000000.000000,10898250000.000000,0.000000,12485000000.000000,10524000000.000000,1961000000.000000,24780000000.000000,22863000000.000000,1917000000.000000,2166000000.000000,-323000000.000000,-862000000.000000,820000000.000000,0.000000,4084000000.000000,-4485000000.000000,-1890000000.000000,2531000000.000000,36000000.000000,1795000000.000000,1795000000.000000,1795000000.000000,0.000000,0.000000,0.137000,4272000000.000000,2127000000.000000,19999000000.000000,0.000000,5.532000,49.295000,49.409000,1528000000.000000,0.000000,73.620000,6.758000,6.764000,18525000000.000000,3823000000.000000,13094000000.000000,13094000000.000000,1740000000.000000,0.049000,0.118000,0.202000,0.168000,733000000.000000,2400000000.000000,1.000000,1201910314.000000,1203000000.000000,1221000000.000000,10.884000,36267000000.000000,0.000000,405000000.000000,2000000000.000000,30.147000
MRT,2018-03-31,2018-03-31,2018-03-31,2018-Q1,9028000000.000000,91056169927.000000,2025-04-29,-169000000.000000,42322000000.000000,39036750000.000000,34742000000.000000,7580000000.000000,0.354000,12.283000,-697000000.000000,2879000000.000000,2879000000.000000,7013000000.000000,1922000000.000000,1.351000,1.891000,3000000000.000000,3000000000.000000,0.000000,3000000000.000000,0.000000,807000000.000000,0.000000,0.000000,0.000000,2310000000.000000,3117000000.000000,0.226000,3117000000.000000,2310000000.000000,2310000000.000000,1.600000,1.580000,1.600000,14641000000.000000,15266250000.000000,14641000000.000000,89173169927.000000,39.000000,28.609000,734000000.000000,0.616000,1.000000,6791000000.000000,0.492000,4476000000.000000,0.000000,12253000000.000000,11280750000.000000,0.000000,13030000000.000000,11543000000.000000,1487000000.000000,27681000000.000000,25714000000.000000,1967000000.000000,3143000000.000000,-323000000.000000,-2169000000.000000,2895000000.000000,0.000000,4931000000.000000,-3237000000.000000,-474000000.000000,1431000000.000000,18000000.000000,1922000000.000000,1922000000.000000,1922000000.000000,0.000000,0.000000,0.139000,4561000000.000000,2230000000.000000,20849000000.000000,0.000000,6.219000,47.376000,47.419000,1523000000.000000,0.000000,75.870000,6.596000,6.552000,19420000000.000000,4334000000.000000,13804000000.000000,13804000000.000000,1974000000.000000,0.049000,0.126000,0.205000,0.167000,793000000.000000,2525000000.000000,1.000000,1200160405.000000,1192000000.000000,1217000000.000000,11.581000,37846000000.000000,0.000000,388000000.000000,2065000000.000000,31.750000
MRT,2018-06-30,2018-06-30,2018-06-30,2018-Q2,9375000000.000000,98873700918.000000,2025-04-29,36000000.000000,41677000000.000000,40633500000.000000,34184000000.000000,7493000000.000000,0.357000,12.653000,-721000000.000000,2840000000.000000,2840000000.000000,7340000000.000000,2037000000.000000,1.378000,1.775000,2000000000.000000,2000000000.000000,0.000000,2000000000.000000,0.000000,786000000.000000,0.000000,0.000000,0.000000,2472000000.000000,3258000000.000000,0.224000,3258000000.000000,2472000000.000000,2472000000.000000,1.700000,1.680000,1.700000,15019000000.000000,15271500000.000000,15019000000.000000,98994700918.000000,40.000000,30.385000,-183000000.000000,-0.154000,1.000000,7185000000.000000,0.495000,4456000000.000000,0.000000,11572000000.000000,11380500000.000000,0.000000,12167000000.000000,10798000000.000000,1369000000.000000,26658000000.000000,24809000000.000000,1849000000.000000,2092000000.000000,-339000000.000000,-2589000000.000000,1825000000.000000,0.000000,2554000000.000000,-950000000.000000,1210000000.000000,538000000.000000,-50000000.000000,2037000000.000000,2037000000.000000,2037000000.000000,0.000000,0.000000,0.140000,4813000000.000000,2372000000.000000,20889000000.000000,0.000000,6.583000,48.539000,48.982000,1567000000.000000,0.000000,83.270000,6.807000,6.805000,19471000000.000000,4860000000.000000,14525000000.000000,14525000000.000000,2183000000.000000,0.050000,0.133000,0.217000,0.170000,822000000.000000,2653000000.000000,1.000000,1187386825.000000,1187000000.000000,1202000000.000000,12.237000,37221000000.000000,0.000000,435000000.000000,1933000000.000000,31.357000
MRT,2018-09-30,2018-09-30,2018-09-30,2018-Q3,7350000000.000000,103973793103.000000,2025-04-29,66000000.000000,43724000000.000000,42124250000.000000,33990000000.000000,9734000000.000000,0.355000,12.798000,-779000000.000000,8147000000.000000,8147000000.000000,7540000000.000000,2093000000.000000,1.276000,1.893000,2000000000.000000,2000000000.000000,0.000000,2000000000.000000,0.000000,780000000.000000,0.000000,0.000000,0.000000,2554000000.000000,3334000000.000000,0.223000,3334000000.000000,2554000000.000000,2554000000.000000,1.750000,1.730000,1.750000,15115000000.000000,15192250000.000000,15115000000.000000,103133793103.000000,40.000000,30.934000,3423000000.000000,2.898000,1.000000,7429000000.000000,0.496000,6738000000.000000,0.000000,4199000000.000000,9886250000.000000,0.000000,4498000000.000000,3552000000.000000,946000000.000000,28609000000.000000,26640000000.000000,1969000000.000000,6133000000.000000,-2136000000.000000,-3098000000.000000,1174000000.000000,0.000000,2164000000.000000,-145000000.000000,4341000000.000000,4202000000.000000,-88000000.000000,2093000000.000000,2093000000.000000,2093000000.000000,0.000000,0.000000,0.140000,4990000000.000000,2439000000.000000,22698000000.000000,0.000000,6.879000,49.677000,50.194000,1646000000.000000,0.000000,87.840000,6.946000,6.930000,21363000000.000000,5296000000.000000,14969000000.000000,14969000000.000000,2395000000.000000,0.050000,0.138000,0.258000,0.171000,842000000.000000,2784000000.000000,1.000000,1183672508.000000,1181000000.000000,1199000000.000000,12.675000,36986000000.000000,0.000000,461000000.000000,2045000000.000000,31.318000
MRT,2018-12-31,2018-12-31,2018-12-31,2018-Q4,7059000000.000000,99088215710.000000,2025-04-29,78000000.000000,43332000000.000000,42763750000.000000,32963000000.000000,10369000000.000000,0.361000,12.995000,-820000000.000000,7575000000.000000,7575000000.000000,8262000000.000000,2057000000.000000,1.273000,1.816000,1998000000.000000,1998000000.000000,0.000000,1998000000.000000,0.000000,776000000.000000,0.000000,0.000000,0.000000,2376000000.000000,3152000000.000000,0.204000,3152000000.000000,2376000000.000000,2376000000.000000,1.740000,1.710000,1.740000,15386000000.000000,15040250000.000000,15386000000.000000,92941215710.000000,39.000000,29.486000,4660000000.000000,3.936000,1.000000,7189000000.000000,0.465000,7109000000.000000,0.000000,4742000000.000000,8191500000.000000,0.000000,5037000000.000000,4066000000.000000,971000000.000000,27946000000.000000,25904000000.000000,2042000000.000000,4948000000.000000,-2124000000.000000,-3376000000.000000,960000000.000000,0.000000,-1240000000.000000,821000000.000000,2638000000.000000,5480000000.000000,-113000000.000000,2057000000.000000,2057000000.000000,2057000000.000000,0.000000,0.000000,0.133000,4995000000.000000,2194000000.000000,21843000000.000000,0.000000,6.440000,48.171000,48.328000,1724000000.000000,0.000000,84.090000,6.413000,6.444000,20375000000.000000,5880000000.000000,15451000000.000000,15451000000.000000,1831000000.000000,0.048000,0.137000,0.290000,0.154000,853000000.000000,2855000000.000000,1.000000,1178359088.000000,1184000000.000000,1203000000.000000,13.050000,36223000000.000000,0.000000,319000000.000000,2103000000.000000,30.594000
MRT,2019-03-31,2019-03-31,2019-03-31,2019-Q1,6256000000.000000,121826060669.000000,2025-04-29,-25000000.000000,46280000000.000000,43753250000.000000,34891000000.000000,11389000000.000000,0.363000,12.944000,-860000000.000000,4515000000.000000,4515000000.000000,8618000000.000000,2213000000.000000,1.218000,2.053000,1999000000.000000,1999000000.000000,0.000000,1999000000.000000,0.000000,821000000.000000,0.000000,0.000000,0.000000,2545000000.000000,3366000000.000000,0.212000,3366000000.000000,2545000000.000000,2545000000.000000,1.880000,1.850000,1.880000,15157000000.000000,15169250000.000000,15157000000.000000,116249060669.000000,46.000000,34.536000,5996000000.000000,5.120000,1.000000,7276000000.000000,0.458000,6984000000.000000,0.000000,8145000000.000000,7164500000.000000,0.000000,7885000000.000000,6190000000.000000,1695000000.000000,31123000000.000000,28635000000.000000,2488000000.000000,2176000000.000000,-2124000000.000000,-2313000000.000000,-1115000000.000000,0.000000,-531000000.000000,-4044000000.000000,417000000.000000,6856000000.000000,-105000000.000000,2213000000.000000,2213000000.000000,2213000000.000000,0.000000,0.000000,0.139000,5098000000.000000,2178000000.000000,24464000000.000000,0.000000,8.038000,55.050000,55.234000,1731000000.000000,0.000000,103.840000,7.665000,7.650000,23147000000.000000,6550000000.000000,15894000000.000000,15894000000.000000,1894000000.000000,0.051000,0.146000,0.355000,0.160000,895000000.000000,2975000000.000000,1.000000,1173209367.000000,1171000000.000000,1188000000.000000,13.573000,39296000000.000000,0.000000,332000000.000000,2563000000.000000,33.558000
MRT,2019-06-30,2019-06-30,2019-06-30,2019-Q2,6588000000.000000,134482832668.000000,2025-04-29,-28000000.000000,48391000000.000000,45431750000.000000,36435000000.000000,11956000000.000000,0.360000,13.735000,-801000000.000000,4909000000.000000,4909000000.000000,8928000000.000000,2510000000.000000,1.221000,1.998000,2499000000.000000,2499000000.000000,0.000000,2499000000.000000,0.000000,869000000.000000,0.000000,0.000000,0.000000,2879000000.000000,3748000000.000000,0.229000,3748000000.000000,2879000000.000000,2879000000.000000,2.140000,2.100000,2.140000,16139000000.000000,15449250000.000000,16139000000.000000,131966832668.000000,46.000000,35.210000,7201000000.000000,6.129000,1.000000,7414000000.000000,0.454000,6935000000.000000,0.000000,9199000000.000000,6571250000.000000,0.000000,8950000000.000000,6672000000.000000,2278000000.000000,32252000000.000000,29847000000.000000,2405000000.000000,4052000000.000000,-2108000000.000000,-1811000000.000000,461000000.000000,0.000000,1800000000.000000,-5699000000.000000,-801000000.000000,8002000000.000000,-51000000.000000,2510000000.000000,2510000000.000000,2510000000.000000,0.000000,0.000000,0.154000,5103000000.000000,2311000000.000000,25272000000.000000,0.000000,8.333000,53.579000,53.486000,1720000000.000000,0.000000,114.460000,8.229000,8.230000,23952000000.000000,7373000000.000000,16342000000.000000,16342000000.000000,1936000000.000000,0.055000,0.162000,0.438000,0.176000,913000000.000000,3056000000.000000,1.000000,1174933013.000000,1175000000.000000,1187000000.000000,13.908000,41456000000.000000,0.000000,369000000.000000,2459000000.000000,35.282000
MRT,2019-09-30,2019-09-30,2019-09-30,2019-Q3,11408000000.000000,121891806240.000000,2025-04-29,-52000000.000000,50223000000.000000,47056500000.000000,37748000000.000000,12475000000.000000,0.362000,14.028000,-734000000.000000,6877000000.000000,6877000000.000000,9348000000.000000,2536000000.000000,1.433000,2.047000,4964000000.000000,0.000000,4964000000.000000,4964000000.000000,0.000000,908000000.000000,0.000000,0.000000,0.000000,2830000000.000000,3738000000.000000,0.219000,3738000000.000000,2830000000.000000,2830000000.000000,2.160000,2.130000,2.160000,16483000000.000000,15791250000.000000,16483000000.000000,119481806240.000000,42.000000,31.964000,3694000000.000000,3.144000,1.000000,7689000000.000000,0.451000,6807000000.000000,0.000000,15163000000.000000,9312250000.000000,0.000000,9833000000.000000,7062000000.000000,2771000000.000000,33740000000.000000,26340000000.000000,7400000000.000000,1215000000.000000,12000000.000000,-1562000000.000000,2948000000.000000,0.000000,2090000000.000000,-5230000000.000000,-4770000000.000000,4428000000.000000,-73000000.000000,2536000000.000000,2536000000.000000,2536000000.000000,0.000000,0.000000,0.149000,5171000000.000000,2518000000.000000,24204000000.000000,0.000000,7.395000,48.065000,47.958000,1701000000.000000,0.000000,103.590000,7.155000,7.144000,22928000000.000000,7835000000.000000,17037000000.000000,17037000000.000000,2017000000.000000,0.054000,0.161000,0.304000,0.166000,966000000.000000,3071000000.000000,1.000000,1176675415.000000,1175000000.000000,1188000000.000000,14.500000,43416000000.000000,0.000000,294000000.000000,2534000000.000000,36.950000
MRT,2019-12-31,2019-12-31,2019-12-31,2019-Q4,11576000000.000000,127012397208.000000,2025-04-29,-173000000.000000,51333000000.000000,49056750000.000000,38495000000.000000,12838000000.000000,0.362000,14.382000,-687000000.000000,7349000000.000000,7349000000.000000,9785000000.000000,2459000000.000000,1.430000,2.038000,4965000000.000000,0.000000,4965000000.000000,4965000000.000000,0.000000,912000000.000000,0.000000,0.000000,0.000000,2998000000.000000,3910000000.000000,0.220000,3910000000.000000,2998000000.000000,2998000000.000000,2.090000,2.070000,2.090000,16885000000.000000,16166000000.000000,16885000000.000000,125099397208.000000,42.000000,31.995000,3384000000.000000,2.882000,1.000000,7987000000.000000,0.449000,6990000000.000000,0.000000,15040000000.000000,11886750000.000000,0.000000,10247000000.000000,7384000000.000000,2863000000.000000,34404000000.000000,26919000000.000000,7485000000.000000,2510000000.000000,-70000000.000000,-1273000000.000000,2955000000.000000,0.000000,4187000000.000000,-5742000000.000000,-4634000000.000000,4071000000.000000,-6000000.000000,2459000000.000000,2459000000.000000,2459000000.000000,0.000000,0.000000,0.138000,5268000000.000000,2719000000.000000,24759000000.000000,0.000000,7.522000,51.652000,51.756000,1693000000.000000,0.000000,108.170000,7.147000,7.146000,22962000000.000000,8342000000.000000,17772000000.000000,17772000000.000000,2085000000.000000,0.050000,0.152000,0.252000,0.169000,1021000000.000000,3112000000.000000,1.000000,1174192449.000000,1174000000.000000,1188000000.000000,15.138000,44343000000.000000,0.000000,539000000.000000,2593000000.000000,37.771000
MRT,2020-03-31,2020-03-31,2020-03-31,2020-Q1,10735000000.000000,112298758134.000000,2025-04-29,-120000000.000000,54266000000.000000,51053250000.000000,38184000000.000000,16082000000.000000,0.358000,13.612000,-556000000.000000,7854000000.000000,7854000000.000000,10236000000.000000,1876000000.000000,1.391000,2.396000,7967000000.000000,0.000000,7967000000.000000,7967000000.000000,0.000000,975000000.000000,0.000000,0.000000,0.000000,2544000000.000000,3519000000.000000,0.193000,3519000000.000000,2544000000.000000,2544000000.000000,1.590000,1.580000,1.590000,15967000000.000000,16368500000.000000,15967000000.000000,109914758134.000000,43.000000,31.235000,3909000000.000000,3.332000,1.000000,8026000000.000000,0.439000,10493000000.000000,0.000000,16437000000.000000,13959750000.000000,0.000000,8410000000.000000,6044000000.000000,2366000000.000000,38255000000.000000,27449000000.000000,10806000000.000000,5839000000.000000,-3682000000.000000,-1323000000.000000,5955000000.000000,0.000000,4995000000.000000,-3436000000.000000,-635000000.000000,4465000000.000000,-185000000.000000,1876000000.000000,1876000000.000000,1876000000.000000,0.000000,0.000000,0.103000,5427000000.000000,2599000000.000000,25034000000.000000,0.000000,7.033000,59.861000,60.214000,1646000000.000000,0.000000,95.740000,6.149000,6.150000,23229000000.000000,8258000000.000000,18262000000.000000,18262000000.000000,2179000000.000000,0.037000,0.115000,0.182000,0.139000,1057000000.000000,3221000000.000000,1.000000,1172955485.000000,1173000000.000000,1185000000.000000,15.569000,43773000000.000000,0.000000,668000000.000000,2978000000.000000,37.317000
MRT,2020-06-30,2020-06-30,2020-06-30,2020-Q2,12771000000.000000,204542824099.000000,2025-04-29,-170000000.000000,63166000000.000000,54747000000.000000,46500000000.000000,16666000000.000000,0.351000,15.038000,-609000000.000000,6353000000.000000,6353000000.000000,10598000000.000000,2583000000.000000,1.379000,2.578000,8934000000.000000,0.000000,8934000000.000000,8934000000.000000,0.000000,1044000000.000000,0.000000,0.000000,0.000000,3400000000.000000,4444000000.000000,0.231000,4444000000.000000,3400000000.000000,3400000000.000000,2.190000,2.180000,2.190000,17640000000.000000,16743750000.000000,17640000000.000000,204655824099.000000,60.000000,46.052000,4454000000.000000,3.797000,1.000000,8620000000.000000,0.449000,10372000000.000000,0.000000,21646000000.000000,17071500000.000000,0.000000,13005000000.000000,9830000000.000000,3175000000.000000,45482000000.000000,33729000000.000000,11753000000.000000,6030000000.000000,-3682000000.000000,-1520000000.000000,6421000000.000000,0.000000,10913000000.000000,-9869000000.000000,-6296000000.000000,5063000000.000000,-77000000.000000,2583000000.000000,2583000000.000000,2583000000.000000,0.000000,0.000000,0.134000,5775000000.000000,2845000000.000000,31283000000.000000,0.000000,11.595000,79.188000,79.557000,1717000000.000000,0.000000,174.230000,10.643000,10.634000,29477000000.000000,9788000000.000000,19218000000.000000,19218000000.000000,2327000000.000000,0.047000,0.154000,0.199000,0.177000,1186000000.000000,3372000000.000000,1.000000,1173981657.000000,1173000000.000000,1184000000.000000,16.384000,52794000000.000000,0.000000,817000000.000000,3146000000.000000,45.008000
MRT,2020-09-30,2020-09-30,2020-09-30,2020-Q3,13458000000.000000,231175253289.000000,2025-04-29,-332000000.000000,65582000000.000000,58586750000.000000,48704000000.000000,16878000000.000000,0.346000,15.770000,-694000000.000000,6112000000.000000,6112000000.000000,10982000000.000000,3142000000.000000,1.382000,2.546000,8937000000.000000,0.000000,8937000000.000000,8937000000.000000,0.000000,1115000000.000000,0.000000,0.000000,0.000000,4060000000.000000,5175000000.000000,0.255000,5175000000.000000,4060000000.000000,4060000000.000000,2.670000,2.650000,2.670000,18483000000.000000,17243750000.000000,18483000000.000000,233756253289.000000,58.000000,45.170000,4587000000.000000,3.914000,1.000000,9317000000.000000,0.459000,10265000000.000000,0.000000,22896000000.000000,19004750000.000000,0.000000,14082000000.000000,10643000000.000000,3439000000.000000,47055000000.000000,35246000000.000000,11809000000.000000,2138000000.000000,-3679000000.000000,-1543000000.000000,3959000000.000000,0.000000,10480000000.000000,-13692000000.000000,-9182000000.000000,5281000000.000000,69000000.000000,3142000000.000000,3142000000.000000,3142000000.000000,0.000000,0.000000,0.155000,6192000000.000000,3125000000.000000,32689000000.000000,0.000000,12.507000,73.576000,73.794000,1757000000.000000,0.000000,197.030000,11.389000,11.376000,31012000000.000000,10809000000.000000,20299000000.000000,20299000000.000000,2468000000.000000,0.054000,0.182000,0.214000,0.200000,1284000000.000000,3629000000.000000,1.000000,1173299768.000000,1172000000.000000,1190000000.000000,17.320000,55317000000.000000,0.000000,918000000.000000,2972000000.000000,47.199000
MRT,2020-12-31,2020-12-31,2020-12-31,2020-Q4,12548000000.000000,274410221668.000000,2025-04-29,-484000000.000000,70379000000.000000,63348250000.000000,50995000000.000000,19384000000.000000,0.339000,17.066000,-746000000.000000,4794000000.000000,4794000000.000000,11453000000.000000,4202000000.000000,1.326000,2.513000,8939000000.000000,0.000000,8939000000.000000,8939000000.000000,0.000000,1189000000.000000,0.000000,0.000000,0.000000,5065000000.000000,6254000000.000000,0.292000,6254000000.000000,5065000000.000000,5065000000.000000,3.580000,3.540000,3.580000,20019000000.000000,18027250000.000000,20019000000.000000,277235221668.000000,55.000000,44.329000,5473000000.000000,4.666000,1.000000,10001000000.000000,0.466000,10183000000.000000,0.000000,25894000000.000000,21718250000.000000,0.000000,17147000000.000000,11058000000.000000,6089000000.000000,50316000000.000000,38447000000.000000,11869000000.000000,2297000000.000000,-3609000000.000000,-1498000000.000000,3966000000.000000,0.000000,12454000000.000000,-16545000000.000000,-10638000000.000000,6219000000.000000,169000000.000000,4202000000.000000,4202000000.000000,4202000000.000000,0.000000,0.000000,0.196000,6712000000.000000,3289000000.000000,35670000000.000000,0.000000,13.707000,65.305000,65.419000,1807000000.000000,0.000000,234.200000,12.791000,12.805000,33995000000.000000,12366000000.000000,21454000000.000000,21454000000.000000,2642000000.000000,0.066000,0.233000,0.233000,0.236000,1376000000.000000,3931000000.000000,1.000000,1171691809.000000,1173000000.000000,1187000000.000000,18.290000,60196000000.000000,0.000000,863000000.000000,3059000000.000000,51.318000
MRT,2021-03-31,2021-03-31,2021-03-31,2021-Q1,12092000000.000000,284408321558.000000,2025-04-29,-353000000.000000,72517000000.000000,67911000000.000000,53432000000.000000,19085000000.000000,0.337000,16.574000,-880000000.000000,5717000000.000000,5717000000.000000,11790000000.000000,5215000000.000000,1.293000,2.730000,8942000000.000000,0.000000,8942000000.000000,8942000000.000000,0.000000,1196000000.000000,0.000000,0.000000,0.000000,5674000000.000000,6870000000.000000,0.300000,6870000000.000000,5674000000.000000,5674000000.000000,4.440000,4.390000,4.440000,19441000000.000000,18895750000.000000,19441000000.000000,288553321558.000000,51.000000,42.002000,5676000000.000000,4.839000,1.000000,11079000000.000000,0.484000,10055000000.000000,0.000000,24347000000.000000,23695750000.000000,0.000000,16094000000.000000,10100000000.000000,5994000000.000000,53076000000.000000,41340000000.000000,11736000000.000000,2258000000.000000,3000000.000000,-2020000000.000000,966000000.000000,0.000000,10971000000.000000,-15574000000.000000,-13352000000.000000,6556000000.000000,305000000.000000,5215000000.000000,5215000000.000000,5215000000.000000,0.000000,0.000000,0.228000,7146000000.000000,3933000000.000000,38514000000.000000,0.000000,14.629000,54.537000,54.694000,1806000000.000000,0.000000,242.840000,12.436000,12.456000,36297000000.000000,13463000000.000000,22869000000.000000,22869000000.000000,2778000000.000000,0.077000,0.276000,0.239000,0.248000,1461000000.000000,4200000000.000000,1.000000,1171175760.000000,1173000000.000000,1190000000.000000,19.496000,62462000000.000000,0.000000,459000000.000000,2889000000.000000,53.250000
MRT,2021-06-30,2021-06-30,2021-06-30,2021-Q2,11963000000.000000,342409733180.000000,2025-04-29,-292000000.000000,73816000000.000000,70573500000.000000,53231000000.000000,20585000000.000000,0.338000,17.807000,-934000000.000000,5745000000.000000,5745000000.000000,12298000000.000000,4869000000.000000,1.290000,2.531000,8945000000.000000,0.000000,8945000000.000000,8945000000.000000,0.000000,1215000000.000000,0.000000,0.000000,0.000000,5231000000.000000,6446000000.000000,0.270000,6446000000.000000,5231000000.000000,5231000000.000000,4.150000,4.100000,4.150000,20905000000.000000,19712000000.000000,20905000000.000000,345634733180.000000,66.000000,53.620000,5156000000.000000,4.392000,1.000000,11548000000.000000,0.484000,10484000000.000000,0.000000,25264000000.000000,24600250000.000000,0.000000,16901000000.000000,9933000000.000000,6968000000.000000,52911000000.000000,41268000000.000000,11643000000.000000,1014000000.000000,-466000000.000000,-2003000000.000000,0.000000,0.000000,3860000000.000000,-9143000000.000000,-7463000000.000000,6090000000.000000,207000000.000000,4869000000.000000,4869000000.000000,4869000000.000000,0.000000,0.000000,0.204000,7439000000.000000,4109000000.000000,38630000000.000000,0.000000,16.379000,70.324000,70.236000,1848000000.000000,0.000000,291.480000,14.359000,14.350000,36363000000.000000,14647000000.000000,23846000000.000000,23846000000.000000,2893000000.000000,0.069000,0.247000,0.213000,0.219000,1499000000.000000,4424000000.000000,1.000000,1174728054.000000,1174000000.000000,1186000000.000000,20.312000,63332000000.000000,0.000000,362000000.000000,2847000000.000000,53.945000
MRT,2021-09-30,2021-09-30,2021-09-30,2021-Q3,12435000000.000000,305755115752.000000,2025-04-29,-124000000.000000,74534000000.000000,72811500000.000000,54130000000.000000,20404000000.000000,0.337000,18.816000,-918000000.000000,7782000000.000000,7782000000.000000,12819000000.000000,4935000000.000000,1.298000,2.374000,7949000000.000000,0.000000,7949000000.000000,7949000000.000000,0.000000,1240000000.000000,0.000000,0.000000,0.000000,5252000000.000000,6492000000.000000,0.264000,6492000000.000000,5252000000.000000,5252000000.000000,4.210000,4.160000,4.210000,22090000000.000000,20613750000.000000,22090000000.000000,308955115752.000000,59.000000,47.590000,5371000000.000000,4.575000,1.000000,11750000000.000000,0.478000,10358000000.000000,0.000000,22648000000.000000,24538250000.000000,0.000000,15976000000.000000,9223000000.000000,6753000000.000000,52444000000.000000,41695000000.000000,10749000000.000000,2847000000.000000,-469000000.000000,-1983000000.000000,0.000000,0.000000,2138000000.000000,-5617000000.000000,-3719000000.000000,6289000000.000000,37000000.000000,4935000000.000000,4935000000.000000,4935000000.000000,0.000000,0.000000,0.201000,7575000000.000000,4175000000.000000,37990000000.000000,0.000000,13.841000,61.956000,61.808000,1900000000.000000,0.000000,260.210000,12.445000,12.434000,35840000000.000000,15734000000.000000,24569000000.000000,24569000000.000000,2974000000.000000,0.068000,0.239000,0.214000,0.214000,1435000000.000000,4497000000.000000,1.000000,1175032150.000000,1174000000.000000,1187000000.000000,20.928000,64176000000.000000,0.000000,317000000.000000,2951000000.000000,54.664000
MRT,2021-12-31,2021-12-31,2021-12-31,2021-Q4,9545000000.000000,221568331836.000000,2025-04-29,-136000000.000000,75803000000.000000,74167500000.000000,52574000000.000000,23229000000.000000,0.342000,18.507000,-903000000.000000,5197000000.000000,5197000000.000000,13450000000.000000,4169000000.000000,1.222000,2.489000,8049000000.000000,0.000000,8049000000.000000,8049000000.000000,0.000000,1265000000.000000,0.000000,0.000000,0.000000,4099000000.000000,5364000000.000000,0.211000,5364000000.000000,4099000000.000000,4099000000.000000,3.550000,3.520000,3.550000,21727000000.000000,21040750000.000000,21727000000.000000,221735331836.000000,54.000000,41.338000,4894000000.000000,4.169000,1.000000,11921000000.000000,0.470000,12786000000.000000,0.000000,22840000000.000000,23774750000.000000,0.000000,15946000000.000000,9149000000.000000,6797000000.000000,54076000000.000000,43029000000.000000,11047000000.000000,-11000000.000000,-2763000000.000000,-3211000000.000000,-89000000.000000,0.000000,-557000000.000000,-5149000000.000000,-1676000000.000000,5797000000.000000,-102000000.000000,4169000000.000000,4169000000.000000,4169000000.000000,0.000000,0.000000,0.164000,7659000000.000000,4262000000.000000,39038000000.000000,0.000000,10.198000,53.147000,53.121000,1909000000.000000,0.000000,188.580000,8.733000,8.726000,36941000000.000000,16535000000.000000,25371000000.000000,25371000000.000000,3038000000.000000,0.056000,0.198000,0.172000,0.162000,1376000000.000000,4559000000.000000,1.000000,1174930172.000000,1174000000.000000,1186000000.000000,21.611000,63017000000.000000,0.000000,-70000000.000000,3234000000.000000,53.677000
MRT,2022-03-31,2022-03-31,2022-03-31,2022-Q1,8415000000.000000,134732818188.000000,2025-04-29,-444000000.000000,75805000000.000000,74989500000.000000,52382000000.000000,23423000000.000000,0.344000,17.715000,-870000000.000000,4861000000.000000,4861000000.000000,14104000000.000000,3581000000.000000,1.191000,2.679000,8222000000.000000,0.000000,8222000000.000000,8222000000.000000,0.000000,1293000000.000000,0.000000,0.000000,0.000000,3856000000.000000,5149000000.000000,0.199000,5149000000.000000,3856000000.000000,3856000000.000000,3.060000,3.030000,3.060000,20603000000.000000,21331250000.000000,20603000000.000000,137584818188.000000,36.000000,26.721000,4386000000.000000,3.771000,1.000000,11717000000.000000,0.454000,12555000000.000000,0.000000,22644000000.000000,23349000000.000000,0.000000,15472000000.000000,8327000000.000000,7145000000.000000,55202000000.000000,43967000000.000000,11235000000.000000,-1157000000.000000,-2763000000.000000,-3387000000.000000,93000000.000000,0.000000,-2053000000.000000,-4318000000.000000,-819000000.000000,5256000000.000000,-42000000.000000,3581000000.000000,3581000000.000000,3581000000.000000,0.000000,0.000000,0.139000,7786000000.000000,3931000000.000000,39886000000.000000,0.000000,6.539000,37.624000,37.794000,1861000000.000000,0.000000,115.650000,5.218000,5.209000,37896000000.000000,17044000000.000000,25821000000.000000,25821000000.000000,3112000000.000000,0.048000,0.168000,0.165000,0.149000,1437000000.000000,4634000000.000000,1.000000,1165004913.000000,1163000000.000000,1172000000.000000,22.202000,63250000000.000000,0.000000,275000000.000000,3266000000.000000,54.385000
MRT,2022-06-30,2022-06-30,2022-06-30,2022-Q2,10157000000.000000,80877508641.000000,2025-04-29,-564000000.000000,77810000000.000000,75988000000.000000,55252000000.000000,22558000000.000000,0.347000,17.070000,-797000000.000000,4583000000.000000,4583000000.000000,14918000000.000000,2056000000.000000,1.225000,2.936000,10198000000.000000,0.000000,10198000000.000000,10198000000.000000,0.000000,1310000000.000000,0.000000,0.000000,0.000000,2549000000.000000,3859000000.000000,0.146000,3859000000.000000,2549000000.000000,2549000000.000000,1.760000,1.740000,1.760000,19767000000.000000,21046750000.000000,19767000000.000000,84238508641.000000,33.000000,21.829000,4403000000.000000,3.802000,1.000000,11471000000.000000,0.435000,12147000000.000000,0.000000,26183000000.000000,23578750000.000000,0.000000,16742000000.000000,10472000000.000000,6270000000.000000,58043000000.000000,45095000000.000000,12948000000.000000,-2334000000.000000,-2294000000.000000,-3941000000.000000,1513000000.000000,0.000000,-201000000.000000,-7129000000.000000,-3252000000.000000,5200000000.000000,-204000000.000000,2056000000.000000,2056000000.000000,2056000000.000000,0.000000,0.000000,0.078000,7903000000.000000,3568000000.000000,40377000000.000000,0.000000,4.092000,39.337000,39.682000,1832000000.000000,0.000000,69.840000,3.065000,3.065000,38088000000.000000,16703000000.000000,26389000000.000000,26389000000.000000,3181000000.000000,0.027000,0.098000,0.108000,0.097000,1359000000.000000,4593000000.000000,1.000000,1158039929.000000,1158000000.000000,1158000000.000000,22.788000,65663000000.000000,0.000000,493000000.000000,3346000000.000000,56.704000
MRT,2022-09-30,2022-09-30,2022-09-30,2022-Q3,11877000000.000000,99537878475.000000,2025-04-29,-681000000.000000,76435000000.000000,76463250000.000000,55105000000.000000,21330000000.000000,0.354000,17.560000,-754000000.000000,6659000000.000000,6659000000.000000,15446000000.000000,2299000000.000000,1.275000,2.772000,10241000000.000000,0.000000,10241000000.000000,10241000000.000000,0.000000,1317000000.000000,0.000000,0.000000,0.000000,2962000000.000000,4279000000.000000,0.158000,4279000000.000000,2962000000.000000,2962000000.000000,1.980000,1.970000,1.980000,20264000000.000000,20590250000.000000,20264000000.000000,105152878475.000000,36.000000,24.574000,4688000000.000000,4.062000,1.000000,11607000000.000000,0.429000,11908000000.000000,0.000000,24881000000.000000,24137000000.000000,0.000000,15407000000.000000,10192000000.000000,5215000000.000000,56171000000.000000,43228000000.000000,12943000000.000000,-3245000000.000000,-2294000000.000000,-4531000000.000000,1571000000.000000,0.000000,-2356000000.000000,-6082000000.000000,-2209000000.000000,5442000000.000000,-249000000.000000,2299000000.000000,2299000000.000000,2299000000.000000,0.000000,0.000000,0.085000,7964000000.000000,3643000000.000000,37938000000.000000,0.000000,4.912000,43.296000,43.470000,1773000000.000000,0.000000,86.070000,3.679000,3.671000,35713000000.000000,18033000000.000000,27053000000.000000,27053000000.000000,3227000000.000000,0.030000,0.112000,0.123000,0.109000,1285000000.000000,4553000000.000000,1.000000,1156475874.000000,1154000000.000000,1157000000.000000,23.443000,64527000000.000000,0.000000,663000000.000000,3354000000.000000,55.916000
MRT,2022-12-31,2022-12-31,2022-12-31,2022-Q4,12416000000.000000,81192775073.000000,2025-04-29,-928000000.000000,78624000000.000000,77168500000.000000,57424000000.000000,21200000000.000000,0.357000,17.568000,-701000000.000000,7776000000.000000,7776000000.000000,15865000000.000000,2419000000.000000,1.276000,2.878000,10417000000.000000,0.000000,10417000000.000000,10417000000.000000,0.000000,1317000000.000000,0.000000,0.000000,0.000000,3366000000.000000,4683000000.000000,0.170000,4683000000.000000,3366000000.000000,3366000000.000000,2.100000,2.090000,2.100000,20274000000.000000,20227000000.000000,20274000000.000000,84774775073.000000,25.000000,18.103000,5112000000.000000,4.430000,1.000000,11653000000.000000,0.423000,11997000000.000000,0.000000,24260000000.000000,24492000000.000000,0.000000,15541000000.000000,10523000000.000000,5018000000.000000,58350000000.000000,45008000000.000000,13342000000.000000,1127000000.000000,0.000000,-4056000000.000000,1789000000.000000,0.000000,-1203000000.000000,-3328000000.000000,-94000000.000000,5813000000.000000,-155000000.000000,2419000000.000000,2419000000.000000,2419000000.000000,0.000000,0.000000,0.088000,7816000000.000000,3837000000.000000,40140000000.000000,0.000000,4.005000,33.565000,33.914000,1730000000.000000,0.000000,71.220000,2.951000,2.987000,37227000000.000000,18954000000.000000,27518000000.000000,27518000000.000000,3253000000.000000,0.031000,0.120000,0.137000,0.122000,1261000000.000000,4356000000.000000,1.000000,1140027732.000000,1154000000.000000,1158000000.000000,23.846000,66627000000.000000,0.000000,947000000.000000,0.000000,57.736000
MRT,2023-03-31,2023-03-31,2023-03-31,2023-Q1,12651000000.000000,85916488250.000000,2025-04-29,-898000000.000000,77186000000.000000,77513750000.000000,56560000000.000000,20626000000.000000,0.362000,17.589000,-682000000.000000,7101000000.000000,7101000000.000000,16358000000.000000,2705000000.000000,1.288000,2.887000,10481000000.000000,0.000000,10481000000.000000,10481000000.000000,0.000000,1259000000.000000,0.000000,0.000000,0.000000,3811000000.000000,5070000000.000000,0.181000,5070000000.000000,3811000000.000000,3811000000.000000,2.370000,2.360000,2.370000,19858000000.000000,20040750000.000000,19858000000.000000,88557488250.000000,23.000000,17.467000,5084000000.000000,4.503000,1.000000,11717000000.000000,0.417000,11925000000.000000,0.000000,24732000000.000000,25014000000.000000,0.000000,15686000000.000000,11054000000.000000,4632000000.000000,57328000000.000000,43909000000.000000,13419000000.000000,-149000000.000000,0.000000,-3990000000.000000,1674000000.000000,0.000000,-3315000000.000000,-2423000000.000000,-650000000.000000,5766000000.000000,-177000000.000000,2705000000.000000,2705000000.000000,2705000000.000000,0.000000,0.000000,0.096000,7592000000.000000,4125000000.000000,39168000000.000000,0.000000,4.327000,31.762000,32.042000,1633000000.000000,0.000000,75.940000,3.060000,3.054000,36243000000.000000,19749000000.000000,28075000000.000000,28075000000.000000,3159000000.000000,0.035000,0.135000,0.152000,0.136000,1177000000.000000,4098000000.000000,1.000000,1131373298.000000,1129000000.000000,1134000000.000000,24.867000,65261000000.000000,0.000000,1106000000.000000,3515000000.000000,57.804000
MRT,2023-06-30,2023-06-30,2023-06-30,2023-Q2,12371000000.000000,74451593085.000000,2025-04-29,-996000000.000000,74579000000.000000,76706000000.000000,54125000000.000000,20454000000.000000,0.372000,17.697000,-620000000.000000,5504000000.000000,5504000000.000000,16761000000.000000,4075000000.000000,1.296000,2.793000,10549000000.000000,0.000000,10549000000.000000,10549000000.000000,0.000000,1195000000.000000,0.000000,0.000000,0.000000,5065000000.000000,6260000000.000000,0.219000,6260000000.000000,5065000000.000000,5065000000.000000,3.590000,3.570000,3.590000,19661000000.000000,20014250000.000000,19661000000.000000,77831593085.000000,15.000000,12.433000,3696000000.000000,3.327000,1.000000,11795000000.000000,0.413000,11707000000.000000,0.000000,26163000000.000000,25009000000.000000,0.000000,16391000000.000000,11848000000.000000,4543000000.000000,54918000000.000000,41754000000.000000,13164000000.000000,-1069000000.000000,0.000000,-4771000000.000000,-35000000.000000,0.000000,-8243000000.000000,2927000000.000000,4386000000.000000,4316000000.000000,-69000000.000000,4075000000.000000,4075000000.000000,4075000000.000000,0.000000,0.000000,0.143000,7301000000.000000,4494000000.000000,37530000000.000000,0.000000,3.787000,18.270000,18.588000,1589000000.000000,0.000000,66.730000,2.607000,2.596000,34571000000.000000,20778000000.000000,28556000000.000000,28556000000.000000,3087000000.000000,0.053000,0.204000,0.203000,0.177000,1228000000.000000,3945000000.000000,1.000000,1115713968.000000,1111000000.000000,1114000000.000000,25.703000,62872000000.000000,0.000000,990000000.000000,3406000000.000000,56.590000
MRT,2023-09-30,2023-09-30,2023-09-30,2023-Q3,13193000000.000000,64191270555.000000,2025-04-29,-852000000.000000,76440000000.000000,76707250000.000000,56635000000.000000,19805000000.000000,0.380000,18.044000,-592000000.000000,6816000000.000000,6816000000.000000,17420000000.000000,3765000000.000000,1.304000,2.872000,10640000000.000000,0.000000,10640000000.000000,10640000000.000000,0.000000,1135000000.000000,0.000000,0.000000,0.000000,4728000000.000000,5863000000.000000,0.201000,5863000000.000000,4728000000.000000,4728000000.000000,3.370000,3.350000,3.370000,19740000000.000000,19883250000.000000,19740000000.000000,69236270555.000000,15.000000,11.809000,3228000000.000000,2.951000,1.000000,11708000000.000000,0.402000,11499000000.000000,0.000000,25323000000.000000,25119500000.000000,0.000000,15817000000.000000,11962000000.000000,3855000000.000000,56700000000.000000,43442000000.000000,13258000000.000000,-141000000.000000,0.000000,-5266000000.000000,16000000.000000,0.000000,-5211000000.000000,1247000000.000000,4257000000.000000,3820000000.000000,3000000.000000,3765000000.000000,3765000000.000000,3765000000.000000,0.000000,0.000000,0.129000,7164000000.000000,4544000000.000000,38772000000.000000,0.000000,3.252000,17.049000,17.347000,1529000000.000000,0.000000,58.460000,2.204000,2.196000,35629000000.000000,21798000000.000000,29128000000.000000,29128000000.000000,3025000000.000000,0.049000,0.189000,0.188000,0.162000,1381000000.000000,3887000000.000000,1.000000,1098037471.000000,1094000000.000000,1098000000.000000,26.625000,64941000000.000000,0.000000,963000000.000000,3755000000.000000,59.361000
MRT,2023-12-31,2023-12-31,2023-12-31,2023-Q4,14103000000.000000,66208591156.000000,2025-04-29,-746000000.000000,82166000000.000000,77592750000.000000,62569000000.000000,19597000000.000000,0.384000,19.085000,-578000000.000000,9081000000.000000,9081000000.000000,17986000000.000000,4246000000.000000,1.291000,2.903000,9676000000.000000,0.000000,9676000000.000000,9676000000.000000,0.000000,1072000000.000000,0.000000,0.000000,0.000000,5411000000.000000,6483000000.000000,0.218000,6483000000.000000,5411000000.000000,5411000000.000000,3.850000,3.840000,3.850000,21051000000.000000,20077500000.000000,21051000000.000000,70032591156.000000,13.000000,10.802000,4265000000.000000,3.867000,1.000000,11785000000.000000,0.396000,11563000000.000000,0.000000,22732000000.000000,24737500000.000000,0.000000,14248000000.000000,10975000000.000000,3273000000.000000,61115000000.000000,48466000000.000000,12649000000.000000,2678000000.000000,466000000.000000,-4875000000.000000,475000000.000000,0.000000,-2993000000.000000,752000000.000000,3721000000.000000,4843000000.000000,76000000.000000,4246000000.000000,4246000000.000000,4246000000.000000,0.000000,0.000000,0.143000,6757000000.000000,5028000000.000000,42074000000.000000,0.000000,3.145000,15.593000,15.951000,1488000000.000000,0.000000,61.410000,2.224000,2.275000,40004000000.000000,23200000000.000000,29771000000.000000,29771000000.000000,2973000000.000000,0.055000,0.211000,0.219000,0.182000,1475000000.000000,3868000000.000000,1.000000,1078140224.000000,1103000000.000000,1107000000.000000,26.991000,70603000000.000000,0.000000,1165000000.000000,0.000000,64.010000
MRT,2024-03-31,2024-03-31,2024-03-31,2024-Q1,13860000000.000000,71795987469.000000,2025-04-29,-659000000.000000,83347000000.000000,79133000000.000000,63706000000.000000,19641000000.000000,0.385000,19.457000,-563000000.000000,9693000000.000000,9693000000.000000,18465000000.000000,4339000000.000000,1.278000,3.026000,9683000000.000000,0.000000,9683000000.000000,9683000000.000000,0.000000,1067000000.000000,0.000000,0.000000,0.000000,5546000000.000000,6613000000.000000,0.217000,6613000000.000000,5546000000.000000,5546000000.000000,3.980000,3.970000,3.980000,20702000000.000000,20288500000.000000,20702000000.000000,72390987469.000000,13.000000,10.947000,5027000000.000000,4.725000,1.000000,11965000000.000000,0.393000,11381000000.000000,0.000000,22110000000.000000,24082000000.000000,0.000000,13543000000.000000,10134000000.000000,3409000000.000000,62645000000.000000,49846000000.000000,12799000000.000000,4581000000.000000,466000000.000000,-4945000000.000000,164000000.000000,0.000000,-2574000000.000000,1579000000.000000,6885000000.000000,5590000000.000000,-14000000.000000,4339000000.000000,4339000000.000000,4339000000.000000,0.000000,0.000000,0.143000,6768000000.000000,5197000000.000000,41461000000.000000,0.000000,3.468000,16.547000,16.832000,1426000000.000000,0.000000,66.990000,2.359000,2.342000,39461000000.000000,24088000000.000000,30430000000.000000,30430000000.000000,2994000000.000000,0.055000,0.214000,0.230000,0.182000,1495000000.000000,3810000000.000000,1.000000,1071741864.000000,1064000000.000000,1072000000.000000,28.600000,71966000000.000000,0.000000,1207000000.000000,0.000000,67.637000
MRT,2024-06-30,2024-06-30,2024-06-30,2024-Q2,12259000000.000000,60702051759.000000,2025-04-29,-693000000.000000,84016000000.000000,81492250000.000000,62972000000.000000,21044000000.000000,0.381000,19.791000,-609000000.000000,7701000000.000000,7701000000.000000,18747000000.000000,4438000000.000000,1.242000,3.074000,9727000000.000000,0.000000,9727000000.000000,9727000000.000000,0.000000,1061000000.000000,0.000000,0.000000,0.000000,5642000000.000000,6703000000.000000,0.216000,6703000000.000000,5642000000.000000,5642000000.000000,4.130000,4.130000,4.130000,20622000000.000000,20528750000.000000,20622000000.000000,60692051759.000000,11.000000,9.054000,6706000000.000000,6.436000,1.000000,12281000000.000000,0.396000,11219000000.000000,0.000000,24110000000.000000,23568750000.000000,0.000000,16256000000.000000,11603000000.000000,4653000000.000000,63394000000.000000,50713000000.000000,12681000000.000000,3743000000.000000,466000000.000000,-4943000000.000000,1700000000.000000,0.000000,899000000.000000,-4508000000.000000,801000000.000000,7315000000.000000,37000000.000000,4438000000.000000,4438000000.000000,4438000000.000000,0.000000,0.000000,0.143000,6892000000.000000,5389000000.000000,41860000000.000000,0.000000,2.944000,13.678000,14.051000,1459000000.000000,0.000000,58.030000,1.956000,1.949000,39714000000.000000,25216000000.000000,31028000000.000000,31028000000.000000,2969000000.000000,0.054000,0.216000,0.239000,0.182000,1430000000.000000,3870000000.000000,1.000000,1046046041.000000,1042000000.000000,1047000000.000000,29.777000,72797000000.000000,0.000000,1204000000.000000,0.000000,69.863000
MRT,2024-09-30,2024-09-30,2024-09-30,2024-Q3,12405000000.000000,79772674656.000000,2025-04-29,-627000000.000000,83511000000.000000,83260000000.000000,62673000000.000000,20838000000.000000,0.378000,19.876000,-624000000.000000,7272000000.000000,7272000000.000000,18844000000.000000,4428000000.000000,1.247000,3.140000,9976000000.000000,0.000000,9976000000.000000,9976000000.000000,0.000000,1046000000.000000,0.000000,0.000000,0.000000,5712000000.000000,6758000000.000000,0.215000,6758000000.000000,5712000000.000000,5712000000.000000,4.200000,4.190000,4.200000,20174000000.000000,20637250000.000000,20174000000.000000,81798674656.000000,14.000000,12.104000,7046000000.000000,6.942000,1.000000,12613000000.000000,0.401000,11389000000.000000,0.000000,24558000000.000000,23377500000.000000,0.000000,15403000000.000000,11121000000.000000,4282000000.000000,63337000000.000000,50268000000.000000,13069000000.000000,4851000000.000000,466000000.000000,-5285000000.000000,1723000000.000000,0.000000,-1691000000.000000,-1402000000.000000,621000000.000000,7670000000.000000,274000000.000000,4428000000.000000,4428000000.000000,4428000000.000000,0.000000,0.000000,0.141000,7001000000.000000,5612000000.000000,41347000000.000000,0.000000,3.954000,18.016000,18.579000,1496000000.000000,0.000000,78.030000,2.536000,2.518000,40220000000.000000,26226000000.000000,31457000000.000000,31457000000.000000,2976000000.000000,0.053000,0.215000,0.244000,0.182000,1335000000.000000,3948000000.000000,1.000000,1022333393.000000,1015000000.000000,1024000000.000000,30.992000,72122000000.000000,0.000000,1284000000.000000,0.000000,71.056000
MRT,2024-12-31,2024-12-31,2024-12-31,2024-Q4,12716000000.000000,85566688970.000000,2025-04-29,-550000000.000000,78725000000.000000,82399750000.000000,58206000000.000000,20519000000.000000,0.386000,19.842000,-682000000.000000,6561000000.000000,6561000000.000000,18907000000.000000,4147000000.000000,1.280000,2.856000,9879000000.000000,0.000000,9879000000.000000,9879000000.000000,0.000000,1032000000.000000,0.000000,0.000000,0.000000,5329000000.000000,6361000000.000000,0.200000,6361000000.000000,5329000000.000000,5329000000.000000,4.030000,3.990000,4.030000,20417000000.000000,20478750000.000000,20417000000.000000,88270688970.000000,17.000000,13.877000,6768000000.000000,6.577000,1.000000,12890000000.000000,0.405000,11163000000.000000,0.000000,25390000000.000000,24042000000.000000,0.000000,15808000000.000000,11225000000.000000,4583000000.000000,58308000000.000000,45490000000.000000,12818000000.000000,556000000.000000,0.000000,-5952000000.000000,-115000000.000000,0.000000,-8276000000.000000,1589000000.000000,-796000000.000000,7450000000.000000,-207000000.000000,4147000000.000000,4147000000.000000,4147000000.000000,0.000000,0.000000,0.130000,7565000000.000000,5325000000.000000,39898000000.000000,0.000000,4.191000,20.633000,21.179000,1508000000.000000,0.000000,85.350000,2.691000,2.762000,38655000000.000000,27347000000.000000,31797000000.000000,31797000000.000000,2979000000.000000,0.050000,0.203000,0.222000,0.168000,1230000000.000000,4148000000.000000,1.000000,1002538828.000000,1029000000.000000,1039000000.000000,30.901000,67562000000.000000,0.000000,1182000000.000000,0.000000,65.658000
MRT,2025-03-31,2025-03-31,2025-03-31,2025-Q1,13989000000.000000,64548069993.000000,2025-04-29,-622000000.000000,81274000000.000000,81881500000.000000,60611000000.000000,20663000000.000000,0.389000,20.542000,-722000000.000000,7449000000.000000,7449000000.000000,18688000000.000000,4546000000.000000,1.300000,3.013000,11417000000.000000,0.000000,11417000000.000000,11417000000.000000,0.000000,1012000000.000000,0.000000,0.000000,0.000000,5723000000.000000,6735000000.000000,0.211000,6735000000.000000,5723000000.000000,5723000000.000000,4.510000,4.460000,4.510000,20254000000.000000,20366750000.000000,20254000000.000000,67866069993.000000,12.000000,10.077000,5971000000.000000,6.056000,1.000000,13201000000.000000,0.414000,11206000000.000000,0.000000,27414000000.000000,25368000000.000000,0.000000,15600000000.000000,10987000000.000000,4613000000.000000,61020000000.000000,46622000000.000000,14398000000.000000,-1294000000.000000,0.000000,-5951000000.000000,1620000000.000000,0.000000,-4920000000.000000,-3048000000.000000,-3781000000.000000,6693000000.000000,-19000000.000000,4546000000.000000,4546000000.000000,4546000000.000000,0.000000,0.000000,0.143000,7514000000.000000,5687000000.000000,41380000000.000000,0.000000,3.187000,14.199000,14.468000,1537000000.000000,0.000000,65.250000,2.024000,2.018000,40287000000.000000,28654000000.000000,31889000000.000000,31889000000.000000,2968000000.000000,0.056000,0.223000,0.226000,0.179000,1114000000.000000,4254000000.000000,1.000000,989242452.000000,986000000.000000,999000000.000000,32.342000,70068000000.000000,0.000000,1177000000.000000,0.000000,71.063000
MRY,2012-12-31,2012-12-31,2012-12-31,2012-FY,,,2025-04-29,,,,,,,,-511000000.000000,,,2697000000.000000,778000000.000000,,,,,,,,382000000.000000,,,0.000000,891000000.000000,1273000000.000000,0.225000,1273000000.000000,891000000.000000,891000000.000000,,,,,,,,,,1054000000.000000,,1.000000,2965000000.000000,0.524000,,0.000000,,,,,,,,,,-172000000.000000,-22000000.000000,0.000000,20000000.000000,0.000000,-210000000.000000,-1526000000.000000,-825000000.000000,1565000000.000000,-1000000.000000,778000000.000000,778000000.000000,778000000.000000,0.000000,0.000000,0.137000,2085000000.000000,880000000.000000,,,,,,,0.000000,,,,,,5662000000.000000,5662000000.000000,677000000.000000,,,,0.157000,148000000.000000,1007000000.000000,1.000000,,,,,,,113000000.000000,,
MRY,2013-12-31,2013-12-31,2013-12-31,2013-FY,3359000000.000000,,2025-04-29,-61000000.000000,19160000000.000000,,14620000000.000000,4540000000.000000,,6.067000,-391000000.000000,1604000000.000000,1604000000.000000,3287000000.000000,955000000.000000,1.298000,1.593000,0.000000,0.000000,0.000000,0.000000,0.000000,453000000.000000,0.000000,,0.000000,1084000000.000000,1537000000.000000,0.228000,1537000000.000000,1084000000.000000,1084000000.000000,0.780000,0.780000,0.780000,7390000000.000000,,7390000000.000000,,,,1602000000.000000,1.315000,1.000000,3440000000.000000,0.511000,3445000000.000000,0.000000,2850000000.000000,,0.000000,3306000000.000000,3110000000.000000,196000000.000000,11770000000.000000,11261000000.000000,509000000.000000,190000000.000000,-731000000.000000,0.000000,-133000000.000000,0.000000,-85000000.000000,-1721000000.000000,-599000000.000000,1993000000.000000,3000000.000000,955000000.000000,955000000.000000,955000000.000000,0.000000,0.000000,0.142000,2349000000.000000,1091000000.000000,10453000000.000000,0.000000,,,,858000000.000000,0.000000,,,,9639000000.000000,,6727000000.000000,6727000000.000000,727000000.000000,,,,0.161000,177000000.000000,1169000000.000000,1.000000,,1218000000.000000,1224000000.000000,5.523000,15715000000.000000,0.000000,129000000.000000,37000000.000000,12.902000
MRY,2014-12-31,2014-12-31,2014-12-31,2014-FY,4282000000.000000,,2025-04-29,110000000.000000,21917000000.000000,20538500000.000000,17565000000.000000,4352000000.000000,0.391000,6.772000,-492000000.000000,2201000000.000000,2201000000.000000,3807000000.000000,419000000.000000,1.322000,1.657000,1093000000.000000,1093000000.000000,0.000000,1093000000.000000,0.000000,516000000.000000,0.000000,,0.000000,1261000000.000000,1777000000.000000,0.221000,1777000000.000000,1261000000.000000,1261000000.000000,0.340000,0.340000,0.340000,8248000000.000000,7819000000.000000,8248000000.000000,,,,1728000000.000000,1.419000,1.000000,4218000000.000000,0.526000,3345000000.000000,0.000000,4181000000.000000,3515500000.000000,0.000000,3646000000.000000,3615000000.000000,31000000.000000,13669000000.000000,13283000000.000000,386000000.000000,597000000.000000,-364000000.000000,0.000000,-21000000.000000,0.000000,1284000000.000000,-2881000000.000000,-2001000000.000000,2220000000.000000,-26000000.000000,419000000.000000,419000000.000000,419000000.000000,0.000000,0.000000,0.052000,2950000000.000000,1268000000.000000,10727000000.000000,0.000000,,,,922000000.000000,0.000000,,,,11371000000.000000,0.000000,8025000000.000000,8025000000.000000,747000000.000000,0.020000,0.054000,0.359000,0.157000,258000000.000000,1687000000.000000,1.000000,1218735605.000000,1218000000.000000,1224000000.000000,6.589000,18572000000.000000,0.000000,842000000.000000,415000000.000000,15.248000
MRY,2015-12-31,2015-12-31,2015-12-31,2015-FY,7031000000.000000,44225180172.000000,2025-04-29,-9000000.000000,28881000000.000000,25399000000.000000,20648000000.000000,8233000000.000000,0.364000,11.259000,-696000000.000000,1393000000.000000,1393000000.000000,4529000000.000000,1228000000.000000,1.516000,1.099000,0.000000,0.000000,0.000000,0.000000,0.000000,608000000.000000,0.000000,0.000000,0.000000,1488000000.000000,2096000000.000000,0.227000,2096000000.000000,1488000000.000000,1488000000.000000,1.000000,1.000000,1.000000,13759000000.000000,11003500000.000000,13759000000.000000,42345180172.000000,28.000000,20.203000,1850000000.000000,1.514000,1.000000,4719000000.000000,0.510000,4427000000.000000,0.000000,9444000000.000000,6812500000.000000,0.000000,8550000000.000000,6202000000.000000,2348000000.000000,15122000000.000000,13617000000.000000,1505000000.000000,-808000000.000000,-650000000.000000,75000000.000000,-862000000.000000,0.000000,4728000000.000000,-8038000000.000000,-6297000000.000000,2546000000.000000,-44000000.000000,1228000000.000000,1228000000.000000,1228000000.000000,0.000000,0.000000,0.133000,3258000000.000000,1461000000.000000,12406000000.000000,0.000000,3.214000,36.014000,36.200000,1344000000.000000,0.000000,36.200000,4.782000,4.783000,12398000000.000000,668000000.000000,9248000000.000000,9248000000.000000,792000000.000000,0.048000,0.112000,0.218000,0.161000,320000000.000000,1810000000.000000,1.000000,1221690060.000000,1222000000.000000,1229000000.000000,7.568000,24454000000.000000,0.000000,260000000.000000,1537000000.000000,20.011000
MRY,2016-12-31,2016-12-31,2016-12-31,2016-FY,8855000000.000000,47626314305.000000,2025-04-29,59000000.000000,33103000000.000000,31140000000.000000,25733000000.000000,7370000000.000000,0.348000,12.159000,-669000000.000000,1590000000.000000,1590000000.000000,5701000000.000000,1401000000.000000,1.525000,1.250000,0.000000,0.000000,0.000000,0.000000,0.000000,724000000.000000,0.000000,0.000000,0.000000,1631000000.000000,2355000000.000000,0.217000,2355000000.000000,1631000000.000000,1631000000.000000,1.160000,1.150000,1.160000,14712000000.000000,14079750000.000000,14712000000.000000,46257314305.000000,28.000000,19.642000,2489000000.000000,2.057000,1.000000,5141000000.000000,0.474000,4270000000.000000,0.000000,10365000000.000000,9399250000.000000,0.000000,10272000000.000000,8733000000.000000,1539000000.000000,18391000000.000000,16878000000.000000,1513000000.000000,-708000000.000000,-19000000.000000,-886000000.000000,-21000000.000000,0.000000,2038000000.000000,-5904000000.000000,-4135000000.000000,3158000000.000000,0.000000,1401000000.000000,1401000000.000000,1401000000.000000,0.000000,0.000000,0.129000,3555000000.000000,1586000000.000000,15355000000.000000,0.000000,3.237000,33.995000,34.026000,1482000000.000000,0.000000,39.470000,4.393000,4.405000,14577000000.000000,2069000000.000000,10842000000.000000,10842000000.000000,834000000.000000,0.045000,0.100000,0.174000,0.150000,398000000.000000,1997000000.000000,1.000000,1206645916.000000,1210000000.000000,1218000000.000000,8.960000,28833000000.000000,0.000000,230000000.000000,1577000000.000000,23.829000
MRY,2017-12-31,2017-12-31,2017-12-31,2017-FY,9782000000.000000,88484637317.000000,2025-04-29,-142000000.000000,40774000000.000000,36829500000.000000,32645000000.000000,8129000000.000000,0.356000,13.295000,-667000000.000000,2883000000.000000,2883000000.000000,6695000000.000000,1795000000.000000,1.428000,1.549000,1000000000.000000,1000000000.000000,0.000000,1000000000.000000,0.000000,805000000.000000,0.000000,0.000000,0.000000,2200000000.000000,3005000000.000000,0.229000,3005000000.000000,2200000000.000000,2200000000.000000,1.490000,1.470000,1.490000,15994000000.000000,15262500000.000000,15994000000.000000,86154637317.000000,39.000000,28.670000,1864000000.000000,1.549000,1.000000,6399000000.000000,0.489000,4507000000.000000,0.000000,11521000000.000000,10898250000.000000,0.000000,12485000000.000000,10524000000.000000,1961000000.000000,24780000000.000000,22863000000.000000,1917000000.000000,2166000000.000000,-323000000.000000,-862000000.000000,820000000.000000,0.000000,4084000000.000000,-4485000000.000000,-1890000000.000000,2531000000.000000,36000000.000000,1795000000.000000,1795000000.000000,1795000000.000000,0.000000,0.000000,0.137000,4272000000.000000,2127000000.000000,19999000000.000000,0.000000,5.532000,49.295000,49.409000,1528000000.000000,0.000000,73.620000,6.758000,6.764000,18525000000.000000,3823000000.000000,13094000000.000000,13094000000.000000,1740000000.000000,0.049000,0.118000,0.202000,0.168000,733000000.000000,2400000000.000000,1.000000,1201910314.000000,1203000000.000000,1221000000.000000,10.884000,36267000000.000000,0.000000,405000000.000000,2000000000.000000,30.147000
MRY,2018-12-31,2018-12-31,2018-12-31,2018-FY,7059000000.000000,99088215710.000000,2025-04-29,78000000.000000,43332000000.000000,42763750000.000000,32963000000.000000,10369000000.000000,0.361000,12.995000,-820000000.000000,7575000000.000000,7575000000.000000,8262000000.000000,2057000000.000000,1.273000,1.816000,1998000000.000000,1998000000.000000,0.000000,1998000000.000000,0.000000,776000000.000000,0.000000,0.000000,0.000000,2376000000.000000,3152000000.000000,0.204000,3152000000.000000,2376000000.000000,2376000000.000000,1.740000,1.710000,1.740000,15386000000.000000,15040250000.000000,15386000000.000000,92941215710.000000,39.000000,29.486000,4660000000.000000,3.936000,1.000000,7189000000.000000,0.465000,7109000000.000000,0.000000,4742000000.000000,8191500000.000000,0.000000,5037000000.000000,4066000000.000000,971000000.000000,27946000000.000000,25904000000.000000,2042000000.000000,4948000000.000000,-2124000000.000000,-3376000000.000000,960000000.000000,0.000000,-1240000000.000000,821000000.000000,2638000000.000000,5480000000.000000,-113000000.000000,2057000000.000000,2057000000.000000,2057000000.000000,0.000000,0.000000,0.133000,4995000000.000000,2194000000.000000,21843000000.000000,0.000000,6.440000,48.171000,48.328000,1724000000.000000,0.000000,84.090000,6.413000,6.444000,20375000000.000000,5880000000.000000,15451000000.000000,15451000000.000000,1831000000.000000,0.048000,0.137000,0.290000,0.154000,853000000.000000,2855000000.000000,1.000000,1178359088.000000,1184000000.000000,1203000000.000000,13.050000,36223000000.000000,0.000000,319000000.000000,2103000000.000000,30.594000
MRY,2019-12-31,2019-12-31,2019-12-31,2019-FY,11576000000.000000,127012397208.000000,2025-04-29,-173000000.000000,51333000000.000000,49056750000.000000,38495000000.000000,12838000000.000000,0.362000,14.382000,-687000000.000000,7349000000.000000,7349000000.000000,9785000000.000000,2459000000.000000,1.430000,2.038000,4965000000.000000,0.000000,4965000000.000000,4965000000.000000,0.000000,912000000.000000,0.000000,0.000000,0.000000,2998000000.000000,3910000000.000000,0.220000,3910000000.000000,2998000000.000000,2998000000.000000,2.090000,2.070000,2.090000,16885000000.000000,16166000000.000000,16885000000.000000,125099397208.000000,42.000000,31.995000,3384000000.000000,2.882000,1.000000,7987000000.000000,0.449000,6990000000.000000,0.000000,15040000000.000000,11886750000.000000,0.000000,10247000000.000000,7384000000.000000,2863000000.000000,34404000000.000000,26919000000.000000,7485000000.000000,2510000000.000000,-70000000.000000,-1273000000.000000,2955000000.000000,0.000000,4187000000.000000,-5742000000.000000,-4634000000.000000,4071000000.000000,-6000000.000000,2459000000.000000,2459000000.000000,2459000000.000000,0.000000,0.000000,0.138000,5268000000.000000,2719000000.000000,24759000000.000000,0.000000,7.522000,51.652000,51.756000,1693000000.000000,0.000000,108.170000,7.147000,7.146000,22962000000.000000,8342000000.000000,17772000000.000000,17772000000.000000,2085000000.000000,0.050000,0.152000,0.252000,0.169000,1021000000.000000,3112000000.000000,1.000000,1174192449.000000,1174000000.000000,1188000000.000000,15.138000,44343000000.000000,0.000000,539000000.000000,2593000000.000000,37.771000
MRY,2020-12-31,2020-12-31,2020-12-31,2020-FY,12548000000.000000,274410221668.000000,2025-04-29,-484000000.000000,70379000000.000000,63348250000.000000,50995000000.000000,19384000000.000000,0.339000,17.066000,-746000000.000000,4794000000.000000,4794000000.000000,11453000000.000000,4202000000.000000,1.326000,2.513000,8939000000.000000,0.000000,8939000000.000000,8939000000.000000,0.000000,1189000000.000000,0.000000,0.000000,0.000000,5065000000.000000,6254000000.000000,0.292000,6254000000.000000,5065000000.000000,5065000000.000000,3.580000,3.540000,3.580000,20019000000.000000,18027250000.000000,20019000000.000000,277235221668.000000,55.000000,44.329000,5473000000.000000,4.666000,1.000000,10001000000.000000,0.466000,10183000000.000000,0.000000,25894000000.000000,21718250000.000000,0.000000,17147000000.000000,11058000000.000000,6089000000.000000,50316000000.000000,38447000000.000000,11869000000.000000,2297000000.000000,-3609000000.000000,-1498000000.000000,3966000000.000000,0.000000,12454000000.000000,-16545000000.000000,-10638000000.000000,6219000000.000000,169000000.000000,4202000000.000000,4202000000.000000,4202000000.000000,0.000000,0.000000,0.196000,6712000000.000000,3289000000.000000,35670000000.000000,0.000000,13.707000,65.305000,65.419000,1807000000.000000,0.000000,234.200000,12.791000,12.805000,33995000000.000000,12366000000.000000,21454000000.000000,21454000000.000000,2642000000.000000,0.066000,0.233000,0.233000,0.236000,1376000000.000000,3931000000.000000,1.000000,1171691809.000000,1173000000.000000,1187000000.000000,18.290000,60196000000.000000,0.000000,863000000.000000,3059000000.000000,51.318000
MRY,2021-12-31,2021-12-31,2021-12-31,2021-FY,9545000000.000000,221568331836.000000,2025-04-29,-136000000.000000,75803000000.000000,74167500000.000000,52574000000.000000,23229000000.000000,0.342000,18.507000,-903000000.000000,5197000000.000000,5197000000.000000,13450000000.000000,4169000000.000000,1.222000,2.489000,8049000000.000000,0.000000,8049000000.000000,8049000000.000000,0.000000,1265000000.000000,0.000000,0.000000,0.000000,4099000000.000000,5364000000.000000,0.211000,5364000000.000000,4099000000.000000,4099000000.000000,3.550000,3.520000,3.550000,21727000000.000000,21040750000.000000,21727000000.000000,221735331836.000000,54.000000,41.338000,4894000000.000000,4.169000,1.000000,11921000000.000000,0.470000,12786000000.000000,0.000000,22840000000.000000,23774750000.000000,0.000000,15946000000.000000,9149000000.000000,6797000000.000000,54076000000.000000,43029000000.000000,11047000000.000000,-11000000.000000,-2763000000.000000,-3211000000.000000,-89000000.000000,0.000000,-557000000.000000,-5149000000.000000,-1676000000.000000,5797000000.000000,-102000000.000000,4169000000.000000,4169000000.000000,4169000000.000000,0.000000,0.000000,0.164000,7659000000.000000,4262000000.000000,39038000000.000000,0.000000,10.198000,53.147000,53.121000,1909000000.000000,0.000000,188.580000,8.733000,8.726000,36941000000.000000,16535000000.000000,25371000000.000000,25371000000.000000,3038000000.000000,0.056000,0.198000,0.172000,0.162000,1376000000.000000,4559000000.000000,1.000000,1174930172.000000,1174000000.000000,1186000000.000000,21.611000,63017000000.000000,0.000000,-70000000.000000,3234000000.000000,53.677000
MRY,2022-12-31,2022-12-31,2022-12-31,2022-FY,12416000000.000000,81192775073.000000,2025-04-29,-928000000.000000,78624000000.000000,77168500000.000000,57424000000.000000,21200000000.000000,0.357000,17.568000,-701000000.000000,7776000000.000000,7776000000.000000,15865000000.000000,2419000000.000000,1.276000,2.878000,10417000000.000000,0.000000,10417000000.000000,10417000000.000000,0.000000,1317000000.000000,0.000000,0.000000,0.000000,3366000000.000000,4683000000.000000,0.170000,4683000000.000000,3366000000.000000,3366000000.000000,2.100000,2.090000,2.100000,20274000000.000000,20227000000.000000,20274000000.000000,84774775073.000000,25.000000,18.103000,5112000000.000000,4.430000,1.000000,11653000000.000000,0.423000,11997000000.000000,0.000000,24260000000.000000,24492000000.000000,0.000000,15541000000.000000,10523000000.000000,5018000000.000000,58350000000.000000,45008000000.000000,13342000000.000000,1127000000.000000,0.000000,-4056000000.000000,1789000000.000000,0.000000,-1203000000.000000,-3328000000.000000,-94000000.000000,5813000000.000000,-155000000.000000,2419000000.000000,2419000000.000000,2419000000.000000,0.000000,0.000000,0.088000,7816000000.000000,3837000000.000000,40140000000.000000,0.000000,4.005000,33.565000,33.914000,1730000000.000000,0.000000,71.220000,2.951000,2.987000,37227000000.000000,18954000000.000000,27518000000.000000,27518000000.000000,3253000000.000000,0.031000,0.120000,0.137000,0.122000,1261000000.000000,4356000000.000000,1.000000,1140027732.000000,1154000000.000000,1158000000.000000,23.846000,66627000000.000000,0.000000,947000000.000000,0.000000,57.736000
MRY,2023-12-31,2023-12-31,2023-12-31,2023-FY,14103000000.000000,66208591156.000000,2025-04-29,-746000000.000000,82166000000.000000,77592750000.000000,62569000000.000000,19597000000.000000,0.384000,19.085000,-578000000.000000,9081000000.000000,9081000000.000000,17986000000.000000,4246000000.000000,1.291000,2.903000,9676000000.000000,0.000000,9676000000.000000,9676000000.000000,0.000000,1072000000.000000,0.000000,0.000000,0.000000,5411000000.000000,6483000000.000000,0.218000,6483000000.000000,5411000000.000000,5411000000.000000,3.850000,3.840000,3.850000,21051000000.000000,20077500000.000000,21051000000.000000,70032591156.000000,13.000000,10.802000,4265000000.000000,3.867000,1.000000,11785000000.000000,0.396000,11563000000.000000,0.000000,22732000000.000000,24737500000.000000,0.000000,14248000000.000000,10975000000.000000,3273000000.000000,61115000000.000000,48466000000.000000,12649000000.000000,2678000000.000000,466000000.000000,-4875000000.000000,475000000.000000,0.000000,-2993000000.000000,752000000.000000,3721000000.000000,4843000000.000000,76000000.000000,4246000000.000000,4246000000.000000,4246000000.000000,0.000000,0.000000,0.143000,6757000000.000000,5028000000.000000,42074000000.000000,0.000000,3.145000,15.593000,15.951000,1488000000.000000,0.000000,61.410000,2.224000,2.275000,40004000000.000000,23200000000.000000,29771000000.000000,29771000000.000000,2973000000.000000,0.055000,0.211000,0.219000,0.182000,1475000000.000000,3868000000.000000,1.000000,1078140224.000000,1103000000.000000,1107000000.000000,26.991000,70603000000.000000,0.000000,1165000000.000000,0.000000,64.010000
MRY,2024-12-31,2024-12-31,2024-12-31,2024-FY,12716000000.000000,85566688970.000000,2025-04-29,-550000000.000000,78725000000.000000,82399750000.000000,58206000000.000000,20519000000.000000,0.386000,19.842000,-682000000.000000,6561000000.000000,6561000000.000000,18907000000.000000,4147000000.000000,1.280000,2.856000,9879000000.000000,0.000000,9879000000.000000,9879000000.000000,0.000000,1032000000.000000,0.000000,0.000000,0.000000,5329000000.000000,6361000000.000000,0.200000,6361000000.000000,5329000000.000000,5329000000.000000,4.030000,3.990000,4.030000,20417000000.000000,20478750000.000000,20417000000.000000,88270688970.000000,17.000000,13.877000,6768000000.000000,6.577000,1.000000,12890000000.000000,0.405000,11163000000.000000,0.000000,25390000000.000000,24042000000.000000,0.000000,15808000000.000000,11225000000.000000,4583000000.000000,58308000000.000000,45490000000.000000,12818000000.000000,556000000.000000,0.000000,-5952000000.000000,-115000000.000000,0.000000,-8276000000.000000,1589000000.000000,-796000000.000000,7450000000.000000,-207000000.000000,4147000000.000000,4147000000.000000,4147000000.000000,0.000000,0.000000,0.130000,7565000000.000000,5325000000.000000,39898000000.000000,0.000000,4.191000,20.633000,21.179000,1508000000.000000,0.000000,85.350000,2.691000,2.762000,38655000000.000000,27347000000.000000,31797000000.000000,31797000000.000000,2979000000.000000,0.050000,0.203000,0.222000,0.168000,1230000000.000000,4148000000.000000,1.000000,1002538828.000000,1029000000.000000,1039000000.000000,30.901000,67562000000.000000,0.000000,1182000000.000000,0.000000,65.658000
