dimension,calendardate,datekey,reportperiod,fiscalperiod,workingcapital,marketcap,lastupdated,accoci,assets,assetsavg,assetsc,assetsnc,assetturnover,bvps,capex,cashneq,cashnequsd,cor,consolinc,currentratio,de,debt,debtc,debtnc,debtusd,deferredrev,depamor,deposits,divyield,dps,ebit,ebitda,ebitdamargin,ebitdausd,ebitusd,ebt,eps,epsdil,epsusd,equity,equityavg,equityusd,ev,evebit,evebitda,fcf,fcfps,fxusd,gp,grossmargin,intangibles,intexp,invcap,invcapavg,inventory,investments,investmentsc,investmentsnc,liabilities,liabilitiesc,liabilitiesnc,ncf,ncfbus,ncfcommon,ncfdebt,ncfdiv,ncff,ncfi,ncfinv,ncfo,ncfx,netinc,netinccmn,netinccmnusd,netincdis,netincnci,netmargin,opex,opinc,payables,payoutratio,pb,pe,pe1,ppnenet,prefdivis,price,ps,ps1,receivables,retearn,revenue,revenueusd,rnd,roa,roe,roic,ros,sbcomp,sgna,sharefactor,sharesbas,shareswa,shareswadil,sps,tangibles,taxassets,taxexp,taxliabilities,tbvps
ARQ,2018-09-30,2018-12-04,2018-09-30,2018-Q3,931529000.000000,,2025-05-01,-922000.000000,1489160000.000000,,1117947000.000000,371213000.000000,,-2.334000,,167891000.000000,167891000.000000,,,5.997000,-0.545000,26892000.000000,0.000000,26892000.000000,26892000.000000,302565000.000000,,0.000000,,0.000000,,,,,,,,,,-757129000.000000,,-757129000.000000,,,,,,1.000000,,,0.000000,,1161743000.000000,,0.000000,1067030000.000000,905143000.000000,161887000.000000,412728000.000000,186418000.000000,226310000.000000,,,,,,,,,,,,,,,,,,,24356000.000000,,,,,206457000.000000,,,,,11557000.000000,-865201000.000000,,,,,,,,,,1.000000,324411226.000000,324411226.000000,,,1489160000.000000,0.000000,,0.000000,4.590000
ARQ,2018-12-31,2019-03-13,2018-12-31,2018-Q4,1340203000.000000,6570139366.000000,2025-05-01,-1320000.000000,1962149000.000000,,1563006000.000000,399143000.000000,,18.865000,-13637000.000000,658959000.000000,658959000.000000,0.000000,-141426000.000000,7.015000,0.282000,33489000.000000,0.000000,33489000.000000,33489000.000000,274408000.000000,7350000.000000,0.000000,0.000000,0.000000,-141258000.000000,-133908000.000000,-3.780000,-133908000.000000,-141258000.000000,-141258000.000000,-1.040000,-1.040000,-1.040000,1530241000.000000,,1530241000.000000,5944669366.000000,-15.000000,-16.534000,-104657000.000000,-1.290000,1.000000,35421000.000000,1.000000,0.000000,0.000000,1113876000.000000,,0.000000,1047585000.000000,863063000.000000,184522000.000000,431908000.000000,222803000.000000,209105000.000000,491304000.000000,0.000000,564093000.000000,11822000.000000,0.000000,575915000.000000,6409000.000000,19810000.000000,-91020000.000000,0.000000,-141426000.000000,-144099000.000000,-144099000.000000,0.000000,0.000000,-4.068000,188452000.000000,-153031000.000000,31210000.000000,0.000000,4.294000,-16.349000,-4.034000,211977000.000000,2673000.000000,19.970000,48.643000,11.993000,12585000.000000,-1006627000.000000,35421000.000000,35421000.000000,150429000.000000,,,,,31641000.000000,38023000.000000,1.000000,329000469.000000,81114183.000000,81114183.000000,0.437000,1962149000.000000,0.000000,168000.000000,0.000000,24.190000
ARQ,2019-03-31,2019-05-09,2019-03-31,2019-Q1,981668000.000000,7652616060.000000,2025-05-01,591000.000000,1806207000.000000,,1140827000.000000,665380000.000000,,4.398000,-7595000.000000,502934000.000000,502934000.000000,0.000000,-132657000.000000,7.168000,0.249000,33384000.000000,0.000000,33384000.000000,33384000.000000,230820000.000000,7328000.000000,0.000000,0.000000,0.000000,-132681000.000000,-125353000.000000,-7.822000,-125353000.000000,-132681000.000000,-132681000.000000,-0.400000,-0.400000,-0.400000,1446033000.000000,,1446033000.000000,7183066060.000000,,,-151522000.000000,-0.461000,1.000000,16025000.000000,1.000000,0.000000,0.000000,1177498000.000000,,0.000000,1055472000.000000,605990000.000000,449482000.000000,360174000.000000,159159000.000000,201015000.000000,-155734000.000000,0.000000,57000.000000,-105000.000000,0.000000,-48000.000000,-11759000.000000,-4164000.000000,-143927000.000000,0.000000,-132657000.000000,-132657000.000000,-132657000.000000,0.000000,0.000000,-8.278000,157858000.000000,-141833000.000000,38509000.000000,0.000000,5.292000,,,213460000.000000,0.000000,23.260000,,,6611000.000000,-1111300000.000000,16025000.000000,16025000.000000,130575000.000000,,,,,18497000.000000,27283000.000000,1.000000,329003270.000000,328809986.000000,328809986.000000,0.049000,1806207000.000000,0.000000,-24000.000000,0.000000,5.493000
ARQ,2019-06-30,2019-08-08,2019-06-30,2019-Q2,935431000.000000,4355103244.000000,2025-05-01,2741000.000000,1685279000.000000,,1097418000.000000,587861000.000000,,4.066000,-10586000.000000,151686000.000000,151686000.000000,0.000000,-135054000.000000,6.775000,0.259000,33588000.000000,0.000000,33588000.000000,33588000.000000,223324000.000000,7489000.000000,0.000000,0.000000,0.000000,-135378000.000000,-127889000.000000,-9.775000,-127889000.000000,-135378000.000000,-135378000.000000,-0.410000,-0.410000,-0.410000,1338554000.000000,,1338554000.000000,4237005244.000000,,,-122806000.000000,-0.373000,1.000000,13083000.000000,1.000000,0.000000,0.000000,1405194000.000000,,0.000000,1295516000.000000,918722000.000000,376794000.000000,346725000.000000,161987000.000000,184738000.000000,-351309000.000000,0.000000,3930000.000000,3882000.000000,0.000000,7812000.000000,-246901000.000000,-236315000.000000,-112220000.000000,0.000000,-135054000.000000,-135054000.000000,-135054000.000000,0.000000,0.000000,-10.323000,157019000.000000,-143936000.000000,29609000.000000,0.000000,3.254000,,,208509000.000000,0.000000,13.190000,,,4518000.000000,-1246354000.000000,13083000.000000,13083000.000000,128496000.000000,,,,,21495000.000000,28523000.000000,1.000000,330182202.000000,329176107.000000,329176107.000000,0.040000,1685279000.000000,0.000000,-324000.000000,0.000000,5.120000
ARQ,2019-09-30,2019-11-06,2019-09-30,2019-Q3,946624000.000000,5375324355.000000,2025-05-01,2830000.000000,1590899000.000000,,1094466000.000000,496433000.000000,,3.785000,-6711000.000000,174743000.000000,174743000.000000,0.000000,-123194000.000000,7.403000,0.271000,33801000.000000,0.000000,33801000.000000,33801000.000000,213629000.000000,7265000.000000,0.000000,0.000000,0.000000,-123372000.000000,-116107000.000000,-6.811000,-116107000.000000,-123372000.000000,-123372000.000000,-0.370000,-0.370000,-0.370000,1251807000.000000,,1251807000.000000,5234382355.000000,-10.000000,-10.401000,-113759000.000000,-0.344000,1.000000,17046000.000000,1.000000,0.000000,0.000000,1302115000.000000,,0.000000,1175480000.000000,884829000.000000,290651000.000000,339092000.000000,147842000.000000,191250000.000000,22086000.000000,0.000000,15554000.000000,213000.000000,0.000000,15767000.000000,113367000.000000,120078000.000000,-107048000.000000,0.000000,-123194000.000000,-123194000.000000,-123194000.000000,0.000000,0.000000,-7.227000,147903000.000000,-130857000.000000,11737000.000000,0.000000,4.294000,-10.047000,-7.266000,203688000.000000,0.000000,16.130000,65.894000,65.404000,8216000.000000,-1369548000.000000,17046000.000000,17046000.000000,119715000.000000,,,,,20804000.000000,28188000.000000,1.000000,333250115.000000,330769341.000000,330769341.000000,0.052000,1590899000.000000,0.000000,-178000.000000,0.000000,4.810000
ARQ,2019-12-31,2020-02-27,2019-12-31,2019-Q4,985689000.000000,9643689056.000000,2025-05-01,1804000.000000,1589422000.000000,,1128804000.000000,460618000.000000,,3.513000,-6662000.000000,236908000.000000,236908000.000000,0.000000,-123116000.000000,7.887000,0.353000,132364000.000000,0.000000,132364000.000000,132364000.000000,202305000.000000,8939000.000000,0.000000,0.000000,0.000000,-123285000.000000,-114346000.000000,-8.136000,-114346000.000000,-123285000.000000,-123285000.000000,-0.360000,-0.360000,-0.360000,1174810000.000000,,1174810000.000000,9539145056.000000,-19.000000,-19.721000,-102435000.000000,-0.306000,1.000000,14055000.000000,1.000000,0.000000,0.000000,1341763000.000000,,0.000000,1037902000.000000,867124000.000000,170778000.000000,414612000.000000,143115000.000000,271497000.000000,62165000.000000,0.000000,30609000.000000,-3019000.000000,0.000000,27590000.000000,130348000.000000,137010000.000000,-95773000.000000,0.000000,-123116000.000000,-123116000.000000,-123116000.000000,0.000000,0.000000,-8.760000,143149000.000000,-129094000.000000,7090000.000000,0.000000,8.209000,-18.761000,-16.877000,287909000.000000,0.000000,26.160000,160.170000,143.729000,5369000.000000,-1496454000.000000,14055000.000000,14055000.000000,117523000.000000,,,,,20326000.000000,25626000.000000,1.000000,368642548.000000,334431578.000000,334431578.000000,0.042000,1589422000.000000,0.000000,-169000.000000,0.000000,4.753000
ARQ,2020-03-31,2020-05-07,2020-03-31,2020-Q1,1115354000.000000,19745397379.000000,2025-05-01,-6127000.000000,2067541000.000000,,1249936000.000000,817605000.000000,,4.647000,-6223000.000000,392752000.000000,392752000.000000,0.000000,-124230000.000000,9.288000,0.260000,147849000.000000,0.000000,147849000.000000,147849000.000000,201831000.000000,7449000.000000,0.000000,0.000000,0.000000,-124164000.000000,-116715000.000000,-13.913000,-116715000.000000,-124164000.000000,-124164000.000000,-0.350000,-0.350000,-0.350000,1640874000.000000,,1640874000.000000,19500494379.000000,-39.000000,-41.049000,-112414000.000000,-0.318000,1.000000,8389000.000000,1.000000,0.000000,0.000000,1688056000.000000,,0.000000,1339251000.000000,825981000.000000,513270000.000000,426667000.000000,134582000.000000,292085000.000000,155844000.000000,0.000000,577812000.000000,241000.000000,0.000000,578053000.000000,-316018000.000000,-309795000.000000,-106191000.000000,0.000000,-124230000.000000,-124230000.000000,-124230000.000000,0.000000,0.000000,-14.809000,139251000.000000,-130862000.000000,11034000.000000,0.000000,12.033000,-39.054000,-35.698000,302599000.000000,0.000000,53.190000,375.581000,357.249000,7300000.000000,-1620684000.000000,8389000.000000,8389000.000000,115137000.000000,,,,,20413000.000000,24114000.000000,1.000000,371223865.000000,353105021.000000,353105021.000000,0.024000,2067541000.000000,0.000000,66000.000000,0.000000,5.855000
ARQ,2020-06-30,2020-08-06,2020-06-30,2020-Q2,2635097000.000000,29104726204.000000,2025-05-01,8256000.000000,3486006000.000000,,2796744000.000000,689262000.000000,,7.744000,-18632000.000000,1762661000.000000,1762661000.000000,0.000000,-116713000.000000,17.302000,0.183000,167772000.000000,0.000000,167772000.000000,167772000.000000,253722000.000000,7596000.000000,0.000000,0.000000,0.000000,-116565000.000000,-108969000.000000,-1.642000,-108969000.000000,-116565000.000000,-116565000.000000,-0.310000,-0.310000,-0.310000,2946885000.000000,,2946885000.000000,27509837204.000000,-56.000000,-60.310000,-42507000.000000,-0.112000,1.000000,66351000.000000,1.000000,0.000000,0.000000,1729470000.000000,,0.000000,1321091000.000000,955384000.000000,365707000.000000,539121000.000000,161647000.000000,377474000.000000,1369909000.000000,0.000000,1381501000.000000,-196000.000000,0.000000,1381305000.000000,12479000.000000,31111000.000000,-23875000.000000,0.000000,-116713000.000000,-116713000.000000,-116713000.000000,0.000000,0.000000,-1.759000,188478000.000000,-122127000.000000,18817000.000000,0.000000,9.876000,-59.732000,-53.065000,321985000.000000,0.000000,73.760000,274.985000,265.190000,33362000.000000,-1737397000.000000,66351000.000000,66351000.000000,151856000.000000,,,,,23923000.000000,36622000.000000,1.000000,394586852.000000,380531488.000000,380531488.000000,0.174000,3486006000.000000,0.000000,148000.000000,0.000000,9.161000
ARQ,2020-09-30,2020-10-30,2020-09-30,2020-Q3,2103650000.000000,26698560784.000000,2025-05-01,4784000.000000,4650873000.000000,,3577211000.000000,1073662000.000000,,6.992000,-19292000.000000,1506613000.000000,1506613000.000000,0.000000,-233636000.000000,2.428000,0.685000,207563000.000000,0.000000,207563000.000000,207563000.000000,1442274000.000000,8500000.000000,0.000000,0.000000,0.000000,-232772000.000000,-224272000.000000,-1.420000,-224272000.000000,-232772000.000000,-232772000.000000,-0.590000,-0.590000,-0.590000,2759798000.000000,,2759798000.000000,25399510784.000000,-43.000000,-45.010000,873456000.000000,2.213000,1.000000,157910000.000000,1.000000,0.000000,0.000000,1878262000.000000,,0.000000,2473743000.000000,1770721000.000000,703022000.000000,1891075000.000000,1473561000.000000,417514000.000000,-255786000.000000,0.000000,29732000.000000,-6000.000000,0.000000,29726000.000000,-1178260000.000000,-1158968000.000000,892748000.000000,0.000000,-233636000.000000,-233636000.000000,-233636000.000000,0.000000,0.000000,-1.480000,393027000.000000,-235117000.000000,20521000.000000,0.000000,9.674000,-44.669000,-41.907000,368593000.000000,0.000000,67.470000,108.221000,107.940000,190501000.000000,-1971033000.000000,157910000.000000,157910000.000000,344486000.000000,,,,,23206000.000000,48541000.000000,1.000000,395710105.000000,394682744.000000,394682744.000000,0.400000,4650873000.000000,0.000000,864000.000000,0.000000,11.784000
ARQ,2020-12-31,2021-02-26,2020-12-31,2020-Q4,1909071000.000000,61888328989.000000,2025-05-01,3004000.000000,7336750000.000000,,6297879000.000000,1038871000.000000,,6.455000,-23301000.000000,2624882000.000000,2624882000.000000,7933000.000000,-272485000.000000,1.435000,1.864000,207295000.000000,0.000000,207295000.000000,207295000.000000,4044612000.000000,69992000.000000,0.000000,0.000000,0.000000,-271012000.000000,-201020000.000000,-0.352000,-201020000.000000,-271012000.000000,-271012000.000000,-0.700000,-0.700000,-0.700000,2561375000.000000,,2561375000.000000,59470741989.000000,-80.000000,-91.356000,1240988000.000000,3.127000,1.000000,562812000.000000,0.986000,0.000000,0.000000,530355000.000000,,46527000.000000,2633659000.000000,1983758000.000000,649901000.000000,4775375000.000000,4388808000.000000,386567000.000000,1118269000.000000,0.000000,50363000.000000,-6254000.000000,0.000000,44109000.000000,-190129000.000000,-166828000.000000,1264289000.000000,0.000000,-272485000.000000,-272485000.000000,-272485000.000000,0.000000,0.000000,-0.477000,837850000.000000,-275038000.000000,18359000.000000,0.000000,24.162000,-82.842000,-78.985000,387090000.000000,0.000000,154.810000,77.034000,73.481000,1390560000.000000,-2243518000.000000,570745000.000000,570745000.000000,758860000.000000,,,,,25479000.000000,78990000.000000,1.000000,399769582.000000,396809387.000000,396809387.000000,1.438000,7336750000.000000,0.000000,1473000.000000,0.000000,18.489000
ARQ,2021-03-31,2021-05-06,2021-03-31,2021-Q1,3262000000.000000,64445210134.000000,2025-05-01,1000000.000000,12694000000.000000,,11703000000.000000,991000000.000000,,9.595000,-35000000.000000,5442000000.000000,5442000000.000000,193000000.000000,1221000000.000000,1.386000,2.307000,234000000.000000,0.000000,234000000.000000,234000000.000000,7710000000.000000,15000000.000000,0.000000,0.000000,0.000000,1260000000.000000,1275000000.000000,0.658000,1275000000.000000,1260000000.000000,1260000000.000000,3.050000,2.840000,3.050000,3838000000.000000,,3838000000.000000,59237210134.000000,93.000000,79.970000,2936000000.000000,7.340000,1.000000,1744000000.000000,0.900000,0.000000,0.000000,-955000000.000000,,494000000.000000,2772000000.000000,2293000000.000000,479000000.000000,8856000000.000000,8441000000.000000,415000000.000000,2817000000.000000,0.000000,28000000.000000,-2000000.000000,0.000000,26000000.000000,-180000000.000000,-145000000.000000,2971000000.000000,0.000000,1221000000.000000,1221000000.000000,1221000000.000000,0.000000,0.000000,0.630000,478000000.000000,1266000000.000000,8000000.000000,0.000000,16.791000,107.738000,110.690000,461000000.000000,0.000000,160.500000,23.589000,23.499000,3210000000.000000,-1023000000.000000,1937000000.000000,1937000000.000000,401000000.000000,,,,,30000000.000000,77000000.000000,1.000000,401527789.000000,400000000.000000,430000000.000000,4.843000,12694000000.000000,50000000.000000,39000000.000000,0.000000,31.735000
ARQ,2021-06-30,2021-08-05,2021-06-30,2021-Q2,2129000000.000000,168021813833.000000,2025-05-01,16000000.000000,16153000000.000000,,10969000000.000000,5184000000.000000,,16.677000,-30000000.000000,5603000000.000000,5603000000.000000,750000000.000000,2780000000.000000,1.241000,1.409000,433000000.000000,0.000000,433000000.000000,433000000.000000,7477000000.000000,69000000.000000,0.000000,0.000000,0.000000,3063000000.000000,3132000000.000000,0.719000,3132000000.000000,3063000000.000000,3063000000.000000,6.930000,6.460000,6.930000,6704000000.000000,,6704000000.000000,162851813833.000000,43.000000,40.900000,4033000000.000000,10.032000,1.000000,3604000000.000000,0.828000,0.000000,0.000000,2143000000.000000,,643000000.000000,6605000000.000000,2387000000.000000,4218000000.000000,9449000000.000000,8840000000.000000,609000000.000000,161000000.000000,0.000000,36000000.000000,-60000000.000000,0.000000,-24000000.000000,-3878000000.000000,-3848000000.000000,4063000000.000000,0.000000,2780000000.000000,2780000000.000000,2780000000.000000,0.000000,0.000000,0.638000,542000000.000000,3062000000.000000,77000000.000000,0.000000,25.063000,48.077000,47.901000,898000000.000000,0.000000,416.260000,23.936000,23.838000,2020000000.000000,1757000000.000000,4354000000.000000,4354000000.000000,421000000.000000,,,,,35000000.000000,121000000.000000,1.000000,403646312.000000,402000000.000000,431000000.000000,10.831000,16153000000.000000,66000000.000000,283000000.000000,0.000000,40.182000
ARQ,2021-09-30,2021-11-04,2021-09-30,2021-Q3,3468000000.000000,115155774659.000000,2025-05-01,31000000.000000,20923000000.000000,,13425000000.000000,7498000000.000000,,25.059000,-99000000.000000,5550000000.000000,5550000000.000000,722000000.000000,3333000000.000000,1.348000,1.067000,343000000.000000,0.000000,343000000.000000,343000000.000000,8475000000.000000,70000000.000000,0.000000,0.000000,0.000000,3552000000.000000,3622000000.000000,0.729000,3622000000.000000,3552000000.000000,3552000000.000000,8.270000,7.700000,8.270000,10124000000.000000,,10124000000.000000,109948774659.000000,14.000000,14.046000,3177000000.000000,7.864000,1.000000,4247000000.000000,0.855000,0.000000,0.000000,5759000000.000000,,965000000.000000,9809000000.000000,3356000000.000000,6453000000.000000,10799000000.000000,9957000000.000000,842000000.000000,-53000000.000000,0.000000,32000000.000000,-34000000.000000,0.000000,-2000000.000000,-3327000000.000000,-3228000000.000000,3276000000.000000,0.000000,3333000000.000000,3333000000.000000,3333000000.000000,0.000000,0.000000,0.671000,689000000.000000,3558000000.000000,87000000.000000,0.000000,11.375000,16.308000,16.183000,960000000.000000,0.000000,284.020000,9.734000,9.699000,3142000000.000000,5090000000.000000,4969000000.000000,4969000000.000000,521000000.000000,,,,,40000000.000000,168000000.000000,1.000000,405449527.000000,404000000.000000,434000000.000000,12.300000,20923000000.000000,81000000.000000,219000000.000000,565000000.000000,51.790000
ARQ,2021-12-31,2022-02-25,2021-12-31,2021-Q4,6943000000.000000,60966768971.000000,2025-05-01,-24000000.000000,24669000000.000000,,16071000000.000000,8598000000.000000,,34.840000,-120000000.000000,6848000000.000000,6848000000.000000,952000000.000000,4868000000.000000,1.761000,0.744000,705000000.000000,0.000000,705000000.000000,705000000.000000,6868000000.000000,78000000.000000,0.000000,0.000000,0.000000,5410000000.000000,5488000000.000000,0.761000,5488000000.000000,5410000000.000000,5410000000.000000,12.060000,11.290000,12.060000,14145000000.000000,,14145000000.000000,54823768971.000000,4.000000,4.056000,3190000000.000000,7.857000,1.000000,6259000000.000000,0.868000,0.000000,0.000000,9398000000.000000,,1441000000.000000,10734000000.000000,3879000000.000000,6855000000.000000,10524000000.000000,9128000000.000000,1396000000.000000,1299000000.000000,0.000000,-829000000.000000,-44000000.000000,0.000000,-873000000.000000,-1138000000.000000,-1018000000.000000,3310000000.000000,0.000000,4868000000.000000,4868000000.000000,4868000000.000000,0.000000,0.000000,0.675000,849000000.000000,5410000000.000000,302000000.000000,0.000000,4.310000,4.996000,4.993000,1383000000.000000,0.000000,151.330000,3.301000,3.302000,3175000000.000000,9958000000.000000,7211000000.000000,7211000000.000000,648000000.000000,,,,,37000000.000000,201000000.000000,1.000000,402872986.000000,406000000.000000,431000000.000000,17.761000,24669000000.000000,326000000.000000,542000000.000000,876000000.000000,60.761000
ARQ,2022-03-31,2022-05-04,2022-03-31,2022-Q1,7112000000.000000,61672613111.000000,2025-05-01,-184000000.000000,27609000000.000000,,16350000000.000000,11259000000.000000,,42.475000,-132000000.000000,5048000000.000000,5048000000.000000,1017000000.000000,3657000000.000000,1.770000,0.617000,741000000.000000,0.000000,741000000.000000,741000000.000000,6063000000.000000,79000000.000000,0.000000,0.000000,0.000000,4229000000.000000,4308000000.000000,0.710000,4308000000.000000,4229000000.000000,4229000000.000000,9.090000,8.580000,9.090000,17075000000.000000,,17075000000.000000,57365613111.000000,4.000000,3.466000,2631000000.000000,6.545000,1.000000,5049000000.000000,0.832000,0.000000,0.000000,14064000000.000000,,1942000000.000000,14250000000.000000,5067000000.000000,9183000000.000000,10534000000.000000,9238000000.000000,1296000000.000000,-1800000000.000000,0.000000,-611000000.000000,-31000000.000000,0.000000,-642000000.000000,-3921000000.000000,-3789000000.000000,2763000000.000000,0.000000,3657000000.000000,3657000000.000000,3657000000.000000,0.000000,0.000000,0.603000,822000000.000000,4227000000.000000,199000000.000000,0.000000,3.612000,4.213000,4.265000,1473000000.000000,0.000000,155.050000,2.729000,2.758000,3173000000.000000,13615000000.000000,6066000000.000000,6066000000.000000,554000000.000000,,,,,44000000.000000,268000000.000000,1.000000,397759517.000000,402000000.000000,426000000.000000,15.090000,27609000000.000000,521000000.000000,572000000.000000,1592000000.000000,68.679000
ARQ,2022-06-30,2022-08-03,2022-06-30,2022-Q2,6751000000.000000,72954802961.000000,2025-05-01,-240000000.000000,26043000000.000000,,13563000000.000000,12480000000.000000,,45.417000,-87000000.000000,2873000000.000000,2873000000.000000,1381000000.000000,2197000000.000000,1.991000,0.448000,728000000.000000,0.000000,728000000.000000,728000000.000000,4498000000.000000,76000000.000000,0.000000,0.000000,0.000000,2474000000.000000,2550000000.000000,0.537000,2550000000.000000,2474000000.000000,2474000000.000000,5.550000,5.240000,5.550000,17985000000.000000,,17985000000.000000,70809802961.000000,5.000000,4.434000,217000000.000000,0.548000,1.000000,3368000000.000000,0.709000,0.000000,0.000000,17086000000.000000,,1921000000.000000,15198000000.000000,5024000000.000000,10174000000.000000,8058000000.000000,6812000000.000000,1246000000.000000,-2175000000.000000,0.000000,-1281000000.000000,-46000000.000000,0.000000,-1327000000.000000,-1152000000.000000,-1065000000.000000,304000000.000000,0.000000,2197000000.000000,2197000000.000000,2197000000.000000,0.000000,0.000000,0.463000,921000000.000000,2447000000.000000,181000000.000000,0.000000,4.056000,5.191000,5.333000,1446000000.000000,0.000000,186.490000,3.173000,3.212000,2691000000.000000,15812000000.000000,4749000000.000000,4749000000.000000,710000000.000000,,,,,50000000.000000,211000000.000000,1.000000,391199544.000000,396000000.000000,419000000.000000,11.992000,26043000000.000000,785000000.000000,277000000.000000,349000000.000000,65.765000
ARQ,2022-09-30,2022-11-03,2022-09-30,2022-Q3,7490000000.000000,56666619178.000000,2025-05-01,-351000000.000000,26056000000.000000,,14297000000.000000,11759000000.000000,,46.133000,-89000000.000000,3027000000.000000,3027000000.000000,1100000000.000000,1043000000.000000,2.100000,0.448000,1001000000.000000,0.000000,1001000000.000000,1001000000.000000,4177000000.000000,113000000.000000,0.000000,0.000000,0.000000,1217000000.000000,1330000000.000000,0.395000,1330000000.000000,1217000000.000000,1217000000.000000,2.670000,2.530000,2.670000,17992000000.000000,,17992000000.000000,54640619178.000000,4.000000,3.995000,163000000.000000,0.418000,1.000000,2264000000.000000,0.673000,0.000000,0.000000,17223000000.000000,,2077000000.000000,13990000000.000000,5321000000.000000,8669000000.000000,8064000000.000000,6807000000.000000,1257000000.000000,156000000.000000,0.000000,-995000000.000000,-46000000.000000,0.000000,-1041000000.000000,945000000.000000,1034000000.000000,252000000.000000,0.000000,1043000000.000000,1043000000.000000,1043000000.000000,0.000000,0.000000,0.310000,1098000000.000000,1166000000.000000,330000000.000000,0.000000,3.150000,4.817000,5.022000,2132000000.000000,0.000000,147.500000,2.649000,2.689000,2695000000.000000,16855000000.000000,3364000000.000000,3364000000.000000,820000000.000000,,,,,70000000.000000,278000000.000000,1.000000,384180469.000000,390000000.000000,412000000.000000,8.626000,26056000000.000000,920000000.000000,174000000.000000,66000000.000000,66.810000
ARQ,2022-12-31,2023-02-24,2022-12-31,2022-Q4,8508000000.000000,53801651860.000000,2025-05-01,-370000000.000000,25858000000.000000,,13431000000.000000,12427000000.000000,,49.286000,-92000000.000000,3205000000.000000,3205000000.000000,1918000000.000000,1465000000.000000,2.728000,0.352000,1004000000.000000,0.000000,1004000000.000000,1004000000.000000,2711000000.000000,80000000.000000,0.000000,0.000000,0.000000,1655000000.000000,1735000000.000000,0.341000,1735000000.000000,1655000000.000000,1655000000.000000,3.850000,3.660000,3.850000,19123000000.000000,,19123000000.000000,51600651860.000000,5.000000,5.200000,1570000000.000000,4.046000,1.000000,3166000000.000000,0.623000,0.000000,0.000000,18734000000.000000,,949000000.000000,15015000000.000000,6697000000.000000,8318000000.000000,6735000000.000000,4923000000.000000,1812000000.000000,176000000.000000,0.000000,-377000000.000000,-61000000.000000,0.000000,-438000000.000000,-1048000000.000000,-956000000.000000,1662000000.000000,0.000000,1465000000.000000,1465000000.000000,1465000000.000000,0.000000,0.000000,0.288000,1586000000.000000,1580000000.000000,487000000.000000,0.000000,2.813000,6.434000,6.550000,2139000000.000000,0.000000,139.260000,2.793000,2.848000,1385000000.000000,18320000000.000000,5084000000.000000,5084000000.000000,1211000000.000000,,,,,62000000.000000,375000000.000000,1.000000,386339594.000000,388000000.000000,407000000.000000,13.103000,25858000000.000000,982000000.000000,190000000.000000,48000000.000000,66.644000
ARQ,2023-03-31,2023-05-04,2023-03-31,2023-Q1,8623000000.000000,51207850777.000000,2025-05-01,-267000000.000000,24125000000.000000,,12122000000.000000,12003000000.000000,,48.868000,-113000000.000000,3441000000.000000,3441000000.000000,792000000.000000,79000000.000000,3.464000,0.279000,927000000.000000,0.000000,927000000.000000,927000000.000000,1892000000.000000,78000000.000000,0.000000,0.000000,0.000000,-305000000.000000,-227000000.000000,-0.122000,-227000000.000000,-305000000.000000,-305000000.000000,0.200000,0.190000,0.200000,18863000000.000000,,18863000000.000000,48693850777.000000,10.000000,9.037000,-1338000000.000000,-3.466000,1.000000,1070000000.000000,0.575000,0.000000,0.000000,18112000000.000000,,732000000.000000,12924000000.000000,5482000000.000000,7442000000.000000,5262000000.000000,3499000000.000000,1763000000.000000,244000000.000000,-85000000.000000,-517000000.000000,-25000000.000000,0.000000,-542000000.000000,2011000000.000000,2209000000.000000,-1225000000.000000,0.000000,79000000.000000,79000000.000000,79000000.000000,0.000000,0.000000,0.042000,1436000000.000000,-366000000.000000,389000000.000000,0.000000,2.715000,10.704000,10.948000,2135000000.000000,0.000000,134.330000,3.400000,3.443000,1113000000.000000,18399000000.000000,1862000000.000000,1862000000.000000,1131000000.000000,,,,,75000000.000000,305000000.000000,1.000000,381209341.000000,386000000.000000,405000000.000000,4.824000,24125000000.000000,1262000000.000000,-384000000.000000,66000000.000000,62.500000
ARQ,2023-06-30,2023-08-03,2023-06-30,2023-Q2,7476000000.000000,41846155051.000000,2025-05-01,-263000000.000000,21884000000.000000,,10599000000.000000,11285000000.000000,,44.486000,-234000000.000000,3801000000.000000,3801000000.000000,731000000.000000,-1380000000.000000,3.394000,0.291000,947000000.000000,0.000000,947000000.000000,947000000.000000,1732000000.000000,92000000.000000,0.000000,0.000000,0.000000,-1749000000.000000,-1657000000.000000,-4.817000,-1657000000.000000,-1749000000.000000,-1749000000.000000,-3.620000,-3.620000,-3.620000,16949000000.000000,,16949000000.000000,38992155051.000000,48.000000,33.016000,-1149000000.000000,-3.016000,1.000000,-387000000.000000,-1.125000,0.000000,0.000000,15907000000.000000,,715000000.000000,10763000000.000000,4658000000.000000,6105000000.000000,4935000000.000000,3123000000.000000,1812000000.000000,361000000.000000,0.000000,-612000000.000000,-56000000.000000,0.000000,-668000000.000000,1944000000.000000,2178000000.000000,-915000000.000000,0.000000,-1380000000.000000,-1380000000.000000,-1380000000.000000,0.000000,0.000000,-4.012000,1480000000.000000,-1867000000.000000,310000000.000000,0.000000,2.469000,34.670000,35.468000,2410000000.000000,0.000000,109.950000,3.928000,3.932000,232000000.000000,17019000000.000000,344000000.000000,344000000.000000,1148000000.000000,,,,,74000000.000000,332000000.000000,1.000000,380592588.000000,381000000.000000,381000000.000000,0.903000,21884000000.000000,1480000000.000000,-369000000.000000,47000000.000000,57.438000
ARQ,2023-09-30,2023-11-03,2023-09-30,2023-Q3,6414000000.000000,29560948210.000000,2025-05-01,-211000000.000000,19450000000.000000,,10799000000.000000,8651000000.000000,,35.315000,-140000000.000000,2932000000.000000,2932000000.000000,2241000000.000000,-3630000000.000000,2.463000,0.446000,1272000000.000000,0.000000,1272000000.000000,1272000000.000000,1538000000.000000,249000000.000000,0.000000,0.000000,0.000000,-1958000000.000000,-1709000000.000000,-0.933000,-1709000000.000000,-1958000000.000000,-1958000000.000000,-9.530000,-9.530000,-9.530000,13455000000.000000,,13455000000.000000,27900948210.000000,-12.000000,-15.017000,-1740000000.000000,-4.567000,1.000000,-410000000.000000,-0.224000,0.000000,0.000000,13405000000.000000,,487000000.000000,9914000000.000000,4641000000.000000,5273000000.000000,5995000000.000000,4385000000.000000,1610000000.000000,-869000000.000000,0.000000,7000000.000000,-65000000.000000,0.000000,-58000000.000000,789000000.000000,929000000.000000,-1600000000.000000,0.000000,-3630000000.000000,-3630000000.000000,-3630000000.000000,0.000000,0.000000,-1.983000,1602000000.000000,-2012000000.000000,494000000.000000,0.000000,2.197000,-8.529000,-8.520000,2717000000.000000,0.000000,77.530000,3.241000,3.239000,1866000000.000000,13389000000.000000,1831000000.000000,1831000000.000000,1160000000.000000,,,,,77000000.000000,442000000.000000,1.000000,381283996.000000,381000000.000000,381000000.000000,4.806000,19450000000.000000,0.000000,1672000000.000000,56000000.000000,51.050000
ARQ,2023-12-31,2024-02-23,2023-12-31,2023-Q4,7310000000.000000,36854781644.000000,2025-05-01,-123000000.000000,18426000000.000000,,10325000000.000000,8101000000.000000,,36.267000,-220000000.000000,2907000000.000000,2907000000.000000,929000000.000000,217000000.000000,3.425000,0.330000,1218000000.000000,0.000000,1218000000.000000,1218000000.000000,651000000.000000,202000000.000000,0.000000,0.000000,0.000000,70000000.000000,272000000.000000,0.097000,272000000.000000,70000000.000000,70000000.000000,0.560000,0.560000,0.560000,13854000000.000000,,13854000000.000000,35165781644.000000,-9.000000,-10.589000,402000000.000000,1.052000,1.000000,1882000000.000000,0.670000,0.000000,0.000000,13722000000.000000,,202000000.000000,10374000000.000000,5697000000.000000,4677000000.000000,4572000000.000000,3015000000.000000,1557000000.000000,-25000000.000000,0.000000,15000000.000000,-124000000.000000,0.000000,-109000000.000000,-538000000.000000,-318000000.000000,622000000.000000,0.000000,217000000.000000,217000000.000000,217000000.000000,0.000000,0.000000,0.077000,1876000000.000000,6000000.000000,520000000.000000,0.000000,2.660000,-7.818000,-7.823000,2658000000.000000,0.000000,96.460000,5.382000,5.381000,892000000.000000,13606000000.000000,2811000000.000000,2811000000.000000,1406000000.000000,,,,,79000000.000000,470000000.000000,1.000000,382073208.000000,382000000.000000,382000000.000000,7.359000,18426000000.000000,81000000.000000,-147000000.000000,63000000.000000,48.236000
ARQ,2024-03-31,2024-05-02,2024-03-31,2024-Q1,7220000000.000000,48131077188.000000,2025-05-01,-101000000.000000,16729000000.000000,,9600000000.000000,7129000000.000000,,33.552000,-196000000.000000,2051000000.000000,2051000000.000000,96000000.000000,-1175000000.000000,4.034000,0.305000,1212000000.000000,0.000000,1212000000.000000,1212000000.000000,617000000.000000,36000000.000000,0.000000,0.000000,0.000000,-1165000000.000000,-1129000000.000000,-6.760000,-1129000000.000000,-1165000000.000000,-1165000000.000000,-3.070000,-3.070000,-3.070000,12817000000.000000,,12817000000.000000,47292077188.000000,-10.000000,-11.199000,-1185000000.000000,-3.102000,1.000000,71000000.000000,0.425000,0.000000,0.000000,13510000000.000000,,295000000.000000,10110000000.000000,6472000000.000000,3638000000.000000,3912000000.000000,2380000000.000000,1532000000.000000,-857000000.000000,0.000000,15000000.000000,-1000000.000000,0.000000,14000000.000000,118000000.000000,314000000.000000,-989000000.000000,0.000000,-1175000000.000000,-1175000000.000000,-1175000000.000000,0.000000,0.000000,-7.036000,1337000000.000000,-1266000000.000000,183000000.000000,0.000000,3.755000,-8.065000,-8.020000,2760000000.000000,0.000000,125.590000,9.340000,9.310000,137000000.000000,12431000000.000000,167000000.000000,167000000.000000,1063000000.000000,,,,,101000000.000000,274000000.000000,1.000000,383239726.000000,382000000.000000,382000000.000000,0.437000,16729000000.000000,81000000.000000,10000000.000000,52000000.000000,43.793000
ARQ,2024-06-30,2024-08-01,2024-06-30,2024-Q2,7298000000.000000,36198574145.000000,2025-05-01,-71000000.000000,15680000000.000000,,9661000000.000000,6019000000.000000,,30.500000,-182000000.000000,2478000000.000000,2478000000.000000,115000000.000000,-1279000000.000000,4.088000,0.339000,1244000000.000000,0.000000,1244000000.000000,1244000000.000000,797000000.000000,41000000.000000,0.000000,0.000000,0.000000,-1279000000.000000,-1238000000.000000,-5.137000,-1238000000.000000,-1279000000.000000,-1279000000.000000,-3.330000,-3.330000,-3.330000,11712000000.000000,,11712000000.000000,34964574145.000000,-8.000000,-9.192000,-1456000000.000000,-3.792000,1.000000,126000000.000000,0.523000,0.000000,0.000000,12083000000.000000,,399000000.000000,8336000000.000000,6010000000.000000,2326000000.000000,3968000000.000000,2363000000.000000,1605000000.000000,409000000.000000,0.000000,32000000.000000,2000000.000000,0.000000,34000000.000000,1649000000.000000,1831000000.000000,-1274000000.000000,0.000000,-1279000000.000000,-1279000000.000000,-1279000000.000000,0.000000,0.000000,-5.307000,1489000000.000000,-1363000000.000000,279000000.000000,0.000000,3.091000,-6.170000,-6.127000,2971000000.000000,0.000000,94.170000,7.168000,7.161000,163000000.000000,11152000000.000000,241000000.000000,241000000.000000,1221000000.000000,,,,,112000000.000000,268000000.000000,1.000000,384396030.000000,384000000.000000,384000000.000000,0.628000,15680000000.000000,81000000.000000,0.000000,7000000.000000,40.833000
ARQ,2024-09-30,2024-11-07,2024-09-30,2024-Q3,7465000000.000000,19348639537.000000,2025-05-01,11000000.000000,15803000000.000000,,9666000000.000000,6137000000.000000,,30.979000,-151000000.000000,1644000000.000000,1644000000.000000,514000000.000000,13000000.000000,4.392000,0.325000,1304000000.000000,0.000000,1304000000.000000,1304000000.000000,474000000.000000,52000000.000000,0.000000,0.000000,0.000000,21000000.000000,73000000.000000,0.039000,73000000.000000,21000000.000000,21000000.000000,0.030000,0.030000,0.030000,11927000000.000000,,11927000000.000000,19008639537.000000,-8.000000,-9.401000,-1717000000.000000,-4.460000,1.000000,1348000000.000000,0.724000,0.000000,0.000000,13262000000.000000,,412000000.000000,7558000000.000000,5223000000.000000,2335000000.000000,3876000000.000000,2201000000.000000,1675000000.000000,-833000000.000000,0.000000,8000000.000000,3000000.000000,0.000000,11000000.000000,721000000.000000,872000000.000000,-1566000000.000000,1000000.000000,13000000.000000,13000000.000000,13000000.000000,0.000000,0.000000,0.007000,1418000000.000000,-70000000.000000,373000000.000000,0.000000,1.622000,-8.700000,-8.654000,3165000000.000000,0.000000,50.280000,3.808000,3.810000,1564000000.000000,11165000000.000000,1862000000.000000,1862000000.000000,1137000000.000000,,,,,112000000.000000,281000000.000000,1.000000,384817811.000000,385000000.000000,399000000.000000,4.836000,15803000000.000000,81000000.000000,8000000.000000,4000000.000000,41.047000
ARQ,2024-12-31,2025-02-21,2024-12-31,2024-Q4,5893000000.000000,13708038110.000000,2025-05-01,-10000000.000000,14142000000.000000,,8099000000.000000,6043000000.000000,,28.168000,-522000000.000000,1927000000.000000,1927000000.000000,739000000.000000,-1120000000.000000,3.671000,0.297000,710000000.000000,0.000000,710000000.000000,710000000.000000,211000000.000000,60000000.000000,0.000000,0.000000,0.000000,-1184000000.000000,-1124000000.000000,-1.164000,-1124000000.000000,-1184000000.000000,-1184000000.000000,-2.910000,-2.910000,-2.910000,10901000000.000000,,10901000000.000000,12491038110.000000,-3.000000,-3.654000,303000000.000000,0.783000,1.000000,227000000.000000,0.235000,0.000000,0.000000,10719000000.000000,,117000000.000000,7592000000.000000,5098000000.000000,2494000000.000000,3241000000.000000,2206000000.000000,1035000000.000000,282000000.000000,0.000000,11000000.000000,-14000000.000000,0.000000,-3000000.000000,-539000000.000000,-17000000.000000,825000000.000000,-1000000.000000,-1120000000.000000,-1120000000.000000,-1120000000.000000,0.000000,0.000000,-1.159000,1473000000.000000,-1246000000.000000,405000000.000000,0.000000,1.258000,-3.849000,-3.829000,2955000000.000000,0.000000,35.530000,4.236000,4.216000,358000000.000000,10045000000.000000,966000000.000000,966000000.000000,1122000000.000000,,,,,104000000.000000,351000000.000000,1.000000,385815877.000000,387000000.000000,387000000.000000,2.496000,14142000000.000000,0.000000,-64000000.000000,0.000000,36.543000
ARQ,2025-03-31,2025-05-01,2025-03-31,2025-Q1,5162000000.000000,10453631395.000000,2025-05-01,10000000.000000,12704000000.000000,,6766000000.000000,5938000000.000000,,26.078000,-127000000.000000,1623000000.000000,1623000000.000000,90000000.000000,-971000000.000000,4.218000,0.262000,702000000.000000,0.000000,702000000.000000,702000000.000000,183000000.000000,39000000.000000,0.000000,0.000000,0.000000,-964000000.000000,-925000000.000000,-8.565000,-925000000.000000,-964000000.000000,-964000000.000000,-2.520000,-2.520000,-2.520000,10066000000.000000,,10066000000.000000,9532631395.000000,-3.000000,-2.966000,-1164000000.000000,-3.016000,1.000000,18000000.000000,0.167000,0.000000,0.000000,10179000000.000000,,128000000.000000,6770000000.000000,4352000000.000000,2418000000.000000,2638000000.000000,1604000000.000000,1034000000.000000,-303000000.000000,0.000000,3000000.000000,2000000.000000,0.000000,4000000.000000,730000000.000000,857000000.000000,-1037000000.000000,0.000000,-971000000.000000,-971000000.000000,-971000000.000000,0.000000,0.000000,-8.991000,1068000000.000000,-1050000000.000000,226000000.000000,0.000000,1.039000,-3.114000,-3.096000,2964000000.000000,0.000000,27.030000,3.290000,3.284000,78000000.000000,9074000000.000000,108000000.000000,108000000.000000,856000000.000000,,,,,115000000.000000,212000000.000000,1.000000,386741820.000000,386000000.000000,386000000.000000,0.280000,12704000000.000000,0.000000,7000000.000000,0.000000,32.912000
ART,2018-09-30,2018-12-04,2018-09-30,2018-Q3,931529000.000000,,2025-05-01,-922000.000000,1489160000.000000,,1117947000.000000,371213000.000000,,-2.334000,,167891000.000000,167891000.000000,,,5.997000,-0.545000,26892000.000000,0.000000,26892000.000000,26892000.000000,302565000.000000,,0.000000,,0.000000,,,,,,,,,,-757129000.000000,,-757129000.000000,,,,,,1.000000,,,0.000000,,1161743000.000000,,0.000000,1067030000.000000,905143000.000000,161887000.000000,412728000.000000,186418000.000000,226310000.000000,,,,,,,,,,,,,,,,,,,24356000.000000,,,,,206457000.000000,,,,,11557000.000000,-865201000.000000,,,,,,,,,,1.000000,324411226.000000,324411226.000000,,,1489160000.000000,0.000000,,0.000000,4.590000
ART,2018-12-31,2019-03-13,2018-12-31,2018-Q4,1340203000.000000,6570139366.000000,2025-05-01,-1320000.000000,1962149000.000000,,1563006000.000000,399143000.000000,,18.865000,-105766000.000000,658959000.000000,658959000.000000,0.000000,-384734000.000000,7.015000,0.282000,33489000.000000,0.000000,33489000.000000,33489000.000000,274408000.000000,24862000.000000,0.000000,0.000000,0.000000,-384408000.000000,-359546000.000000,-2.662000,-359546000.000000,-384408000.000000,-384408000.000000,-4.950000,-4.950000,-4.950000,1530241000.000000,,1530241000.000000,5944669366.000000,-15.000000,-16.534000,-436631000.000000,-5.383000,1.000000,135068000.000000,1.000000,0.000000,0.000000,1113876000.000000,,0.000000,1047585000.000000,863063000.000000,184522000.000000,431908000.000000,222803000.000000,209105000.000000,523505000.000000,0.000000,564453000.000000,9460000.000000,0.000000,1226842000.000000,-372472000.000000,-267328000.000000,-330865000.000000,0.000000,-384734000.000000,-401857000.000000,-401857000.000000,0.000000,0.000000,-2.975000,548334000.000000,-413266000.000000,31210000.000000,0.000000,4.294000,-16.349000,-4.034000,211977000.000000,17123000.000000,19.970000,48.643000,11.993000,12585000.000000,-1006627000.000000,135068000.000000,135068000.000000,454082000.000000,,,,-2.846000,72565000.000000,94252000.000000,1.000000,329000469.000000,81114183.000000,81114183.000000,1.665000,1962149000.000000,0.000000,326000.000000,0.000000,24.190000
ART,2019-03-31,2019-05-09,2019-03-31,2019-Q1,981668000.000000,7652616060.000000,2025-05-01,591000.000000,1806207000.000000,,1140827000.000000,665380000.000000,,4.398000,,502934000.000000,502934000.000000,,,7.168000,0.249000,33384000.000000,0.000000,33384000.000000,33384000.000000,230820000.000000,,0.000000,0.000000,0.000000,,,,,,,,,,1446033000.000000,,1446033000.000000,7183066060.000000,,,,,1.000000,,,0.000000,,1177498000.000000,,0.000000,1055472000.000000,605990000.000000,449482000.000000,360174000.000000,159159000.000000,201015000.000000,,,,,,,,,,,,,,,,,,,38509000.000000,,5.292000,,,213460000.000000,,23.260000,,,6611000.000000,-1111300000.000000,,,,,,,,,,1.000000,329003270.000000,328809986.000000,,,1806207000.000000,0.000000,,0.000000,5.493000
ART,2019-06-30,2019-08-08,2019-06-30,2019-Q2,935431000.000000,4355103244.000000,2025-05-01,2741000.000000,1685279000.000000,1735698750.000000,1097418000.000000,587861000.000000,,4.066000,,151686000.000000,151686000.000000,,,6.775000,0.259000,33588000.000000,0.000000,33588000.000000,33588000.000000,223324000.000000,,0.000000,0.000000,0.000000,,,,,,,,,,1338554000.000000,889424750.000000,1338554000.000000,4237005244.000000,,,,,1.000000,,,0.000000,,1405194000.000000,1214577750.000000,0.000000,1295516000.000000,918722000.000000,376794000.000000,346725000.000000,161987000.000000,184738000.000000,,,,,,,,,,,,,,,,,,,29609000.000000,,3.254000,,,208509000.000000,,13.190000,,,4518000.000000,-1246354000.000000,,,,,,,,,,1.000000,330182202.000000,329176107.000000,,,1685279000.000000,0.000000,,0.000000,5.120000
ART,2019-09-30,2019-11-06,2019-09-30,2019-Q3,946624000.000000,5375324355.000000,2025-05-01,2830000.000000,1590899000.000000,1761133500.000000,1094466000.000000,496433000.000000,0.046000,3.785000,-38529000.000000,174743000.000000,174743000.000000,0.000000,-532331000.000000,7.403000,0.271000,33801000.000000,0.000000,33801000.000000,33801000.000000,213629000.000000,29432000.000000,0.000000,0.000000,0.000000,-532689000.000000,-503257000.000000,-6.169000,-503257000.000000,-532689000.000000,-532689000.000000,-2.220000,-2.220000,-2.220000,1251807000.000000,1391658750.000000,1251807000.000000,5234382355.000000,-10.000000,-10.401000,-492744000.000000,-1.490000,1.000000,81575000.000000,1.000000,0.000000,0.000000,1302115000.000000,1249670750.000000,0.000000,1175480000.000000,884829000.000000,290651000.000000,339092000.000000,147842000.000000,191250000.000000,6347000.000000,0.000000,583634000.000000,15812000.000000,0.000000,599446000.000000,-138884000.000000,-100591000.000000,-454215000.000000,0.000000,-532331000.000000,-535004000.000000,-535004000.000000,0.000000,0.000000,-6.558000,651232000.000000,-569657000.000000,11737000.000000,0.000000,4.294000,-10.047000,-7.266000,203688000.000000,2673000.000000,16.130000,65.894000,65.404000,8216000.000000,-1369548000.000000,81575000.000000,81575000.000000,529215000.000000,-0.304000,-0.384000,-0.426000,-6.530000,92437000.000000,122017000.000000,1.000000,333250115.000000,330769341.000000,330769341.000000,0.247000,1590899000.000000,0.000000,-358000.000000,0.000000,4.810000
ART,2019-12-31,2020-02-27,2019-12-31,2019-Q4,985689000.000000,9643689056.000000,2025-05-01,1804000.000000,1589422000.000000,1667951750.000000,1128804000.000000,460618000.000000,0.036000,3.551000,-31554000.000000,236908000.000000,236908000.000000,0.000000,-514021000.000000,7.887000,0.353000,132364000.000000,0.000000,132364000.000000,132364000.000000,202305000.000000,31021000.000000,0.000000,0.000000,0.000000,-514716000.000000,-483695000.000000,-8.034000,-483695000.000000,-514716000.000000,-514716000.000000,-1.550000,-1.550000,-1.550000,1174810000.000000,1302801000.000000,1174810000.000000,9539145056.000000,-19.000000,-19.721000,-490522000.000000,-1.483000,1.000000,60209000.000000,1.000000,0.000000,0.000000,1341763000.000000,1306642500.000000,0.000000,1037902000.000000,867124000.000000,170778000.000000,414612000.000000,143115000.000000,271497000.000000,-422792000.000000,0.000000,50150000.000000,971000.000000,0.000000,51121000.000000,-14945000.000000,16609000.000000,-458968000.000000,0.000000,-514021000.000000,-514021000.000000,-514021000.000000,0.000000,0.000000,-8.537000,605929000.000000,-545720000.000000,7090000.000000,0.000000,8.209000,-18.761000,-16.877000,287909000.000000,0.000000,26.160000,160.170000,143.729000,5369000.000000,-1496454000.000000,60209000.000000,60209000.000000,496309000.000000,-0.308000,-0.395000,-0.394000,-8.549000,81122000.000000,109620000.000000,1.000000,368642548.000000,330802136.000000,330802136.000000,0.182000,1589422000.000000,0.000000,-695000.000000,0.000000,4.805000
ART,2020-03-31,2020-05-07,2020-03-31,2020-Q1,1115354000.000000,19745397379.000000,2025-05-01,-6127000.000000,2067541000.000000,1733285250.000000,1249936000.000000,817605000.000000,0.030000,4.647000,-30182000.000000,392752000.000000,392752000.000000,0.000000,-505594000.000000,9.288000,0.260000,147849000.000000,0.000000,147849000.000000,147849000.000000,201831000.000000,31142000.000000,0.000000,0.000000,0.000000,-506199000.000000,-475057000.000000,-9.036000,-475057000.000000,-506199000.000000,-506199000.000000,-1.490000,-1.490000,-1.490000,1640874000.000000,1351511250.000000,1640874000.000000,19500494379.000000,-39.000000,-41.049000,-451414000.000000,-1.278000,1.000000,52573000.000000,1.000000,0.000000,0.000000,1688056000.000000,1434282000.000000,0.000000,1339251000.000000,825981000.000000,513270000.000000,426667000.000000,134582000.000000,292085000.000000,-111214000.000000,0.000000,627905000.000000,1317000.000000,0.000000,629222000.000000,-319204000.000000,-289022000.000000,-421232000.000000,0.000000,-505594000.000000,-505594000.000000,-505594000.000000,0.000000,0.000000,-9.617000,587322000.000000,-534749000.000000,11034000.000000,0.000000,12.033000,-39.054000,-35.698000,302599000.000000,0.000000,53.190000,375.581000,357.249000,7300000.000000,-1620684000.000000,52573000.000000,52573000.000000,480871000.000000,-0.292000,-0.374000,-0.353000,-9.628000,83038000.000000,106451000.000000,1.000000,371223865.000000,353105021.000000,353105021.000000,0.149000,2067541000.000000,0.000000,-605000.000000,0.000000,5.855000
ART,2020-06-30,2020-08-06,2020-06-30,2020-Q2,2635097000.000000,29104726204.000000,2025-05-01,8256000.000000,3486006000.000000,2183467000.000000,2796744000.000000,689262000.000000,0.048000,7.744000,-38228000.000000,1762661000.000000,1762661000.000000,0.000000,-487253000.000000,17.302000,0.183000,167772000.000000,0.000000,167772000.000000,167772000.000000,253722000.000000,31249000.000000,0.000000,0.000000,0.000000,-487386000.000000,-456137000.000000,-4.310000,-456137000.000000,-487386000.000000,-487386000.000000,-1.390000,-1.390000,-1.390000,2946885000.000000,1753594000.000000,2946885000.000000,27509837204.000000,-56.000000,-60.310000,-371115000.000000,-0.975000,1.000000,105841000.000000,1.000000,0.000000,0.000000,1729470000.000000,1515351000.000000,0.000000,1321091000.000000,955384000.000000,365707000.000000,539121000.000000,161647000.000000,377474000.000000,1610004000.000000,0.000000,2005476000.000000,-2761000.000000,0.000000,2002715000.000000,-59824000.000000,-21596000.000000,-332887000.000000,0.000000,-487253000.000000,-487253000.000000,-487253000.000000,0.000000,0.000000,-4.604000,618781000.000000,-512940000.000000,18817000.000000,0.000000,9.876000,-59.732000,-53.065000,321985000.000000,0.000000,73.760000,274.985000,265.190000,33362000.000000,-1737397000.000000,105841000.000000,105841000.000000,504231000.000000,-0.223000,-0.278000,-0.322000,-4.605000,85466000.000000,114550000.000000,1.000000,394586852.000000,380531488.000000,380531488.000000,0.278000,3486006000.000000,0.000000,-133000.000000,0.000000,9.161000
ART,2020-09-30,2020-10-30,2020-09-30,2020-Q3,2103650000.000000,26698560784.000000,2025-05-01,4784000.000000,4650873000.000000,2948460500.000000,3577211000.000000,1073662000.000000,0.084000,6.992000,-50809000.000000,1506613000.000000,1506613000.000000,0.000000,-597695000.000000,2.428000,0.685000,207563000.000000,0.000000,207563000.000000,207563000.000000,1442274000.000000,32484000.000000,0.000000,0.000000,0.000000,-596786000.000000,-564302000.000000,-2.287000,-564302000.000000,-596786000.000000,-596786000.000000,-1.610000,-1.610000,-1.610000,2759798000.000000,2130591750.000000,2759798000.000000,25399510784.000000,-43.000000,-45.010000,616100000.000000,1.561000,1.000000,246705000.000000,1.000000,0.000000,0.000000,1878262000.000000,1659387750.000000,0.000000,2473743000.000000,1770721000.000000,703022000.000000,1891075000.000000,1473561000.000000,417514000.000000,1332132000.000000,0.000000,2019654000.000000,-2980000.000000,0.000000,2016674000.000000,-1351451000.000000,-1300642000.000000,666909000.000000,0.000000,-597695000.000000,-597695000.000000,-597695000.000000,0.000000,0.000000,-2.423000,863905000.000000,-617200000.000000,20521000.000000,0.000000,9.674000,-44.669000,-41.907000,368593000.000000,0.000000,67.470000,108.221000,107.940000,190501000.000000,-1971033000.000000,246705000.000000,246705000.000000,729002000.000000,-0.203000,-0.281000,-0.360000,-2.419000,87868000.000000,134903000.000000,1.000000,395710105.000000,394682744.000000,394682744.000000,0.625000,4650873000.000000,0.000000,909000.000000,0.000000,11.784000
ART,2020-12-31,2021-02-26,2020-12-31,2020-Q4,1909071000.000000,61888328989.000000,2025-05-01,3004000.000000,7336750000.000000,4385292500.000000,6297879000.000000,1038871000.000000,0.183000,6.717000,-67448000.000000,2624882000.000000,2624882000.000000,7933000.000000,-747064000.000000,1.435000,1.864000,207295000.000000,0.000000,207295000.000000,207295000.000000,4044612000.000000,93537000.000000,0.000000,0.000000,0.000000,-744513000.000000,-650976000.000000,-0.810000,-650976000.000000,-744513000.000000,-744513000.000000,-1.960000,-1.960000,-1.960000,2561375000.000000,2477233000.000000,2561375000.000000,59470741989.000000,-80.000000,-91.356000,1959523000.000000,5.139000,1.000000,795462000.000000,0.990000,0.000000,0.000000,530355000.000000,1456535750.000000,46527000.000000,2633659000.000000,1983758000.000000,649901000.000000,4775375000.000000,4388808000.000000,386567000.000000,2388236000.000000,0.000000,2039408000.000000,-6215000.000000,0.000000,2033193000.000000,-1671928000.000000,-1604480000.000000,2026971000.000000,0.000000,-747064000.000000,-747064000.000000,-747064000.000000,0.000000,0.000000,-0.930000,1558606000.000000,-763144000.000000,18359000.000000,0.000000,24.162000,-82.842000,-78.985000,387090000.000000,0.000000,154.810000,77.034000,73.481000,1390560000.000000,-2243518000.000000,803395000.000000,803395000.000000,1370339000.000000,-0.170000,-0.302000,-0.511000,-0.927000,93021000.000000,188267000.000000,1.000000,399769582.000000,381333059.000000,381333059.000000,2.107000,7336750000.000000,0.000000,2551000.000000,0.000000,19.240000
ART,2021-03-31,2021-05-06,2021-03-31,2021-Q1,3262000000.000000,64445210134.000000,2025-05-01,1000000.000000,12694000000.000000,7041907250.000000,11703000000.000000,991000000.000000,0.388000,9.595000,-96225000.000000,5442000000.000000,5442000000.000000,200933000.000000,598166000.000000,1.386000,2.307000,234000000.000000,0.000000,234000000.000000,234000000.000000,7710000000.000000,101088000.000000,0.000000,0.000000,0.000000,639651000.000000,740739000.000000,0.271000,740739000.000000,639651000.000000,639651000.000000,1.450000,1.240000,1.450000,3838000000.000000,3026514500.000000,3838000000.000000,59237210134.000000,93.000000,79.970000,5007937000.000000,12.520000,1.000000,2531073000.000000,0.926000,0.000000,0.000000,-955000000.000000,795771750.000000,494000000.000000,2772000000.000000,2293000000.000000,479000000.000000,8856000000.000000,8441000000.000000,415000000.000000,5049392000.000000,0.000000,1489596000.000000,-8456000.000000,0.000000,1481140000.000000,-1535910000.000000,-1439685000.000000,5104162000.000000,0.000000,598166000.000000,598166000.000000,598166000.000000,0.000000,0.000000,0.219000,1897355000.000000,633718000.000000,8000000.000000,0.000000,16.791000,107.738000,110.690000,461000000.000000,0.000000,160.500000,23.589000,23.499000,3210000000.000000,-1023000000.000000,2732006000.000000,2732006000.000000,1656202000.000000,0.085000,0.198000,0.804000,0.234000,102608000.000000,241153000.000000,1.000000,401527789.000000,400000000.000000,430000000.000000,6.830000,12694000000.000000,50000000.000000,41485000.000000,0.000000,31.735000
ART,2021-06-30,2021-08-05,2021-06-30,2021-Q2,2129000000.000000,168021813833.000000,2025-05-01,16000000.000000,16153000000.000000,10208655750.000000,10969000000.000000,5184000000.000000,0.688000,16.677000,-107593000.000000,5603000000.000000,5603000000.000000,950933000.000000,3494879000.000000,1.241000,1.409000,433000000.000000,0.000000,433000000.000000,433000000.000000,7477000000.000000,162492000.000000,0.000000,0.000000,0.000000,3819216000.000000,3981708000.000000,0.567000,3981708000.000000,3819216000.000000,3819216000.000000,8.690000,8.010000,8.690000,6704000000.000000,3965793250.000000,6704000000.000000,162851813833.000000,43.000000,40.900000,9083444000.000000,22.596000,1.000000,6068722000.000000,0.865000,0.000000,0.000000,2143000000.000000,899154250.000000,643000000.000000,6605000000.000000,2387000000.000000,4218000000.000000,9449000000.000000,8840000000.000000,609000000.000000,3840483000.000000,0.000000,144095000.000000,-68260000.000000,0.000000,75835000.000000,-5426389000.000000,-5318796000.000000,9191037000.000000,0.000000,3494879000.000000,3494879000.000000,3494879000.000000,0.000000,0.000000,0.498000,2250877000.000000,3817845000.000000,77000000.000000,0.000000,25.063000,48.077000,47.901000,898000000.000000,0.000000,416.260000,23.936000,23.838000,2020000000.000000,1757000000.000000,7019655000.000000,7019655000.000000,1925346000.000000,0.342000,0.881000,4.248000,0.544000,113685000.000000,325531000.000000,1.000000,403646312.000000,402000000.000000,431000000.000000,17.462000,16153000000.000000,66000000.000000,324337000.000000,0.000000,40.182000
ART,2021-09-30,2021-11-04,2021-09-30,2021-Q3,3468000000.000000,115155774659.000000,2025-05-01,31000000.000000,20923000000.000000,14276687500.000000,13425000000.000000,7498000000.000000,0.829000,25.059000,-187301000.000000,5550000000.000000,5550000000.000000,1672933000.000000,7061515000.000000,1.348000,1.067000,343000000.000000,0.000000,343000000.000000,343000000.000000,8475000000.000000,223992000.000000,0.000000,0.000000,0.000000,7603988000.000000,7827980000.000000,0.662000,7827980000.000000,7603988000.000000,7603988000.000000,17.550000,16.300000,17.550000,10124000000.000000,5806843750.000000,10124000000.000000,109948774659.000000,14.000000,14.046000,11386988000.000000,28.186000,1.000000,10157812000.000000,0.859000,0.000000,0.000000,5759000000.000000,1869338750.000000,965000000.000000,9809000000.000000,3356000000.000000,6453000000.000000,10799000000.000000,9957000000.000000,842000000.000000,4043269000.000000,0.000000,146363000.000000,-102254000.000000,0.000000,44109000.000000,-7575129000.000000,-7387828000.000000,11574289000.000000,0.000000,7061515000.000000,7061515000.000000,7061515000.000000,0.000000,0.000000,0.597000,2546850000.000000,7610962000.000000,87000000.000000,0.000000,11.375000,16.308000,16.183000,960000000.000000,0.000000,284.020000,9.734000,9.699000,3142000000.000000,5090000000.000000,11830745000.000000,11830745000.000000,2101860000.000000,0.495000,1.216000,4.068000,0.643000,130479000.000000,444990000.000000,1.000000,405449527.000000,404000000.000000,434000000.000000,29.284000,20923000000.000000,81000000.000000,542473000.000000,565000000.000000,51.790000
ART,2021-12-31,2022-02-25,2021-12-31,2021-Q4,6943000000.000000,60966768971.000000,2025-05-01,-24000000.000000,24669000000.000000,18609750000.000000,16071000000.000000,8598000000.000000,0.993000,35.099000,-284000000.000000,6848000000.000000,6848000000.000000,2617000000.000000,12202000000.000000,1.761000,0.744000,705000000.000000,0.000000,705000000.000000,705000000.000000,6868000000.000000,232000000.000000,0.000000,0.000000,0.000000,13285000000.000000,13517000000.000000,0.732000,13517000000.000000,13285000000.000000,13285000000.000000,30.310000,28.290000,30.310000,14145000000.000000,8702750000.000000,14145000000.000000,54823768971.000000,4.000000,4.056000,13336000000.000000,33.092000,1.000000,15854000000.000000,0.858000,0.000000,0.000000,9398000000.000000,4086250000.000000,1441000000.000000,10734000000.000000,3879000000.000000,6855000000.000000,10524000000.000000,9128000000.000000,1396000000.000000,4224000000.000000,0.000000,-733000000.000000,-140000000.000000,0.000000,-873000000.000000,-8523000000.000000,-8239000000.000000,13620000000.000000,0.000000,12202000000.000000,12202000000.000000,12202000000.000000,0.000000,0.000000,0.661000,2558000000.000000,13296000000.000000,302000000.000000,0.000000,4.310000,4.996000,4.993000,1383000000.000000,0.000000,151.330000,3.301000,3.302000,3175000000.000000,9958000000.000000,18471000000.000000,18471000000.000000,1991000000.000000,0.656000,1.402000,3.251000,0.719000,142000000.000000,567000000.000000,1.000000,402872986.000000,403000000.000000,431000000.000000,45.834000,24669000000.000000,326000000.000000,1083000000.000000,876000000.000000,61.213000
ART,2022-03-31,2022-05-04,2022-03-31,2022-Q1,7112000000.000000,61672613111.000000,2025-05-01,-184000000.000000,27609000000.000000,22338500000.000000,16350000000.000000,11259000000.000000,1.012000,42.475000,-381000000.000000,5048000000.000000,5048000000.000000,3441000000.000000,14638000000.000000,1.770000,0.617000,741000000.000000,0.000000,741000000.000000,741000000.000000,6063000000.000000,296000000.000000,0.000000,0.000000,0.000000,16254000000.000000,16550000000.000000,0.732000,16550000000.000000,16254000000.000000,16254000000.000000,36.350000,34.030000,36.350000,17075000000.000000,12012000000.000000,17075000000.000000,57365613111.000000,4.000000,3.466000,13031000000.000000,32.415000,1.000000,19159000000.000000,0.848000,0.000000,0.000000,14064000000.000000,7841000000.000000,1942000000.000000,14250000000.000000,5067000000.000000,9183000000.000000,10534000000.000000,9238000000.000000,1296000000.000000,-393000000.000000,0.000000,-1372000000.000000,-169000000.000000,0.000000,-1541000000.000000,-12264000000.000000,-11883000000.000000,13412000000.000000,0.000000,14638000000.000000,14638000000.000000,14638000000.000000,0.000000,0.000000,0.648000,2902000000.000000,16257000000.000000,199000000.000000,0.000000,3.612000,4.213000,4.265000,1473000000.000000,0.000000,155.050000,2.729000,2.758000,3173000000.000000,13615000000.000000,22600000000.000000,22600000000.000000,2144000000.000000,0.655000,1.219000,2.073000,0.719000,156000000.000000,758000000.000000,1.000000,397759517.000000,402000000.000000,426000000.000000,56.219000,27609000000.000000,521000000.000000,1616000000.000000,1592000000.000000,68.679000
ART,2022-06-30,2022-08-03,2022-06-30,2022-Q2,6751000000.000000,72954802961.000000,2025-05-01,-240000000.000000,26043000000.000000,24811000000.000000,13563000000.000000,12480000000.000000,0.927000,45.417000,-438000000.000000,2873000000.000000,2873000000.000000,4072000000.000000,14055000000.000000,1.991000,0.448000,728000000.000000,0.000000,728000000.000000,728000000.000000,4498000000.000000,303000000.000000,0.000000,0.000000,0.000000,15665000000.000000,15968000000.000000,0.694000,15968000000.000000,15665000000.000000,15665000000.000000,34.970000,32.810000,34.970000,17985000000.000000,14832250000.000000,17985000000.000000,70809802961.000000,5.000000,4.434000,9215000000.000000,23.270000,1.000000,18923000000.000000,0.823000,0.000000,0.000000,17086000000.000000,11576750000.000000,1921000000.000000,15198000000.000000,5024000000.000000,10174000000.000000,8058000000.000000,6812000000.000000,1246000000.000000,-2729000000.000000,0.000000,-2689000000.000000,-155000000.000000,0.000000,-2844000000.000000,-9538000000.000000,-9100000000.000000,9653000000.000000,0.000000,14055000000.000000,14055000000.000000,14055000000.000000,0.000000,0.000000,0.611000,3281000000.000000,15642000000.000000,181000000.000000,0.000000,4.056000,5.191000,5.333000,1446000000.000000,0.000000,186.490000,3.173000,3.212000,2691000000.000000,15812000000.000000,22995000000.000000,22995000000.000000,2433000000.000000,0.566000,0.948000,1.353000,0.681000,171000000.000000,848000000.000000,1.000000,391199544.000000,396000000.000000,419000000.000000,58.068000,26043000000.000000,785000000.000000,1610000000.000000,349000000.000000,65.765000
ART,2022-09-30,2022-11-03,2022-09-30,2022-Q3,7490000000.000000,56666619178.000000,2025-05-01,-351000000.000000,26056000000.000000,26094250000.000000,14297000000.000000,11759000000.000000,0.820000,46.133000,-428000000.000000,3027000000.000000,3027000000.000000,4450000000.000000,11765000000.000000,2.100000,0.448000,1001000000.000000,0.000000,1001000000.000000,1001000000.000000,4177000000.000000,346000000.000000,0.000000,0.000000,0.000000,13330000000.000000,13676000000.000000,0.639000,13676000000.000000,13330000000.000000,13330000000.000000,29.370000,27.640000,29.370000,17992000000.000000,16799250000.000000,17992000000.000000,54640619178.000000,4.000000,3.995000,6201000000.000000,15.900000,1.000000,16940000000.000000,0.792000,0.000000,0.000000,17223000000.000000,14442750000.000000,2077000000.000000,13990000000.000000,5321000000.000000,8669000000.000000,8064000000.000000,6807000000.000000,1257000000.000000,-2520000000.000000,0.000000,-3716000000.000000,-167000000.000000,0.000000,-3883000000.000000,-5266000000.000000,-4838000000.000000,6629000000.000000,0.000000,11765000000.000000,11765000000.000000,11765000000.000000,0.000000,0.000000,0.550000,3690000000.000000,13250000000.000000,330000000.000000,0.000000,3.150000,4.817000,5.022000,2132000000.000000,0.000000,147.500000,2.649000,2.689000,2695000000.000000,16855000000.000000,21390000000.000000,21390000000.000000,2732000000.000000,0.451000,0.700000,0.923000,0.623000,201000000.000000,958000000.000000,1.000000,384180469.000000,390000000.000000,412000000.000000,54.846000,26056000000.000000,920000000.000000,1565000000.000000,66000000.000000,66.810000
ART,2022-12-31,2023-02-24,2022-12-31,2022-Q4,8508000000.000000,53801651860.000000,2025-05-01,-370000000.000000,25858000000.000000,26391500000.000000,13431000000.000000,12427000000.000000,0.730000,48.536000,-400000000.000000,3205000000.000000,3205000000.000000,5416000000.000000,8362000000.000000,2.728000,0.352000,1004000000.000000,0.000000,1004000000.000000,1004000000.000000,2711000000.000000,348000000.000000,0.000000,0.000000,0.000000,9575000000.000000,9923000000.000000,0.515000,9923000000.000000,9575000000.000000,9575000000.000000,21.260000,20.120000,21.260000,19123000000.000000,18043750000.000000,19123000000.000000,51600651860.000000,5.000000,5.200000,4581000000.000000,11.627000,1.000000,13847000000.000000,0.719000,0.000000,0.000000,18734000000.000000,16776750000.000000,949000000.000000,15015000000.000000,6697000000.000000,8318000000.000000,6735000000.000000,4923000000.000000,1812000000.000000,-3643000000.000000,0.000000,-3264000000.000000,-184000000.000000,0.000000,-3448000000.000000,-5176000000.000000,-4776000000.000000,4981000000.000000,0.000000,8362000000.000000,8362000000.000000,8362000000.000000,0.000000,0.000000,0.434000,4427000000.000000,9420000000.000000,487000000.000000,0.000000,2.813000,6.434000,6.550000,2139000000.000000,0.000000,139.260000,2.793000,2.848000,1385000000.000000,18320000000.000000,19263000000.000000,19263000000.000000,3295000000.000000,0.317000,0.463000,0.571000,0.497000,226000000.000000,1132000000.000000,1.000000,386339594.000000,394000000.000000,416000000.000000,48.891000,25858000000.000000,982000000.000000,1213000000.000000,48000000.000000,65.629000
ART,2023-03-31,2023-05-04,2023-03-31,2023-Q1,8623000000.000000,51207850777.000000,2025-05-01,-267000000.000000,24125000000.000000,25520500000.000000,12122000000.000000,12003000000.000000,0.590000,48.868000,-381000000.000000,3441000000.000000,3441000000.000000,5191000000.000000,4784000000.000000,3.464000,0.279000,927000000.000000,0.000000,927000000.000000,927000000.000000,1892000000.000000,347000000.000000,0.000000,0.000000,0.000000,5041000000.000000,5388000000.000000,0.358000,5388000000.000000,5041000000.000000,5041000000.000000,12.270000,11.620000,12.270000,18863000000.000000,18490750000.000000,18863000000.000000,48693850777.000000,10.000000,9.037000,612000000.000000,1.585000,1.000000,9868000000.000000,0.655000,0.000000,0.000000,18112000000.000000,17788750000.000000,732000000.000000,12924000000.000000,5482000000.000000,7442000000.000000,5262000000.000000,3499000000.000000,1763000000.000000,-1599000000.000000,-85000000.000000,-3170000000.000000,-178000000.000000,0.000000,-3348000000.000000,756000000.000000,1222000000.000000,993000000.000000,0.000000,4784000000.000000,4784000000.000000,4784000000.000000,0.000000,0.000000,0.318000,5041000000.000000,4827000000.000000,389000000.000000,0.000000,2.715000,10.704000,10.948000,2135000000.000000,0.000000,134.330000,3.400000,3.443000,1113000000.000000,18399000000.000000,15059000000.000000,15059000000.000000,3872000000.000000,0.187000,0.259000,0.283000,0.335000,257000000.000000,1169000000.000000,1.000000,381209341.000000,386000000.000000,405000000.000000,39.013000,24125000000.000000,1262000000.000000,257000000.000000,66000000.000000,62.500000
ART,2023-06-30,2023-08-03,2023-06-30,2023-Q2,7476000000.000000,41846155051.000000,2025-05-01,-263000000.000000,21884000000.000000,24480750000.000000,10599000000.000000,11285000000.000000,0.435000,44.486000,-528000000.000000,3801000000.000000,3801000000.000000,4541000000.000000,1207000000.000000,3.394000,0.291000,947000000.000000,0.000000,947000000.000000,947000000.000000,1732000000.000000,363000000.000000,0.000000,0.000000,0.000000,818000000.000000,1181000000.000000,0.111000,1181000000.000000,818000000.000000,818000000.000000,3.100000,2.760000,3.100000,16949000000.000000,18231750000.000000,16949000000.000000,38992155051.000000,48.000000,33.016000,-754000000.000000,-1.979000,1.000000,6113000000.000000,0.574000,0.000000,0.000000,15907000000.000000,17494000000.000000,715000000.000000,10763000000.000000,4658000000.000000,6105000000.000000,4935000000.000000,3123000000.000000,1812000000.000000,937000000.000000,-85000000.000000,-2501000000.000000,-188000000.000000,0.000000,-2689000000.000000,3852000000.000000,4465000000.000000,-226000000.000000,0.000000,1207000000.000000,1207000000.000000,1207000000.000000,0.000000,0.000000,0.113000,5600000000.000000,513000000.000000,310000000.000000,0.000000,2.469000,34.670000,35.468000,2410000000.000000,0.000000,109.950000,3.928000,3.932000,232000000.000000,17019000000.000000,10654000000.000000,10654000000.000000,4310000000.000000,0.049000,0.066000,0.047000,0.077000,281000000.000000,1290000000.000000,1.000000,380592588.000000,381000000.000000,381000000.000000,27.963000,21884000000.000000,1480000000.000000,-389000000.000000,47000000.000000,57.438000
ART,2023-09-30,2023-11-03,2023-09-30,2023-Q3,6414000000.000000,29560948210.000000,2025-05-01,-211000000.000000,19450000000.000000,22829250000.000000,10799000000.000000,8651000000.000000,0.400000,35.315000,-579000000.000000,2932000000.000000,2932000000.000000,5682000000.000000,-3466000000.000000,2.463000,0.446000,1272000000.000000,0.000000,1272000000.000000,1272000000.000000,1538000000.000000,499000000.000000,0.000000,0.000000,0.000000,-2357000000.000000,-1858000000.000000,-0.204000,-1858000000.000000,-2357000000.000000,-2357000000.000000,-9.100000,-9.300000,-9.100000,13455000000.000000,17097500000.000000,13455000000.000000,27900948210.000000,-12.000000,-15.017000,-2657000000.000000,-6.974000,1.000000,3439000000.000000,0.377000,0.000000,0.000000,13405000000.000000,16539500000.000000,487000000.000000,9914000000.000000,4641000000.000000,5273000000.000000,5995000000.000000,4385000000.000000,1610000000.000000,-88000000.000000,-85000000.000000,-1499000000.000000,-207000000.000000,0.000000,-1706000000.000000,3696000000.000000,4360000000.000000,-2078000000.000000,0.000000,-3466000000.000000,-3466000000.000000,-3466000000.000000,0.000000,0.000000,-0.380000,6104000000.000000,-2665000000.000000,494000000.000000,0.000000,2.197000,-8.529000,-8.520000,2717000000.000000,0.000000,77.530000,3.241000,3.239000,1866000000.000000,13389000000.000000,9121000000.000000,9121000000.000000,4650000000.000000,-0.152000,-0.203000,-0.143000,-0.258000,288000000.000000,1454000000.000000,1.000000,381283996.000000,381000000.000000,381000000.000000,23.940000,19450000000.000000,0.000000,1109000000.000000,56000000.000000,51.050000
ART,2023-12-31,2024-02-23,2023-12-31,2023-Q4,7310000000.000000,36854781644.000000,2025-05-01,-123000000.000000,18426000000.000000,20971250000.000000,10325000000.000000,8101000000.000000,0.327000,36.267000,-707000000.000000,2907000000.000000,2907000000.000000,4693000000.000000,-4714000000.000000,3.425000,0.330000,1218000000.000000,0.000000,1218000000.000000,1218000000.000000,651000000.000000,621000000.000000,0.000000,0.000000,0.000000,-3942000000.000000,-3321000000.000000,-0.485000,-3321000000.000000,-3942000000.000000,-3942000000.000000,-12.330000,-12.330000,-12.330000,13854000000.000000,15780250000.000000,13854000000.000000,35165781644.000000,-9.000000,-10.589000,-3825000000.000000,-10.013000,1.000000,2155000000.000000,0.315000,0.000000,0.000000,13722000000.000000,15286500000.000000,202000000.000000,10374000000.000000,5697000000.000000,4677000000.000000,4572000000.000000,3015000000.000000,1557000000.000000,-289000000.000000,-85000000.000000,-1107000000.000000,-270000000.000000,0.000000,-1377000000.000000,4206000000.000000,4998000000.000000,-3118000000.000000,0.000000,-4714000000.000000,-4714000000.000000,-4714000000.000000,0.000000,0.000000,-0.688000,6394000000.000000,-4239000000.000000,520000000.000000,0.000000,2.660000,-7.818000,-7.823000,2658000000.000000,0.000000,96.460000,5.382000,5.381000,892000000.000000,13606000000.000000,6848000000.000000,6848000000.000000,4845000000.000000,-0.225000,-0.299000,-0.258000,-0.576000,305000000.000000,1549000000.000000,1.000000,382073208.000000,382000000.000000,382000000.000000,17.927000,18426000000.000000,81000000.000000,772000000.000000,63000000.000000,48.236000
ART,2024-03-31,2024-05-02,2024-03-31,2024-Q1,7220000000.000000,48131077188.000000,2025-05-01,-101000000.000000,16729000000.000000,19122250000.000000,9600000000.000000,7129000000.000000,0.269000,33.552000,-790000000.000000,2051000000.000000,2051000000.000000,3997000000.000000,-5968000000.000000,4.034000,0.305000,1212000000.000000,0.000000,1212000000.000000,1212000000.000000,617000000.000000,579000000.000000,0.000000,0.000000,0.000000,-4802000000.000000,-4223000000.000000,-0.820000,-4223000000.000000,-4802000000.000000,-4802000000.000000,-15.660000,-15.660000,-15.660000,12817000000.000000,14268750000.000000,12817000000.000000,47292077188.000000,-10.000000,-11.199000,-3672000000.000000,-9.613000,1.000000,1156000000.000000,0.224000,0.000000,0.000000,13510000000.000000,14136000000.000000,295000000.000000,10110000000.000000,6472000000.000000,3638000000.000000,3912000000.000000,2380000000.000000,1532000000.000000,-1390000000.000000,0.000000,-575000000.000000,-246000000.000000,0.000000,-821000000.000000,2313000000.000000,3103000000.000000,-2882000000.000000,0.000000,-5968000000.000000,-5968000000.000000,-5968000000.000000,0.000000,0.000000,-1.158000,6295000000.000000,-5139000000.000000,183000000.000000,0.000000,3.755000,-8.065000,-8.020000,2760000000.000000,0.000000,125.590000,9.340000,9.310000,137000000.000000,12431000000.000000,5153000000.000000,5153000000.000000,4777000000.000000,-0.312000,-0.418000,-0.340000,-0.932000,331000000.000000,1518000000.000000,1.000000,383239726.000000,382000000.000000,382000000.000000,13.490000,16729000000.000000,81000000.000000,1166000000.000000,52000000.000000,43.793000
ART,2024-06-30,2024-08-01,2024-06-30,2024-Q2,7298000000.000000,36198574145.000000,2025-05-01,-71000000.000000,15680000000.000000,17571250000.000000,9661000000.000000,6019000000.000000,0.287000,30.500000,-738000000.000000,2478000000.000000,2478000000.000000,3381000000.000000,-5867000000.000000,4.088000,0.339000,1244000000.000000,0.000000,1244000000.000000,1244000000.000000,797000000.000000,528000000.000000,0.000000,0.000000,0.000000,-4332000000.000000,-3804000000.000000,-0.753000,-3804000000.000000,-4332000000.000000,-4332000000.000000,-15.370000,-15.370000,-15.370000,11712000000.000000,12959500000.000000,11712000000.000000,34964574145.000000,-8.000000,-9.192000,-3979000000.000000,-10.362000,1.000000,1669000000.000000,0.330000,0.000000,0.000000,12083000000.000000,13180000000.000000,399000000.000000,8336000000.000000,6010000000.000000,2326000000.000000,3968000000.000000,2363000000.000000,1605000000.000000,-1342000000.000000,0.000000,69000000.000000,-188000000.000000,0.000000,-119000000.000000,2018000000.000000,2756000000.000000,-3241000000.000000,0.000000,-5867000000.000000,-5867000000.000000,-5867000000.000000,0.000000,0.000000,-1.162000,6304000000.000000,-4635000000.000000,279000000.000000,0.000000,3.091000,-6.170000,-6.127000,2971000000.000000,0.000000,94.170000,7.168000,7.161000,163000000.000000,11152000000.000000,5050000000.000000,5050000000.000000,4850000000.000000,-0.334000,-0.453000,-0.329000,-0.858000,369000000.000000,1454000000.000000,1.000000,384396030.000000,384000000.000000,384000000.000000,13.151000,15680000000.000000,81000000.000000,1535000000.000000,7000000.000000,40.833000
ART,2024-09-30,2024-11-07,2024-09-30,2024-Q3,7465000000.000000,19348639537.000000,2025-05-01,11000000.000000,15803000000.000000,16659500000.000000,9666000000.000000,6137000000.000000,0.305000,30.979000,-749000000.000000,1644000000.000000,1644000000.000000,1654000000.000000,-2224000000.000000,4.392000,0.325000,1304000000.000000,0.000000,1304000000.000000,1304000000.000000,474000000.000000,331000000.000000,0.000000,0.000000,0.000000,-2353000000.000000,-2022000000.000000,-0.398000,-2022000000.000000,-2353000000.000000,-2353000000.000000,-5.810000,-5.810000,-5.810000,11927000000.000000,12577500000.000000,11927000000.000000,19008639537.000000,-8.000000,-9.401000,-3956000000.000000,-10.275000,1.000000,3427000000.000000,0.674000,0.000000,0.000000,13262000000.000000,13144250000.000000,412000000.000000,7558000000.000000,5223000000.000000,2335000000.000000,3876000000.000000,2201000000.000000,1675000000.000000,-1306000000.000000,0.000000,70000000.000000,-120000000.000000,0.000000,-50000000.000000,1950000000.000000,2699000000.000000,-3207000000.000000,1000000.000000,-2224000000.000000,-2224000000.000000,-2224000000.000000,0.000000,0.000000,-0.438000,6120000000.000000,-2693000000.000000,373000000.000000,0.000000,1.622000,-8.700000,-8.654000,3165000000.000000,0.000000,50.280000,3.808000,3.810000,1564000000.000000,11165000000.000000,5081000000.000000,5081000000.000000,4827000000.000000,-0.133000,-0.177000,-0.179000,-0.463000,404000000.000000,1293000000.000000,1.000000,384817811.000000,385000000.000000,399000000.000000,13.197000,15803000000.000000,81000000.000000,-129000000.000000,4000000.000000,41.047000
ART,2024-12-31,2025-02-21,2024-12-31,2024-Q4,5893000000.000000,13708038110.000000,2025-05-01,-10000000.000000,14142000000.000000,15588500000.000000,8099000000.000000,6043000000.000000,0.208000,28.388000,-1051000000.000000,1927000000.000000,1927000000.000000,1464000000.000000,-3561000000.000000,3.671000,0.297000,710000000.000000,0.000000,710000000.000000,710000000.000000,211000000.000000,189000000.000000,0.000000,0.000000,0.000000,-3607000000.000000,-3418000000.000000,-1.056000,-3418000000.000000,-3607000000.000000,-3607000000.000000,-9.280000,-9.280000,-9.280000,10901000000.000000,11839250000.000000,10901000000.000000,12491038110.000000,-3.000000,-3.654000,-4055000000.000000,-10.560000,1.000000,1772000000.000000,0.548000,0.000000,0.000000,10719000000.000000,12393500000.000000,117000000.000000,7592000000.000000,5098000000.000000,2494000000.000000,3241000000.000000,2206000000.000000,1035000000.000000,-999000000.000000,0.000000,66000000.000000,-10000000.000000,0.000000,56000000.000000,1949000000.000000,3000000000.000000,-3004000000.000000,0.000000,-3561000000.000000,-3561000000.000000,-3561000000.000000,0.000000,0.000000,-1.100000,5717000000.000000,-3945000000.000000,405000000.000000,0.000000,1.258000,-3.849000,-3.829000,2955000000.000000,0.000000,35.530000,4.236000,4.216000,358000000.000000,10045000000.000000,3236000000.000000,3236000000.000000,4543000000.000000,-0.228000,-0.301000,-0.291000,-1.115000,429000000.000000,1174000000.000000,1.000000,385815877.000000,384000000.000000,384000000.000000,8.427000,14142000000.000000,0.000000,-46000000.000000,0.000000,36.828000
ART,2025-03-31,2025-05-01,2025-03-31,2025-Q1,5162000000.000000,10453631395.000000,2025-05-01,10000000.000000,12704000000.000000,14582250000.000000,6766000000.000000,5938000000.000000,0.218000,26.078000,-982000000.000000,1623000000.000000,1623000000.000000,1458000000.000000,-3357000000.000000,4.218000,0.262000,702000000.000000,0.000000,702000000.000000,702000000.000000,183000000.000000,192000000.000000,0.000000,0.000000,0.000000,-3406000000.000000,-3214000000.000000,-1.012000,-3214000000.000000,-3406000000.000000,-3406000000.000000,-8.730000,-8.730000,-8.730000,10066000000.000000,11151500000.000000,10066000000.000000,9532631395.000000,-3.000000,-2.966000,-4034000000.000000,-10.451000,1.000000,1719000000.000000,0.541000,0.000000,0.000000,10179000000.000000,11560750000.000000,128000000.000000,6770000000.000000,4352000000.000000,2418000000.000000,2638000000.000000,1604000000.000000,1034000000.000000,-445000000.000000,0.000000,54000000.000000,-7000000.000000,0.000000,46000000.000000,2561000000.000000,3543000000.000000,-3052000000.000000,0.000000,-3357000000.000000,-3357000000.000000,-3357000000.000000,0.000000,0.000000,-1.057000,5448000000.000000,-3729000000.000000,226000000.000000,0.000000,1.039000,-3.114000,-3.096000,2964000000.000000,0.000000,27.030000,3.290000,3.284000,78000000.000000,9074000000.000000,3177000000.000000,3177000000.000000,4336000000.000000,-0.230000,-0.301000,-0.295000,-1.072000,443000000.000000,1112000000.000000,1.000000,386741820.000000,386000000.000000,386000000.000000,8.231000,12704000000.000000,0.000000,-49000000.000000,0.000000,32.912000
ARY,2018-12-31,2019-03-13,2018-12-31,2018-FY,1340203000.000000,6570139366.000000,2025-05-01,-1320000.000000,1962149000.000000,,1563006000.000000,399143000.000000,,18.865000,-105766000.000000,658959000.000000,658959000.000000,0.000000,-384734000.000000,7.015000,0.282000,33489000.000000,0.000000,33489000.000000,33489000.000000,274408000.000000,24862000.000000,0.000000,0.000000,0.000000,-384408000.000000,-359546000.000000,-2.662000,-359546000.000000,-384408000.000000,-384408000.000000,-4.950000,-4.950000,-4.950000,1530241000.000000,,1530241000.000000,5944669366.000000,-15.000000,-16.534000,-436631000.000000,-5.383000,1.000000,135068000.000000,1.000000,0.000000,0.000000,1113876000.000000,,0.000000,1047585000.000000,863063000.000000,184522000.000000,431908000.000000,222803000.000000,209105000.000000,523505000.000000,0.000000,564453000.000000,9460000.000000,0.000000,1226842000.000000,-372472000.000000,-267328000.000000,-330865000.000000,0.000000,-384734000.000000,-401857000.000000,-401857000.000000,0.000000,0.000000,-2.975000,548334000.000000,-413266000.000000,31210000.000000,0.000000,4.294000,-16.349000,-4.034000,211977000.000000,17123000.000000,19.970000,48.643000,11.993000,12585000.000000,-1006627000.000000,135068000.000000,135068000.000000,454082000.000000,,,,-2.846000,72565000.000000,94252000.000000,1.000000,329000469.000000,81114183.000000,81114183.000000,1.665000,1962149000.000000,0.000000,326000.000000,0.000000,24.190000
ARY,2019-12-31,2020-02-27,2019-12-31,2019-FY,985689000.000000,9643689056.000000,2025-05-01,1804000.000000,1589422000.000000,1667951750.000000,1128804000.000000,460618000.000000,0.036000,3.551000,-31554000.000000,236908000.000000,236908000.000000,0.000000,-514021000.000000,7.887000,0.353000,132364000.000000,0.000000,132364000.000000,132364000.000000,202305000.000000,31021000.000000,0.000000,0.000000,0.000000,-514716000.000000,-483695000.000000,-8.034000,-483695000.000000,-514716000.000000,-514716000.000000,-1.550000,-1.550000,-1.550000,1174810000.000000,1302801000.000000,1174810000.000000,9539145056.000000,-19.000000,-19.721000,-490522000.000000,-1.483000,1.000000,60209000.000000,1.000000,0.000000,0.000000,1341763000.000000,1306642500.000000,0.000000,1037902000.000000,867124000.000000,170778000.000000,414612000.000000,143115000.000000,271497000.000000,-422792000.000000,0.000000,50150000.000000,971000.000000,0.000000,51121000.000000,-14945000.000000,16609000.000000,-458968000.000000,0.000000,-514021000.000000,-514021000.000000,-514021000.000000,0.000000,0.000000,-8.537000,605929000.000000,-545720000.000000,7090000.000000,0.000000,8.209000,-18.761000,-16.877000,287909000.000000,0.000000,26.160000,160.170000,143.729000,5369000.000000,-1496454000.000000,60209000.000000,60209000.000000,496309000.000000,-0.308000,-0.395000,-0.394000,-8.549000,81122000.000000,109620000.000000,1.000000,368642548.000000,330802136.000000,330802136.000000,0.182000,1589422000.000000,0.000000,-695000.000000,0.000000,4.805000
ARY,2020-12-31,2021-02-26,2020-12-31,2020-FY,1909071000.000000,61888328989.000000,2025-05-01,3004000.000000,7336750000.000000,4385292500.000000,6297879000.000000,1038871000.000000,0.183000,6.717000,-67448000.000000,2624882000.000000,2624882000.000000,7933000.000000,-747064000.000000,1.435000,1.864000,207295000.000000,0.000000,207295000.000000,207295000.000000,4044612000.000000,93537000.000000,0.000000,0.000000,0.000000,-744513000.000000,-650976000.000000,-0.810000,-650976000.000000,-744513000.000000,-744513000.000000,-1.960000,-1.960000,-1.960000,2561375000.000000,2477233000.000000,2561375000.000000,59470741989.000000,-80.000000,-91.356000,1959523000.000000,5.139000,1.000000,795462000.000000,0.990000,0.000000,0.000000,530355000.000000,1456535750.000000,46527000.000000,2633659000.000000,1983758000.000000,649901000.000000,4775375000.000000,4388808000.000000,386567000.000000,2388236000.000000,0.000000,2039408000.000000,-6215000.000000,0.000000,2033193000.000000,-1671928000.000000,-1604480000.000000,2026971000.000000,0.000000,-747064000.000000,-747064000.000000,-747064000.000000,0.000000,0.000000,-0.930000,1558606000.000000,-763144000.000000,18359000.000000,0.000000,24.162000,-82.842000,-78.985000,387090000.000000,0.000000,154.810000,77.034000,73.481000,1390560000.000000,-2243518000.000000,803395000.000000,803395000.000000,1370339000.000000,-0.170000,-0.302000,-0.511000,-0.927000,93021000.000000,188267000.000000,1.000000,399769582.000000,381333059.000000,381333059.000000,2.107000,7336750000.000000,0.000000,2551000.000000,0.000000,19.240000
ARY,2021-12-31,2022-02-25,2021-12-31,2021-FY,6943000000.000000,60966768971.000000,2025-05-01,-24000000.000000,24669000000.000000,18609750000.000000,16071000000.000000,8598000000.000000,0.993000,35.099000,-284000000.000000,6848000000.000000,6848000000.000000,2617000000.000000,12202000000.000000,1.761000,0.744000,705000000.000000,0.000000,705000000.000000,705000000.000000,6868000000.000000,232000000.000000,0.000000,0.000000,0.000000,13285000000.000000,13517000000.000000,0.732000,13517000000.000000,13285000000.000000,13285000000.000000,30.310000,28.290000,30.310000,14145000000.000000,8702750000.000000,14145000000.000000,54823768971.000000,4.000000,4.056000,13336000000.000000,33.092000,1.000000,15854000000.000000,0.858000,0.000000,0.000000,9398000000.000000,4086250000.000000,1441000000.000000,10734000000.000000,3879000000.000000,6855000000.000000,10524000000.000000,9128000000.000000,1396000000.000000,4224000000.000000,0.000000,-733000000.000000,-140000000.000000,0.000000,-873000000.000000,-8523000000.000000,-8239000000.000000,13620000000.000000,0.000000,12202000000.000000,12202000000.000000,12202000000.000000,0.000000,0.000000,0.661000,2558000000.000000,13296000000.000000,302000000.000000,0.000000,4.310000,4.996000,4.993000,1383000000.000000,0.000000,151.330000,3.301000,3.302000,3175000000.000000,9958000000.000000,18471000000.000000,18471000000.000000,1991000000.000000,0.656000,1.402000,3.251000,0.719000,142000000.000000,567000000.000000,1.000000,402872986.000000,403000000.000000,431000000.000000,45.834000,24669000000.000000,326000000.000000,1083000000.000000,876000000.000000,61.213000
ARY,2022-12-31,2023-02-24,2022-12-31,2022-FY,8508000000.000000,53801651860.000000,2025-05-01,-370000000.000000,25858000000.000000,26391500000.000000,13431000000.000000,12427000000.000000,0.730000,48.536000,-400000000.000000,3205000000.000000,3205000000.000000,5416000000.000000,8362000000.000000,2.728000,0.352000,1004000000.000000,0.000000,1004000000.000000,1004000000.000000,2711000000.000000,348000000.000000,0.000000,0.000000,0.000000,9575000000.000000,9923000000.000000,0.515000,9923000000.000000,9575000000.000000,9575000000.000000,21.260000,20.120000,21.260000,19123000000.000000,18043750000.000000,19123000000.000000,51600651860.000000,5.000000,5.200000,4581000000.000000,11.627000,1.000000,13847000000.000000,0.719000,0.000000,0.000000,18734000000.000000,16776750000.000000,949000000.000000,15015000000.000000,6697000000.000000,8318000000.000000,6735000000.000000,4923000000.000000,1812000000.000000,-3643000000.000000,0.000000,-3264000000.000000,-184000000.000000,0.000000,-3448000000.000000,-5176000000.000000,-4776000000.000000,4981000000.000000,0.000000,8362000000.000000,8362000000.000000,8362000000.000000,0.000000,0.000000,0.434000,4427000000.000000,9420000000.000000,487000000.000000,0.000000,2.813000,6.434000,6.550000,2139000000.000000,0.000000,139.260000,2.793000,2.848000,1385000000.000000,18320000000.000000,19263000000.000000,19263000000.000000,3295000000.000000,0.317000,0.463000,0.571000,0.497000,226000000.000000,1132000000.000000,1.000000,386339594.000000,394000000.000000,416000000.000000,48.891000,25858000000.000000,982000000.000000,1213000000.000000,48000000.000000,65.629000
ARY,2023-12-31,2024-02-23,2023-12-31,2023-FY,7310000000.000000,36854781644.000000,2025-05-01,-123000000.000000,18426000000.000000,20971250000.000000,10325000000.000000,8101000000.000000,0.327000,36.267000,-707000000.000000,2907000000.000000,2907000000.000000,4693000000.000000,-4714000000.000000,3.425000,0.330000,1218000000.000000,0.000000,1218000000.000000,1218000000.000000,651000000.000000,621000000.000000,0.000000,0.000000,0.000000,-3942000000.000000,-3321000000.000000,-0.485000,-3321000000.000000,-3942000000.000000,-3942000000.000000,-12.330000,-12.330000,-12.330000,13854000000.000000,15780250000.000000,13854000000.000000,35165781644.000000,-9.000000,-10.589000,-3825000000.000000,-10.013000,1.000000,2155000000.000000,0.315000,0.000000,0.000000,13722000000.000000,15286500000.000000,202000000.000000,10374000000.000000,5697000000.000000,4677000000.000000,4572000000.000000,3015000000.000000,1557000000.000000,-289000000.000000,-85000000.000000,-1107000000.000000,-270000000.000000,0.000000,-1377000000.000000,4206000000.000000,4998000000.000000,-3118000000.000000,0.000000,-4714000000.000000,-4714000000.000000,-4714000000.000000,0.000000,0.000000,-0.688000,6394000000.000000,-4239000000.000000,520000000.000000,0.000000,2.660000,-7.818000,-7.823000,2658000000.000000,0.000000,96.460000,5.382000,5.381000,892000000.000000,13606000000.000000,6848000000.000000,6848000000.000000,4845000000.000000,-0.225000,-0.299000,-0.258000,-0.576000,305000000.000000,1549000000.000000,1.000000,382073208.000000,382000000.000000,382000000.000000,17.927000,18426000000.000000,81000000.000000,772000000.000000,63000000.000000,48.236000
ARY,2024-12-31,2025-02-21,2024-12-31,2024-FY,5893000000.000000,13708038110.000000,2025-05-01,-10000000.000000,14142000000.000000,15588500000.000000,8099000000.000000,6043000000.000000,0.208000,28.388000,-1051000000.000000,1927000000.000000,1927000000.000000,1464000000.000000,-3561000000.000000,3.671000,0.297000,710000000.000000,0.000000,710000000.000000,710000000.000000,211000000.000000,189000000.000000,0.000000,0.000000,0.000000,-3607000000.000000,-3418000000.000000,-1.056000,-3418000000.000000,-3607000000.000000,-3607000000.000000,-9.280000,-9.280000,-9.280000,10901000000.000000,11839250000.000000,10901000000.000000,12491038110.000000,-3.000000,-3.654000,-4055000000.000000,-10.560000,1.000000,1772000000.000000,0.548000,0.000000,0.000000,10719000000.000000,12393500000.000000,117000000.000000,7592000000.000000,5098000000.000000,2494000000.000000,3241000000.000000,2206000000.000000,1035000000.000000,-999000000.000000,0.000000,66000000.000000,-10000000.000000,0.000000,56000000.000000,1949000000.000000,3000000000.000000,-3004000000.000000,0.000000,-3561000000.000000,-3561000000.000000,-3561000000.000000,0.000000,0.000000,-1.100000,5717000000.000000,-3945000000.000000,405000000.000000,0.000000,1.258000,-3.849000,-3.829000,2955000000.000000,0.000000,35.530000,4.236000,4.216000,358000000.000000,10045000000.000000,3236000000.000000,3236000000.000000,4543000000.000000,-0.228000,-0.301000,-0.291000,-1.115000,429000000.000000,1174000000.000000,1.000000,385815877.000000,384000000.000000,384000000.000000,8.427000,14142000000.000000,0.000000,-46000000.000000,0.000000,36.828000
MRQ,2016-12-31,2016-12-31,2016-12-31,2016-Q4,924350000.000000,,2025-05-01,-403000.000000,1417161000.000000,,1087152000.000000,330009000.000000,,-5.512000,,50080000.000000,50080000.000000,,,6.678000,-1.718000,12500000.000000,0.000000,12500000.000000,12500000.000000,501989000.000000,,0.000000,,0.000000,,,,,,,,,,-334810000.000000,,-334810000.000000,,,,,,1.000000,,,0.000000,,1216779000.000000,,0.000000,1256107000.000000,1008058000.000000,248049000.000000,575310000.000000,162802000.000000,412508000.000000,,,,,,,,,,,,,,,,,,,28157000.000000,,,,,81207000.000000,,,,,13523000.000000,-365718000.000000,,,,,,,,,,1.000000,,60747426.000000,,,1417161000.000000,0.000000,,0.000000,23.329000
MRQ,2017-12-31,2017-12-31,2017-12-31,2017-Q4,591762000.000000,,2025-05-01,-1157000.000000,1084489000.000000,,783223000.000000,301266000.000000,,-8.471000,-11960000.000000,135810000.000000,135810000.000000,0.000000,-37944000.000000,4.091000,-0.833000,15687000.000000,0.000000,15687000.000000,15687000.000000,339668000.000000,5915000.000000,0.000000,,0.000000,-38115000.000000,-32200000.000000,-0.350000,-32200000.000000,-38115000.000000,-38115000.000000,-0.630000,-0.630000,-0.630000,-551365000.000000,,-551365000.000000,,,,-114887000.000000,-1.765000,1.000000,91904000.000000,1.000000,0.000000,0.000000,772905000.000000,,0.000000,778819000.000000,621170000.000000,157649000.000000,459193000.000000,191461000.000000,267732000.000000,12680000.000000,0.000000,100000.000000,1439000.000000,0.000000,1539000.000000,114068000.000000,126028000.000000,-102927000.000000,0.000000,-37944000.000000,-41426000.000000,-41426000.000000,0.000000,0.000000,-0.451000,133732000.000000,-41828000.000000,20725000.000000,0.000000,,,,139031000.000000,3482000.000000,,,,13417000.000000,-621893000.000000,91904000.000000,91904000.000000,117827000.000000,,,,,11028000.000000,15905000.000000,1.000000,,65087065.000000,65087065.000000,1.412000,1084489000.000000,0.000000,-171000.000000,0.000000,16.662000
MRQ,2018-03-31,2018-03-31,2018-03-31,2018-Q1,,,2025-05-01,,,,,,,,-31909000.000000,,,0.000000,-72376000.000000,,,,,,,,5153000.000000,,,0.000000,-75857000.000000,-70704000.000000,-2.435000,-70704000.000000,-75857000.000000,-75857000.000000,-1.160000,-1.160000,-1.160000,,,,,,,-143294000.000000,-2.190000,1.000000,29039000.000000,1.000000,,0.000000,,,,,,,,,,-45094000.000000,0.000000,22000.000000,442000.000000,0.000000,549995000.000000,-483704000.000000,-451795000.000000,-111385000.000000,0.000000,-75857000.000000,-75857000.000000,-75857000.000000,0.000000,3481000.000000,-2.612000,106441000.000000,-77402000.000000,,0.000000,,,,,0.000000,,,,,,29039000.000000,29039000.000000,90124000.000000,,,,,11851000.000000,16317000.000000,1.000000,,65430835.000000,65430835.000000,0.444000,,,0.000000,,
MRQ,2018-06-30,2018-06-30,2018-06-30,2018-Q2,,,2025-05-01,,,,,,,,-34080000.000000,,,0.000000,-90601000.000000,,,,,,,,5878000.000000,,,0.000000,-93924000.000000,-88046000.000000,-3.052000,-88046000.000000,-93924000.000000,-93924000.000000,-1.430000,-1.430000,-1.430000,,,,,,,-82329000.000000,-1.249000,1.000000,28851000.000000,1.000000,,0.000000,,,,,,,,,,50468000.000000,0.000000,48000.000000,-1266000.000000,0.000000,110362000.000000,-11645000.000000,22435000.000000,-48249000.000000,0.000000,-94082000.000000,-94082000.000000,-94082000.000000,0.000000,3481000.000000,-3.261000,125866000.000000,-97015000.000000,,0.000000,,,,,0.000000,,,,,,28851000.000000,28851000.000000,104479000.000000,,,,,14353000.000000,21387000.000000,1.000000,,65938939.000000,65938939.000000,0.438000,,,158000.000000,,
MRQ,2018-09-30,2018-09-30,2018-09-30,2018-Q3,931529000.000000,,2025-05-01,-922000.000000,1489160000.000000,,1117947000.000000,371213000.000000,,-11.423000,-26140000.000000,167891000.000000,167891000.000000,0.000000,-80331000.000000,5.997000,-0.545000,26892000.000000,0.000000,26892000.000000,26892000.000000,302565000.000000,6481000.000000,0.000000,,0.000000,-87819000.000000,-81338000.000000,-1.948000,-81338000.000000,-87819000.000000,-87819000.000000,-1.320000,-1.320000,-1.320000,-757129000.000000,,-757129000.000000,,,,-106351000.000000,-1.604000,1.000000,41757000.000000,1.000000,0.000000,0.000000,1161743000.000000,,0.000000,1067030000.000000,905143000.000000,161887000.000000,412728000.000000,186418000.000000,226310000.000000,26441000.000000,0.000000,290000.000000,-1538000.000000,0.000000,-9430000.000000,116082000.000000,142222000.000000,-80211000.000000,0.000000,-87819000.000000,-87819000.000000,-87819000.000000,0.000000,7488000.000000,-2.103000,127575000.000000,-85818000.000000,24356000.000000,0.000000,,,,206457000.000000,0.000000,,,,11557000.000000,-865201000.000000,41757000.000000,41757000.000000,109050000.000000,,,,,14720000.000000,18525000.000000,1.000000,324411226.000000,66283040.000000,66283040.000000,0.630000,1489160000.000000,0.000000,0.000000,0.000000,22.467000
MRQ,2018-12-31,2018-12-31,2018-12-31,2018-Q4,1340203000.000000,4953759421.000000,2025-05-01,-1320000.000000,1962149000.000000,,1563006000.000000,399143000.000000,,18.865000,-13637000.000000,658959000.000000,658959000.000000,0.000000,-141426000.000000,7.015000,0.282000,33489000.000000,0.000000,33489000.000000,33489000.000000,274408000.000000,7350000.000000,0.000000,0.000000,0.000000,-126808000.000000,-119458000.000000,-3.373000,-119458000.000000,-126808000.000000,-126808000.000000,-1.040000,-1.040000,-1.040000,1530241000.000000,,1530241000.000000,4812760421.000000,-13.000000,-13.386000,-104657000.000000,-1.290000,1.000000,35421000.000000,1.000000,0.000000,0.000000,1113876000.000000,,0.000000,1047585000.000000,863063000.000000,184522000.000000,431908000.000000,222803000.000000,209105000.000000,491068000.000000,0.000000,564093000.000000,11822000.000000,0.000000,575915000.000000,6173000.000000,19810000.000000,-91020000.000000,0.000000,-126976000.000000,-144099000.000000,-144099000.000000,0.000000,-14450000.000000,-4.068000,188452000.000000,-153031000.000000,31210000.000000,0.000000,3.237000,-12.327000,-3.085000,211977000.000000,17123000.000000,15.270000,36.676000,9.170000,12585000.000000,-1006627000.000000,35421000.000000,35421000.000000,150429000.000000,,,,,31641000.000000,38023000.000000,1.000000,324411226.000000,81114183.000000,81114183.000000,0.437000,1962149000.000000,0.000000,168000.000000,0.000000,24.190000
MRQ,2019-03-31,2019-03-31,2019-03-31,2019-Q1,981668000.000000,6695159544.000000,2025-05-01,591000.000000,1806207000.000000,,1140827000.000000,665380000.000000,,4.398000,-7595000.000000,502934000.000000,502934000.000000,0.000000,-132576000.000000,7.168000,0.249000,33384000.000000,0.000000,33384000.000000,33384000.000000,230820000.000000,7316000.000000,0.000000,0.000000,0.000000,-132600000.000000,-125284000.000000,-7.818000,-125284000.000000,-132600000.000000,-132600000.000000,-0.400000,-0.400000,-0.400000,1446033000.000000,,1446033000.000000,6069689544.000000,-14.000000,-14.657000,-151863000.000000,-0.462000,1.000000,16025000.000000,1.000000,0.000000,0.000000,1177498000.000000,,0.000000,1055472000.000000,605990000.000000,449482000.000000,360174000.000000,159159000.000000,201015000.000000,-155734000.000000,0.000000,57000.000000,236000.000000,0.000000,293000.000000,-11759000.000000,-4164000.000000,-144268000.000000,0.000000,-132576000.000000,-132576000.000000,-132576000.000000,0.000000,0.000000,-8.273000,157666000.000000,-141641000.000000,38509000.000000,0.000000,4.630000,-14.600000,-4.857000,213460000.000000,0.000000,20.350000,54.854000,54.822000,6611000.000000,-1111300000.000000,16025000.000000,16025000.000000,130413000.000000,,,,,18497000.000000,27253000.000000,1.000000,329000469.000000,328809986.000000,328809986.000000,0.049000,1806207000.000000,0.000000,-24000.000000,0.000000,5.493000
MRQ,2019-06-30,2019-06-30,2019-06-30,2019-Q2,935431000.000000,4816607873.000000,2025-05-01,2741000.000000,1685279000.000000,,1097418000.000000,587861000.000000,,4.066000,-10586000.000000,151686000.000000,151686000.000000,0.000000,-134940000.000000,6.775000,0.259000,33588000.000000,0.000000,33588000.000000,33588000.000000,223324000.000000,7477000.000000,0.000000,0.000000,0.000000,-135264000.000000,-127787000.000000,-9.767000,-127787000.000000,-135264000.000000,-135264000.000000,-0.410000,-0.410000,-0.410000,1338554000.000000,,1338554000.000000,4347057873.000000,-9.000000,-9.578000,-119171000.000000,-0.362000,1.000000,13083000.000000,1.000000,0.000000,0.000000,1405194000.000000,,0.000000,1295516000.000000,918722000.000000,376794000.000000,346725000.000000,161987000.000000,184738000.000000,-351309000.000000,0.000000,3930000.000000,247000.000000,0.000000,4177000.000000,-246901000.000000,-236315000.000000,-108585000.000000,0.000000,-134940000.000000,-134940000.000000,-134940000.000000,0.000000,0.000000,-10.314000,156792000.000000,-143709000.000000,29609000.000000,0.000000,3.598000,-9.644000,-4.618000,208509000.000000,0.000000,14.640000,45.317000,45.341000,4518000.000000,-1246354000.000000,13083000.000000,13083000.000000,128305000.000000,,,,,21495000.000000,28487000.000000,1.000000,329003270.000000,329176107.000000,329176107.000000,0.040000,1685279000.000000,0.000000,-324000.000000,0.000000,5.120000
MRQ,2019-09-30,2019-09-30,2019-09-30,2019-Q3,946624000.000000,5256500656.000000,2025-05-01,2830000.000000,1590899000.000000,,1094466000.000000,496433000.000000,,3.785000,-6711000.000000,174743000.000000,174743000.000000,0.000000,-123215000.000000,7.403000,0.271000,33801000.000000,0.000000,33801000.000000,33801000.000000,213629000.000000,7253000.000000,0.000000,0.000000,0.000000,-123393000.000000,-116140000.000000,-6.813000,-116140000.000000,-123393000.000000,-123393000.000000,-0.370000,-0.370000,-0.370000,1251807000.000000,,1251807000.000000,5138402656.000000,-10.000000,-10.515000,-113804000.000000,-0.344000,1.000000,17046000.000000,1.000000,0.000000,0.000000,1302115000.000000,,0.000000,1175480000.000000,884829000.000000,290651000.000000,339092000.000000,147842000.000000,191250000.000000,22086000.000000,0.000000,15554000.000000,258000.000000,0.000000,15812000.000000,113367000.000000,120078000.000000,-107093000.000000,0.000000,-123215000.000000,-123215000.000000,-123215000.000000,0.000000,0.000000,-7.228000,147810000.000000,-130764000.000000,11737000.000000,0.000000,4.199000,-9.828000,-7.171000,203688000.000000,0.000000,15.920000,64.438000,64.552000,8216000.000000,-1369548000.000000,17046000.000000,17046000.000000,119637000.000000,,,,,20804000.000000,28173000.000000,1.000000,330182202.000000,330769341.000000,330769341.000000,0.052000,1590899000.000000,0.000000,-178000.000000,0.000000,4.810000
MRQ,2019-12-31,2019-12-31,2019-12-31,2019-Q4,985689000.000000,6518372249.000000,2025-05-01,1804000.000000,1589422000.000000,,1128804000.000000,460618000.000000,,3.505000,-7108000.000000,236908000.000000,236908000.000000,0.000000,-123269000.000000,7.887000,0.353000,132364000.000000,0.000000,132364000.000000,132364000.000000,202305000.000000,8954000.000000,0.000000,0.000000,0.000000,-123743000.000000,-114789000.000000,-8.290000,-114789000.000000,-123743000.000000,-123743000.000000,-0.360000,-0.360000,-0.360000,1174810000.000000,,1174810000.000000,6377430249.000000,-12.000000,-13.177000,-106162000.000000,-0.317000,1.000000,13846000.000000,1.000000,0.000000,0.000000,1341763000.000000,,0.000000,1037902000.000000,867124000.000000,170778000.000000,414612000.000000,143115000.000000,271497000.000000,62957000.000000,0.000000,31459000.000000,259000.000000,0.000000,31718000.000000,130293000.000000,137401000.000000,-99054000.000000,0.000000,-123269000.000000,-123269000.000000,-123269000.000000,0.000000,0.000000,-8.903000,143732000.000000,-129886000.000000,7090000.000000,0.000000,5.548000,-12.682000,-12.619000,287909000.000000,0.000000,19.560000,108.640000,107.906000,5369000.000000,-1496454000.000000,13846000.000000,13846000.000000,117645000.000000,,,,,20204000.000000,26087000.000000,1.000000,333250115.000000,335223034.000000,335223034.000000,0.041000,1589422000.000000,0.000000,-474000.000000,0.000000,4.741000
MRQ,2020-03-31,2020-03-31,2020-03-31,2020-Q1,1115354000.000000,11040844313.000000,2025-05-01,-6127000.000000,2067541000.000000,,1249936000.000000,817605000.000000,,4.648000,-6000000.000000,392752000.000000,392752000.000000,0.000000,-124000000.000000,9.288000,0.260000,147849000.000000,0.000000,147849000.000000,147849000.000000,201831000.000000,7000000.000000,0.000000,0.000000,0.000000,-124000000.000000,-117000000.000000,-14.625000,-117000000.000000,-124000000.000000,-124000000.000000,-0.350000,-0.350000,-0.350000,1640874000.000000,,1640874000.000000,10936300313.000000,-22.000000,-22.989000,-112000000.000000,-0.317000,1.000000,8000000.000000,1.000000,0.000000,0.000000,1688056000.000000,,0.000000,1339251000.000000,825981000.000000,513270000.000000,426667000.000000,134582000.000000,292085000.000000,156000000.000000,0.000000,578000000.000000,0.000000,0.000000,578000000.000000,-316000000.000000,-310000000.000000,-106000000.000000,0.000000,-124000000.000000,-124000000.000000,-124000000.000000,0.000000,0.000000,-15.500000,139000000.000000,-131000000.000000,11034000.000000,0.000000,6.729000,-21.845000,-20.101000,302599000.000000,0.000000,29.950000,212.426000,203.412000,7300000.000000,-1620684000.000000,8000000.000000,8000000.000000,115000000.000000,,,,,20000000.000000,24000000.000000,1.000000,368642548.000000,353000000.000000,353000000.000000,0.023000,2067541000.000000,0.000000,0.000000,0.000000,5.857000
MRQ,2020-06-30,2020-06-30,2020-06-30,2020-Q2,2635097000.000000,23836284372.000000,2025-05-01,8256000.000000,3486006000.000000,,2796744000.000000,689262000.000000,,7.735000,-19000000.000000,1762661000.000000,1762661000.000000,0.000000,-117000000.000000,17.302000,0.183000,167772000.000000,0.000000,167772000.000000,167772000.000000,253722000.000000,8000000.000000,0.000000,0.000000,0.000000,-117000000.000000,-109000000.000000,-1.627000,-109000000.000000,-117000000.000000,-117000000.000000,-0.310000,-0.310000,-0.310000,2946885000.000000,,2946885000.000000,23591381372.000000,-48.000000,-51.630000,-43000000.000000,-0.113000,1.000000,67000000.000000,1.000000,0.000000,0.000000,1729470000.000000,,0.000000,1321091000.000000,955384000.000000,365707000.000000,539121000.000000,161647000.000000,377474000.000000,1370000000.000000,0.000000,1381000000.000000,0.000000,0.000000,1381000000.000000,13000000.000000,32000000.000000,-24000000.000000,0.000000,-117000000.000000,-117000000.000000,-117000000.000000,0.000000,0.000000,-1.746000,189000000.000000,-122000000.000000,18817000.000000,0.000000,8.089000,-48.897000,-46.194000,321985000.000000,0.000000,64.210000,225.100000,231.028000,33362000.000000,-1737397000.000000,67000000.000000,67000000.000000,152000000.000000,,,,,25000000.000000,37000000.000000,1.000000,371223865.000000,381000000.000000,381000000.000000,0.176000,3486006000.000000,0.000000,0.000000,0.000000,9.150000
MRQ,2020-09-30,2020-09-30,2020-09-30,2020-Q3,2103650000.000000,27917019779.000000,2025-05-01,4784000.000000,4650873000.000000,,3577211000.000000,1073662000.000000,,6.987000,-19000000.000000,1506613000.000000,1506613000.000000,0.000000,-233000000.000000,2.428000,0.685000,207563000.000000,0.000000,207563000.000000,207563000.000000,1442274000.000000,9000000.000000,0.000000,0.000000,0.000000,-232000000.000000,-223000000.000000,-1.420000,-223000000.000000,-232000000.000000,-232000000.000000,-0.590000,-0.590000,-0.590000,2759798000.000000,,2759798000.000000,26322130779.000000,-44.000000,-46.688000,874000000.000000,2.213000,1.000000,157000000.000000,1.000000,0.000000,0.000000,1878262000.000000,,0.000000,2473743000.000000,1770721000.000000,703022000.000000,1891075000.000000,1473561000.000000,417514000.000000,-256000000.000000,0.000000,30000000.000000,0.000000,0.000000,30000000.000000,-1179000000.000000,-1160000000.000000,893000000.000000,0.000000,-233000000.000000,-233000000.000000,-233000000.000000,0.000000,0.000000,-1.484000,392000000.000000,-235000000.000000,20521000.000000,0.000000,10.116000,-46.741000,-43.944000,368593000.000000,0.000000,70.750000,113.555000,113.674000,190501000.000000,-1971033000.000000,157000000.000000,157000000.000000,344000000.000000,,,,,22000000.000000,48000000.000000,1.000000,394586852.000000,395000000.000000,395000000.000000,0.397000,4650873000.000000,0.000000,1000000.000000,0.000000,11.774000
MRQ,2020-12-31,2020-12-31,2020-12-31,2020-Q4,1909000000.000000,41339834669.000000,2025-05-01,3000000.000000,7337000000.000000,,6298000000.000000,1039000000.000000,,6.467000,-24000000.000000,2624000000.000000,2624000000.000000,8000000.000000,-273000000.000000,1.435000,1.865000,207000000.000000,0.000000,207000000.000000,207000000.000000,4044000000.000000,69000000.000000,0.000000,0.000000,0.000000,-271000000.000000,-202000000.000000,-0.354000,-202000000.000000,-271000000.000000,-271000000.000000,-0.700000,-0.700000,-0.700000,2561000000.000000,,2561000000.000000,40040784669.000000,-54.000000,-61.507000,1240000000.000000,3.131000,1.000000,563000000.000000,0.986000,0.000000,0.000000,531000000.000000,,47000000.000000,2634000000.000000,1984000000.000000,650000000.000000,4776000000.000000,4389000000.000000,387000000.000000,1118000000.000000,0.000000,50000000.000000,-6000000.000000,0.000000,44000000.000000,-190000000.000000,-166000000.000000,1264000000.000000,0.000000,-273000000.000000,-273000000.000000,-273000000.000000,0.000000,0.000000,-0.478000,838000000.000000,-275000000.000000,18000000.000000,0.000000,16.142000,-55.341000,-53.301000,387000000.000000,0.000000,104.470000,51.482000,49.568000,1391000000.000000,-2244000000.000000,571000000.000000,571000000.000000,759000000.000000,,,,,26000000.000000,79000000.000000,1.000000,395710105.000000,396000000.000000,396000000.000000,1.442000,7337000000.000000,0.000000,2000000.000000,0.000000,18.528000
MRQ,2021-03-31,2021-03-31,2021-03-31,2021-Q1,3262000000.000000,52349826763.000000,2025-05-01,1000000.000000,12694000000.000000,,11703000000.000000,991000000.000000,,9.595000,-35000000.000000,5442000000.000000,5442000000.000000,193000000.000000,1221000000.000000,1.386000,2.307000,234000000.000000,0.000000,234000000.000000,234000000.000000,7710000000.000000,15000000.000000,0.000000,0.000000,0.000000,1260000000.000000,1275000000.000000,0.658000,1275000000.000000,1260000000.000000,1260000000.000000,3.050000,2.840000,3.050000,3838000000.000000,,3838000000.000000,49932239763.000000,78.000000,67.385000,2936000000.000000,7.340000,1.000000,1744000000.000000,0.900000,0.000000,0.000000,-955000000.000000,,494000000.000000,2772000000.000000,2293000000.000000,479000000.000000,8856000000.000000,8441000000.000000,415000000.000000,2817000000.000000,0.000000,28000000.000000,-2000000.000000,0.000000,26000000.000000,-180000000.000000,-145000000.000000,2971000000.000000,0.000000,1221000000.000000,1221000000.000000,1221000000.000000,0.000000,0.000000,0.630000,478000000.000000,1266000000.000000,8000000.000000,0.000000,13.640000,87.542000,90.310000,461000000.000000,0.000000,130.950000,19.162000,19.173000,3210000000.000000,-1023000000.000000,1937000000.000000,1937000000.000000,401000000.000000,,,,,30000000.000000,77000000.000000,1.000000,399769582.000000,400000000.000000,430000000.000000,4.843000,12694000000.000000,50000000.000000,39000000.000000,0.000000,31.735000
MRQ,2021-06-30,2021-06-30,2021-06-30,2021-Q2,2129000000.000000,94350999859.000000,2025-05-01,16000000.000000,16153000000.000000,,10969000000.000000,5184000000.000000,,16.677000,-30000000.000000,5603000000.000000,5603000000.000000,750000000.000000,2780000000.000000,1.241000,1.409000,433000000.000000,0.000000,433000000.000000,433000000.000000,7477000000.000000,69000000.000000,0.000000,0.000000,0.000000,3063000000.000000,3132000000.000000,0.719000,3132000000.000000,3063000000.000000,3063000000.000000,6.930000,6.460000,6.930000,6704000000.000000,,6704000000.000000,89142999859.000000,23.000000,22.386000,4033000000.000000,10.032000,1.000000,3604000000.000000,0.828000,0.000000,0.000000,2143000000.000000,,643000000.000000,6605000000.000000,2387000000.000000,4218000000.000000,9449000000.000000,8840000000.000000,609000000.000000,161000000.000000,0.000000,36000000.000000,-60000000.000000,0.000000,-24000000.000000,-3878000000.000000,-3848000000.000000,4063000000.000000,0.000000,2780000000.000000,2780000000.000000,2780000000.000000,0.000000,0.000000,0.638000,542000000.000000,3062000000.000000,77000000.000000,0.000000,14.074000,26.996000,27.040000,898000000.000000,0.000000,234.980000,13.442000,13.458000,2020000000.000000,1757000000.000000,4354000000.000000,4354000000.000000,421000000.000000,,,,,35000000.000000,121000000.000000,1.000000,401527789.000000,402000000.000000,431000000.000000,10.831000,16153000000.000000,66000000.000000,283000000.000000,0.000000,40.182000
MRQ,2021-09-30,2021-09-30,2021-09-30,2021-Q3,3468000000.000000,155347319636.000000,2025-05-01,31000000.000000,20923000000.000000,,13425000000.000000,7498000000.000000,,25.059000,-99000000.000000,5550000000.000000,5550000000.000000,722000000.000000,3333000000.000000,1.348000,1.067000,343000000.000000,0.000000,343000000.000000,343000000.000000,8475000000.000000,70000000.000000,0.000000,0.000000,0.000000,3552000000.000000,3622000000.000000,0.729000,3622000000.000000,3552000000.000000,3552000000.000000,8.270000,7.700000,8.270000,10124000000.000000,,10124000000.000000,150177319636.000000,20.000000,19.187000,3177000000.000000,7.864000,1.000000,4247000000.000000,0.855000,0.000000,0.000000,5759000000.000000,,965000000.000000,9809000000.000000,3356000000.000000,6453000000.000000,10799000000.000000,9957000000.000000,842000000.000000,-53000000.000000,0.000000,32000000.000000,-34000000.000000,0.000000,-2000000.000000,-3327000000.000000,-3228000000.000000,3276000000.000000,0.000000,3333000000.000000,3333000000.000000,3333000000.000000,0.000000,0.000000,0.671000,689000000.000000,3558000000.000000,87000000.000000,0.000000,15.344000,22.001000,21.929000,960000000.000000,0.000000,384.860000,13.131000,13.142000,3142000000.000000,5090000000.000000,4969000000.000000,4969000000.000000,521000000.000000,,,,,40000000.000000,168000000.000000,1.000000,403646312.000000,404000000.000000,434000000.000000,12.300000,20923000000.000000,81000000.000000,219000000.000000,565000000.000000,51.790000
MRQ,2021-12-31,2021-12-31,2021-12-31,2021-Q4,6943000000.000000,102976070867.000000,2025-05-01,-24000000.000000,24669000000.000000,,16071000000.000000,8598000000.000000,,34.840000,-120000000.000000,6848000000.000000,6848000000.000000,952000000.000000,4868000000.000000,1.761000,0.744000,705000000.000000,0.000000,705000000.000000,705000000.000000,6868000000.000000,78000000.000000,0.000000,0.000000,0.000000,5410000000.000000,5488000000.000000,0.761000,5488000000.000000,5410000000.000000,5410000000.000000,12.060000,11.290000,12.060000,14145000000.000000,,14145000000.000000,97769070867.000000,7.000000,7.233000,3190000000.000000,7.857000,1.000000,6259000000.000000,0.868000,0.000000,0.000000,9398000000.000000,,1441000000.000000,10722000000.000000,3879000000.000000,6843000000.000000,10524000000.000000,9128000000.000000,1396000000.000000,1299000000.000000,0.000000,-829000000.000000,-44000000.000000,0.000000,-873000000.000000,-1138000000.000000,-1018000000.000000,3310000000.000000,0.000000,4868000000.000000,4868000000.000000,4868000000.000000,0.000000,0.000000,0.675000,849000000.000000,5410000000.000000,302000000.000000,0.000000,7.280000,8.439000,8.379000,1383000000.000000,0.000000,253.980000,5.575000,5.541000,3175000000.000000,9958000000.000000,7211000000.000000,7211000000.000000,648000000.000000,,,,,37000000.000000,201000000.000000,1.000000,405449527.000000,406000000.000000,431000000.000000,17.761000,24669000000.000000,326000000.000000,542000000.000000,876000000.000000,60.761000
MRQ,2022-03-31,2022-03-31,2022-03-31,2022-Q1,7112000000.000000,69398900568.000000,2025-05-01,-184000000.000000,27609000000.000000,,16350000000.000000,11259000000.000000,,42.475000,-132000000.000000,5048000000.000000,5048000000.000000,1017000000.000000,3657000000.000000,1.770000,0.617000,741000000.000000,0.000000,741000000.000000,741000000.000000,6063000000.000000,79000000.000000,0.000000,0.000000,0.000000,4229000000.000000,4308000000.000000,0.710000,4308000000.000000,4229000000.000000,4229000000.000000,9.090000,8.580000,9.090000,17075000000.000000,,17075000000.000000,63255900568.000000,4.000000,3.822000,2631000000.000000,6.545000,1.000000,5049000000.000000,0.832000,0.000000,0.000000,14064000000.000000,,1942000000.000000,14250000000.000000,5067000000.000000,9183000000.000000,10534000000.000000,9238000000.000000,1296000000.000000,-1800000000.000000,0.000000,-611000000.000000,-31000000.000000,0.000000,-642000000.000000,-3921000000.000000,-3789000000.000000,2763000000.000000,0.000000,3657000000.000000,3657000000.000000,3657000000.000000,0.000000,0.000000,0.603000,822000000.000000,4227000000.000000,199000000.000000,0.000000,4.064000,4.741000,4.739000,1473000000.000000,0.000000,172.260000,3.071000,3.064000,3173000000.000000,13615000000.000000,6066000000.000000,6066000000.000000,554000000.000000,,,,,44000000.000000,268000000.000000,1.000000,402872986.000000,402000000.000000,426000000.000000,15.090000,27609000000.000000,521000000.000000,572000000.000000,1592000000.000000,68.679000
MRQ,2022-06-30,2022-06-30,2022-06-30,2022-Q2,6751000000.000000,56819947003.000000,2025-05-01,-240000000.000000,26043000000.000000,,13563000000.000000,12480000000.000000,,45.417000,-87000000.000000,2873000000.000000,2873000000.000000,1381000000.000000,2197000000.000000,1.991000,0.448000,728000000.000000,0.000000,728000000.000000,728000000.000000,4498000000.000000,76000000.000000,0.000000,0.000000,0.000000,2474000000.000000,2550000000.000000,0.537000,2550000000.000000,2474000000.000000,2474000000.000000,5.550000,5.240000,5.550000,17985000000.000000,,17985000000.000000,52512947003.000000,3.000000,3.289000,217000000.000000,0.548000,1.000000,3368000000.000000,0.709000,0.000000,0.000000,17086000000.000000,,1921000000.000000,15198000000.000000,5024000000.000000,10174000000.000000,8058000000.000000,6812000000.000000,1246000000.000000,-2175000000.000000,0.000000,-1281000000.000000,-46000000.000000,0.000000,-1327000000.000000,-1152000000.000000,-1065000000.000000,304000000.000000,0.000000,2197000000.000000,2197000000.000000,2197000000.000000,0.000000,0.000000,0.463000,921000000.000000,2447000000.000000,181000000.000000,0.000000,3.159000,4.043000,4.085000,1446000000.000000,0.000000,142.850000,2.471000,2.460000,2691000000.000000,15812000000.000000,4749000000.000000,4749000000.000000,710000000.000000,,,,,50000000.000000,211000000.000000,1.000000,397759517.000000,396000000.000000,419000000.000000,11.992000,26043000000.000000,785000000.000000,277000000.000000,349000000.000000,65.765000
MRQ,2022-09-30,2022-09-30,2022-09-30,2022-Q3,7490000000.000000,46259346078.000000,2025-05-01,-351000000.000000,26056000000.000000,,14297000000.000000,11759000000.000000,,46.133000,-89000000.000000,3027000000.000000,3027000000.000000,1100000000.000000,1043000000.000000,2.100000,0.448000,1001000000.000000,0.000000,1001000000.000000,1001000000.000000,4177000000.000000,113000000.000000,0.000000,0.000000,0.000000,1217000000.000000,1330000000.000000,0.395000,1330000000.000000,1217000000.000000,1217000000.000000,2.670000,2.530000,2.670000,17992000000.000000,,17992000000.000000,44114346078.000000,3.000000,3.226000,163000000.000000,0.418000,1.000000,2264000000.000000,0.673000,0.000000,0.000000,17223000000.000000,,2077000000.000000,13990000000.000000,5321000000.000000,8669000000.000000,8064000000.000000,6807000000.000000,1257000000.000000,156000000.000000,0.000000,-995000000.000000,-46000000.000000,0.000000,-1041000000.000000,945000000.000000,1034000000.000000,252000000.000000,0.000000,1043000000.000000,1043000000.000000,1043000000.000000,0.000000,0.000000,0.310000,1098000000.000000,1166000000.000000,330000000.000000,0.000000,2.571000,3.932000,4.026000,2132000000.000000,0.000000,118.250000,2.163000,2.156000,2695000000.000000,16855000000.000000,3364000000.000000,3364000000.000000,820000000.000000,,,,,70000000.000000,278000000.000000,1.000000,391199544.000000,390000000.000000,412000000.000000,8.626000,26056000000.000000,920000000.000000,174000000.000000,66000000.000000,66.810000
MRQ,2022-12-31,2022-12-31,2022-12-31,2022-Q4,8508000000.000000,69006495842.000000,2025-05-01,-370000000.000000,25858000000.000000,,13431000000.000000,12427000000.000000,,49.286000,-92000000.000000,3205000000.000000,3205000000.000000,1918000000.000000,1465000000.000000,2.728000,0.352000,1004000000.000000,0.000000,1004000000.000000,1004000000.000000,2711000000.000000,80000000.000000,0.000000,0.000000,0.000000,1655000000.000000,1735000000.000000,0.341000,1735000000.000000,1655000000.000000,1655000000.000000,3.850000,3.660000,3.850000,19123000000.000000,,19123000000.000000,66980495842.000000,7.000000,6.750000,1570000000.000000,4.046000,1.000000,3166000000.000000,0.623000,0.000000,0.000000,18734000000.000000,,949000000.000000,15015000000.000000,6697000000.000000,8318000000.000000,6735000000.000000,4923000000.000000,1812000000.000000,176000000.000000,0.000000,-377000000.000000,-61000000.000000,0.000000,-438000000.000000,-1048000000.000000,-956000000.000000,1662000000.000000,0.000000,1465000000.000000,1465000000.000000,1465000000.000000,0.000000,0.000000,0.288000,1586000000.000000,1580000000.000000,487000000.000000,0.000000,3.609000,8.252000,8.449000,2139000000.000000,0.000000,179.620000,3.582000,3.674000,1385000000.000000,18320000000.000000,5084000000.000000,5084000000.000000,1211000000.000000,,,,,62000000.000000,375000000.000000,1.000000,384180469.000000,388000000.000000,407000000.000000,13.103000,25858000000.000000,982000000.000000,190000000.000000,48000000.000000,66.644000
MRQ,2023-03-31,2023-03-31,2023-03-31,2023-Q1,8623000000.000000,59334034847.000000,2025-05-01,-267000000.000000,24125000000.000000,,12122000000.000000,12003000000.000000,,48.868000,-113000000.000000,3441000000.000000,3441000000.000000,792000000.000000,79000000.000000,3.464000,0.279000,927000000.000000,0.000000,927000000.000000,927000000.000000,1892000000.000000,78000000.000000,0.000000,0.000000,0.000000,-305000000.000000,-227000000.000000,-0.122000,-227000000.000000,-305000000.000000,-305000000.000000,0.200000,0.190000,0.200000,18863000000.000000,,18863000000.000000,57133034847.000000,11.000000,10.604000,-1338000000.000000,-3.466000,1.000000,1070000000.000000,0.575000,0.000000,0.000000,18112000000.000000,,732000000.000000,12924000000.000000,5482000000.000000,7442000000.000000,5262000000.000000,3499000000.000000,1763000000.000000,244000000.000000,-85000000.000000,-517000000.000000,-25000000.000000,0.000000,-542000000.000000,2011000000.000000,2209000000.000000,-1225000000.000000,0.000000,79000000.000000,79000000.000000,79000000.000000,0.000000,0.000000,0.042000,1436000000.000000,-366000000.000000,389000000.000000,0.000000,3.146000,12.403000,12.517000,2135000000.000000,0.000000,153.580000,3.940000,3.937000,1113000000.000000,18399000000.000000,1862000000.000000,1862000000.000000,1131000000.000000,,,,,75000000.000000,305000000.000000,1.000000,386339594.000000,386000000.000000,405000000.000000,4.824000,24125000000.000000,1262000000.000000,-384000000.000000,66000000.000000,62.500000
MRQ,2023-06-30,2023-06-30,2023-06-30,2023-Q2,7476000000.000000,46316934932.000000,2025-05-01,-263000000.000000,21884000000.000000,,10599000000.000000,11285000000.000000,,44.486000,-234000000.000000,3801000000.000000,3801000000.000000,731000000.000000,-1380000000.000000,3.394000,0.291000,947000000.000000,0.000000,947000000.000000,947000000.000000,1732000000.000000,92000000.000000,0.000000,0.000000,0.000000,-1749000000.000000,-1657000000.000000,-4.817000,-1657000000.000000,-1749000000.000000,-1749000000.000000,-3.620000,-3.620000,-3.620000,16949000000.000000,,16949000000.000000,43802934932.000000,54.000000,37.090000,-1149000000.000000,-3.016000,1.000000,-387000000.000000,-1.125000,0.000000,0.000000,15907000000.000000,,715000000.000000,10763000000.000000,4658000000.000000,6105000000.000000,4935000000.000000,3123000000.000000,1812000000.000000,361000000.000000,0.000000,-612000000.000000,-56000000.000000,0.000000,-668000000.000000,1944000000.000000,2178000000.000000,-915000000.000000,0.000000,-1380000000.000000,-1380000000.000000,-1380000000.000000,0.000000,0.000000,-4.012000,1480000000.000000,-1867000000.000000,310000000.000000,0.000000,2.733000,38.374000,39.194000,2410000000.000000,0.000000,121.500000,4.347000,4.345000,232000000.000000,17019000000.000000,344000000.000000,344000000.000000,1148000000.000000,,,,,74000000.000000,332000000.000000,1.000000,381209341.000000,381000000.000000,381000000.000000,0.903000,21884000000.000000,1480000000.000000,-369000000.000000,47000000.000000,57.438000
MRQ,2023-09-30,2023-09-30,2023-09-30,2023-Q3,6414000000.000000,39311408415.000000,2025-05-01,-211000000.000000,19450000000.000000,,10799000000.000000,8651000000.000000,,35.315000,-140000000.000000,2932000000.000000,2932000000.000000,2241000000.000000,-3630000000.000000,2.463000,0.446000,1272000000.000000,0.000000,1272000000.000000,1272000000.000000,1538000000.000000,249000000.000000,0.000000,0.000000,0.000000,-1958000000.000000,-1709000000.000000,-0.933000,-1709000000.000000,-1958000000.000000,-1958000000.000000,-9.530000,-9.530000,-9.530000,13455000000.000000,,13455000000.000000,36457408415.000000,-15.000000,-19.622000,-1740000000.000000,-4.567000,1.000000,-410000000.000000,-0.224000,0.000000,0.000000,13405000000.000000,,487000000.000000,9914000000.000000,4641000000.000000,5273000000.000000,5995000000.000000,4385000000.000000,1610000000.000000,-869000000.000000,0.000000,7000000.000000,-65000000.000000,0.000000,-58000000.000000,789000000.000000,929000000.000000,-1600000000.000000,0.000000,-3630000000.000000,-3630000000.000000,-3630000000.000000,0.000000,0.000000,-1.983000,1602000000.000000,-2012000000.000000,494000000.000000,0.000000,2.922000,-11.342000,-11.351000,2717000000.000000,0.000000,103.290000,4.310000,4.315000,1866000000.000000,13389000000.000000,1831000000.000000,1831000000.000000,1160000000.000000,,,,,77000000.000000,442000000.000000,1.000000,380592588.000000,381000000.000000,381000000.000000,4.806000,19450000000.000000,0.000000,1672000000.000000,56000000.000000,51.050000
MRQ,2023-12-31,2023-12-31,2023-12-31,2023-Q4,7310000000.000000,37918693402.000000,2025-05-01,-123000000.000000,18426000000.000000,,10325000000.000000,8101000000.000000,,36.267000,-220000000.000000,2907000000.000000,2907000000.000000,929000000.000000,217000000.000000,3.425000,0.330000,1218000000.000000,0.000000,1218000000.000000,1218000000.000000,651000000.000000,202000000.000000,0.000000,0.000000,0.000000,70000000.000000,272000000.000000,0.097000,272000000.000000,70000000.000000,70000000.000000,0.560000,0.560000,0.560000,13854000000.000000,,13854000000.000000,36258693402.000000,-9.000000,-10.918000,402000000.000000,1.052000,1.000000,1882000000.000000,0.670000,0.000000,0.000000,13722000000.000000,,202000000.000000,10374000000.000000,5697000000.000000,4677000000.000000,4572000000.000000,3015000000.000000,1557000000.000000,-25000000.000000,0.000000,15000000.000000,-124000000.000000,0.000000,-109000000.000000,-538000000.000000,-318000000.000000,622000000.000000,0.000000,217000000.000000,217000000.000000,217000000.000000,0.000000,0.000000,0.077000,1876000000.000000,6000000.000000,520000000.000000,0.000000,2.737000,-8.044000,-8.066000,2658000000.000000,0.000000,99.450000,5.537000,5.548000,892000000.000000,13606000000.000000,2811000000.000000,2811000000.000000,1406000000.000000,,,,,79000000.000000,470000000.000000,1.000000,381283996.000000,382000000.000000,382000000.000000,7.359000,18426000000.000000,0.000000,-147000000.000000,0.000000,48.236000
MRQ,2024-03-31,2024-03-31,2024-03-31,2024-Q1,7220000000.000000,40713721044.000000,2025-05-01,-101000000.000000,16729000000.000000,,9600000000.000000,7129000000.000000,,33.552000,-196000000.000000,2051000000.000000,2051000000.000000,96000000.000000,-1175000000.000000,4.034000,0.305000,1212000000.000000,0.000000,1212000000.000000,1212000000.000000,617000000.000000,36000000.000000,0.000000,0.000000,0.000000,-1165000000.000000,-1129000000.000000,-6.760000,-1129000000.000000,-1165000000.000000,-1165000000.000000,-3.070000,-3.070000,-3.070000,12817000000.000000,,12817000000.000000,39024721044.000000,-8.000000,-9.241000,-1185000000.000000,-3.102000,1.000000,71000000.000000,0.425000,0.000000,0.000000,13510000000.000000,,295000000.000000,10110000000.000000,6472000000.000000,3638000000.000000,3912000000.000000,2380000000.000000,1532000000.000000,-857000000.000000,0.000000,15000000.000000,-1000000.000000,0.000000,14000000.000000,118000000.000000,314000000.000000,-989000000.000000,0.000000,-1175000000.000000,-1175000000.000000,-1175000000.000000,0.000000,0.000000,-7.036000,1337000000.000000,-1266000000.000000,183000000.000000,0.000000,3.177000,-6.822000,-6.805000,2760000000.000000,0.000000,106.560000,7.901000,7.899000,137000000.000000,12431000000.000000,167000000.000000,167000000.000000,1063000000.000000,,,,,101000000.000000,274000000.000000,1.000000,382073208.000000,382000000.000000,382000000.000000,0.437000,16729000000.000000,81000000.000000,10000000.000000,52000000.000000,43.793000
MRQ,2024-06-30,2024-06-30,2024-06-30,2024-Q2,7298000000.000000,45509717462.000000,2025-05-01,-71000000.000000,15680000000.000000,,9661000000.000000,6019000000.000000,,30.500000,-182000000.000000,2478000000.000000,2478000000.000000,115000000.000000,-1279000000.000000,4.088000,0.339000,1244000000.000000,0.000000,1244000000.000000,1244000000.000000,797000000.000000,41000000.000000,0.000000,0.000000,0.000000,-1279000000.000000,-1238000000.000000,-5.137000,-1238000000.000000,-1279000000.000000,-1279000000.000000,-3.330000,-3.330000,-3.330000,11712000000.000000,,11712000000.000000,44670717462.000000,-10.000000,-11.743000,-1456000000.000000,-3.792000,1.000000,126000000.000000,0.523000,0.000000,0.000000,12083000000.000000,,399000000.000000,8336000000.000000,6010000000.000000,2326000000.000000,3968000000.000000,2363000000.000000,1605000000.000000,409000000.000000,0.000000,32000000.000000,2000000.000000,0.000000,34000000.000000,1649000000.000000,1831000000.000000,-1274000000.000000,0.000000,-1279000000.000000,-1279000000.000000,-1279000000.000000,0.000000,0.000000,-5.307000,1489000000.000000,-1363000000.000000,279000000.000000,0.000000,3.886000,-7.757000,-7.726000,2971000000.000000,0.000000,118.750000,9.012000,9.030000,163000000.000000,11152000000.000000,241000000.000000,241000000.000000,1221000000.000000,,,,,112000000.000000,268000000.000000,1.000000,383239726.000000,384000000.000000,384000000.000000,0.628000,15680000000.000000,81000000.000000,0.000000,7000000.000000,40.833000
MRQ,2024-09-30,2024-09-30,2024-09-30,2024-Q3,7465000000.000000,25689186685.000000,2025-05-01,11000000.000000,15803000000.000000,,9666000000.000000,6137000000.000000,,30.979000,-151000000.000000,1644000000.000000,1644000000.000000,514000000.000000,13000000.000000,4.392000,0.325000,1304000000.000000,0.000000,1304000000.000000,1304000000.000000,474000000.000000,52000000.000000,0.000000,0.000000,0.000000,21000000.000000,73000000.000000,0.039000,73000000.000000,21000000.000000,21000000.000000,0.030000,0.030000,0.030000,11927000000.000000,,11927000000.000000,24455186685.000000,-10.000000,-12.095000,-1717000000.000000,-4.460000,1.000000,1348000000.000000,0.724000,0.000000,0.000000,13262000000.000000,,412000000.000000,7558000000.000000,5223000000.000000,2335000000.000000,3876000000.000000,2201000000.000000,1675000000.000000,-833000000.000000,0.000000,8000000.000000,3000000.000000,0.000000,11000000.000000,721000000.000000,872000000.000000,-1566000000.000000,1000000.000000,13000000.000000,13000000.000000,13000000.000000,0.000000,0.000000,0.007000,1418000000.000000,-70000000.000000,373000000.000000,0.000000,2.154000,-11.551000,-11.503000,3165000000.000000,0.000000,66.830000,5.056000,5.064000,1564000000.000000,11165000000.000000,1862000000.000000,1862000000.000000,1137000000.000000,,,,,112000000.000000,281000000.000000,1.000000,384396030.000000,385000000.000000,399000000.000000,4.836000,15803000000.000000,81000000.000000,8000000.000000,4000000.000000,41.047000
MRQ,2024-12-31,2024-12-31,2024-12-31,2024-Q4,5893000000.000000,16000724581.000000,2025-05-01,-10000000.000000,14142000000.000000,,8099000000.000000,6043000000.000000,,28.168000,-522000000.000000,1927000000.000000,1927000000.000000,739000000.000000,-1120000000.000000,3.671000,0.297000,710000000.000000,0.000000,710000000.000000,710000000.000000,211000000.000000,60000000.000000,0.000000,0.000000,0.000000,-1184000000.000000,-1124000000.000000,-1.164000,-1124000000.000000,-1184000000.000000,-1184000000.000000,-2.910000,-2.910000,-2.910000,10901000000.000000,,10901000000.000000,15660724581.000000,-4.000000,-4.582000,303000000.000000,0.783000,1.000000,227000000.000000,0.235000,0.000000,0.000000,10719000000.000000,,117000000.000000,7592000000.000000,5098000000.000000,2494000000.000000,3241000000.000000,2206000000.000000,1035000000.000000,282000000.000000,0.000000,11000000.000000,-14000000.000000,0.000000,-3000000.000000,-539000000.000000,-17000000.000000,825000000.000000,-1000000.000000,-1120000000.000000,-1120000000.000000,-1120000000.000000,0.000000,0.000000,-1.159000,1473000000.000000,-1246000000.000000,405000000.000000,0.000000,1.468000,-4.493000,-4.481000,2955000000.000000,0.000000,41.580000,4.945000,4.934000,358000000.000000,10045000000.000000,966000000.000000,966000000.000000,1122000000.000000,,,,,104000000.000000,351000000.000000,1.000000,384817811.000000,387000000.000000,387000000.000000,2.496000,14142000000.000000,0.000000,-64000000.000000,0.000000,36.543000
MRQ,2025-03-31,2025-03-31,2025-03-31,2025-Q1,5162000000.000000,10937880113.000000,2025-05-01,10000000.000000,12704000000.000000,,6766000000.000000,5938000000.000000,,26.078000,-127000000.000000,1623000000.000000,1623000000.000000,90000000.000000,-971000000.000000,4.218000,0.262000,702000000.000000,0.000000,702000000.000000,702000000.000000,183000000.000000,39000000.000000,0.000000,0.000000,0.000000,-964000000.000000,-925000000.000000,-8.565000,-925000000.000000,-964000000.000000,-964000000.000000,-2.520000,-2.520000,-2.520000,10066000000.000000,,10066000000.000000,9720880113.000000,-3.000000,-3.025000,-1164000000.000000,-3.016000,1.000000,18000000.000000,0.167000,0.000000,0.000000,10179000000.000000,,128000000.000000,6770000000.000000,4352000000.000000,2418000000.000000,2638000000.000000,1604000000.000000,1034000000.000000,-303000000.000000,0.000000,3000000.000000,2000000.000000,0.000000,4000000.000000,730000000.000000,857000000.000000,-1037000000.000000,0.000000,-971000000.000000,-971000000.000000,-971000000.000000,0.000000,0.000000,-8.991000,1068000000.000000,-1050000000.000000,226000000.000000,0.000000,1.087000,-3.258000,-3.247000,2964000000.000000,0.000000,28.350000,3.443000,3.444000,78000000.000000,9074000000.000000,108000000.000000,108000000.000000,856000000.000000,,,,,115000000.000000,212000000.000000,1.000000,385815877.000000,386000000.000000,386000000.000000,0.280000,12704000000.000000,0.000000,7000000.000000,0.000000,32.912000
MRT,2016-12-31,2016-12-31,2016-12-31,2016-Q4,924350000.000000,,2025-05-01,-403000.000000,1417161000.000000,,1087152000.000000,330009000.000000,,-5.512000,-33144000.000000,50080000.000000,50080000.000000,0.000000,-216211000.000000,6.678000,-1.718000,12500000.000000,0.000000,12500000.000000,12500000.000000,501989000.000000,15114000.000000,0.000000,,0.000000,-215168000.000000,-200054000.000000,-1.846000,-200054000.000000,-215168000.000000,-215168000.000000,-3.790000,-3.790000,-3.790000,-334810000.000000,,-334810000.000000,,,,33590000.000000,0.553000,1.000000,108396000.000000,1.000000,0.000000,0.000000,1216779000.000000,,0.000000,1256107000.000000,1008058000.000000,248049000.000000,575310000.000000,162802000.000000,412508000.000000,-108963000.000000,0.000000,11000.000000,0.000000,0.000000,472910000.000000,-648607000.000000,-606561000.000000,66734000.000000,0.000000,-216211000.000000,-230314000.000000,-230314000.000000,0.000000,0.000000,-2.125000,332167000.000000,-223771000.000000,28157000.000000,0.000000,,,,81207000.000000,14103000.000000,,,,13523000.000000,-365718000.000000,108396000.000000,108396000.000000,274717000.000000,,,,-1.985000,39360000.000000,57450000.000000,1.000000,,60747426.000000,60747426.000000,1.784000,1417161000.000000,0.000000,1043000.000000,0.000000,23.329000
MRT,2017-12-31,2017-12-31,2017-12-31,2017-Q4,591762000.000000,,2025-05-01,-1157000.000000,1084489000.000000,1250825000.000000,783223000.000000,301266000.000000,0.165000,-8.549000,-58401000.000000,135810000.000000,135810000.000000,0.000000,-255916000.000000,4.091000,-0.833000,15687000.000000,0.000000,15687000.000000,15687000.000000,339668000.000000,20537000.000000,0.000000,,0.000000,-255996000.000000,-235459000.000000,-1.144000,-235459000.000000,-255996000.000000,-255996000.000000,-4.180000,-4.180000,-4.180000,-551365000.000000,-443087500.000000,-551365000.000000,,,,-389885000.000000,-6.045000,1.000000,205825000.000000,1.000000,0.000000,0.000000,772905000.000000,994842000.000000,0.000000,778819000.000000,621170000.000000,157649000.000000,459193000.000000,191461000.000000,267732000.000000,86048000.000000,0.000000,212000.000000,1439000.000000,0.000000,168000.000000,417364000.000000,475765000.000000,-331484000.000000,0.000000,-255916000.000000,-269841000.000000,-269841000.000000,0.000000,0.000000,-1.311000,475181000.000000,-269356000.000000,20725000.000000,0.000000,,,,139031000.000000,13925000.000000,,,,13417000.000000,-621893000.000000,205825000.000000,205825000.000000,410459000.000000,-0.216000,0.609000,-0.257000,-1.244000,40055000.000000,64722000.000000,1.000000,,64497544.000000,64497544.000000,3.191000,1084489000.000000,0.000000,-80000.000000,0.000000,16.814000
MRT,2018-03-31,2018-03-31,2018-03-31,2018-Q1,,,2025-05-01,,,,,,,,,,,,,,,,,,,,,,,0.000000,,,,,,,,,,,,,,,,,,1.000000,,,,,,,,,,,,,,,,,,,,,,,,,,,,,,,,,,,,,,,,,,,,,,,,,,,,,1.000000,,65430835.000000,,,,,,,
MRT,2018-06-30,2018-06-30,2018-06-30,2018-Q2,,,2025-05-01,,,,,,,,,,,,,,,,,,,,,,,0.000000,,,,,,,,,,,,,,,,,,1.000000,,,,,,,,,,,,,,,,,,,,,,,,,,,,,,,,,,,,,,,,,,,,,,,,,,,,,1.000000,,65938939.000000,,,,,,,
MRT,2018-09-30,2018-09-30,2018-09-30,2018-Q3,931529000.000000,,2025-05-01,-922000.000000,1489160000.000000,,1117947000.000000,371213000.000000,,-11.423000,-104089000.000000,167891000.000000,167891000.000000,0.000000,-281252000.000000,5.997000,-0.545000,26892000.000000,0.000000,26892000.000000,26892000.000000,302565000.000000,23427000.000000,0.000000,,0.000000,-295715000.000000,-272288000.000000,-1.421000,-272288000.000000,-295715000.000000,-295715000.000000,-4.540000,-4.540000,-4.540000,-757129000.000000,,-757129000.000000,,,,-446861000.000000,-6.742000,1.000000,191551000.000000,1.000000,0.000000,0.000000,1161743000.000000,,0.000000,1067030000.000000,905143000.000000,161887000.000000,412728000.000000,186418000.000000,226310000.000000,44495000.000000,0.000000,460000.000000,-923000.000000,0.000000,652466000.000000,-265199000.000000,-161110000.000000,-342772000.000000,0.000000,-295702000.000000,-299184000.000000,-299184000.000000,0.000000,14450000.000000,-1.562000,493614000.000000,-302063000.000000,24356000.000000,0.000000,,,,206457000.000000,3482000.000000,,,,11557000.000000,-865201000.000000,191551000.000000,191551000.000000,421480000.000000,,,,-1.544000,51952000.000000,72134000.000000,1.000000,324411226.000000,66283040.000000,66283040.000000,2.890000,1489160000.000000,0.000000,-13000.000000,0.000000,22.467000
MRT,2018-12-31,2018-12-31,2018-12-31,2018-Q4,1340203000.000000,4953759421.000000,2025-05-01,-1320000.000000,1962149000.000000,1523319000.000000,1563006000.000000,399143000.000000,0.089000,18.865000,-105766000.000000,658959000.000000,658959000.000000,0.000000,-384734000.000000,7.015000,0.282000,33489000.000000,0.000000,33489000.000000,33489000.000000,274408000.000000,24862000.000000,0.000000,0.000000,0.000000,-384408000.000000,-359546000.000000,-2.662000,-359546000.000000,-384408000.000000,-384408000.000000,-4.950000,-4.950000,-4.950000,1530241000.000000,489438000.000000,1530241000.000000,4812760421.000000,-13.000000,-13.386000,-436631000.000000,-5.383000,1.000000,135068000.000000,1.000000,0.000000,0.000000,1113876000.000000,943390500.000000,0.000000,1047585000.000000,863063000.000000,184522000.000000,431908000.000000,222803000.000000,209105000.000000,522883000.000000,0.000000,564453000.000000,9460000.000000,0.000000,1226842000.000000,-373094000.000000,-267328000.000000,-330865000.000000,0.000000,-384734000.000000,-401857000.000000,-401857000.000000,0.000000,0.000000,-2.975000,548334000.000000,-413266000.000000,31210000.000000,0.000000,3.237000,-12.327000,-3.085000,211977000.000000,17123000.000000,15.270000,36.676000,9.170000,12585000.000000,-1006627000.000000,135068000.000000,135068000.000000,454082000.000000,-0.264000,-0.821000,-0.407000,-2.846000,72565000.000000,94252000.000000,1.000000,324411226.000000,81114183.000000,81114183.000000,1.665000,1962149000.000000,0.000000,326000.000000,0.000000,24.190000
MRT,2019-03-31,2019-03-31,2019-03-31,2019-Q1,981668000.000000,6695159544.000000,2025-05-01,591000.000000,1806207000.000000,,1140827000.000000,665380000.000000,,4.398000,-81452000.000000,502934000.000000,502934000.000000,0.000000,-444934000.000000,7.168000,0.249000,33384000.000000,0.000000,33384000.000000,33384000.000000,230820000.000000,27025000.000000,0.000000,0.000000,0.000000,-441151000.000000,-414126000.000000,-3.393000,-414126000.000000,-441151000.000000,-441151000.000000,-4.190000,-4.190000,-4.190000,1446033000.000000,,1446033000.000000,6069689544.000000,-14.000000,-14.657000,-445200000.000000,-1.354000,1.000000,122054000.000000,1.000000,0.000000,0.000000,1177498000.000000,,0.000000,1055472000.000000,605990000.000000,449482000.000000,360174000.000000,159159000.000000,201015000.000000,412243000.000000,0.000000,564488000.000000,9254000.000000,0.000000,677140000.000000,98851000.000000,180303000.000000,-363748000.000000,0.000000,-441453000.000000,-458576000.000000,-458576000.000000,0.000000,-3481000.000000,-3.757000,599559000.000000,-477505000.000000,38509000.000000,0.000000,4.630000,-14.600000,-4.857000,213460000.000000,17123000.000000,20.350000,54.854000,54.822000,6611000.000000,-1111300000.000000,122054000.000000,122054000.000000,494371000.000000,,,,-3.614000,79211000.000000,105188000.000000,1.000000,329000469.000000,328809986.000000,328809986.000000,0.371000,1806207000.000000,0.000000,302000.000000,0.000000,5.493000
MRT,2019-06-30,2019-06-30,2019-06-30,2019-Q2,935431000.000000,4816607873.000000,2025-05-01,2741000.000000,1685279000.000000,1735698750.000000,1097418000.000000,587861000.000000,0.061000,4.066000,-57958000.000000,151686000.000000,151686000.000000,0.000000,-489273000.000000,6.775000,0.259000,33588000.000000,0.000000,33588000.000000,33588000.000000,223324000.000000,28624000.000000,0.000000,0.000000,0.000000,-482491000.000000,-453867000.000000,-4.270000,-453867000.000000,-482491000.000000,-482491000.000000,-3.170000,-3.170000,-3.170000,1338554000.000000,889424750.000000,1338554000.000000,4347057873.000000,-9.000000,-9.578000,-482042000.000000,-1.464000,1.000000,106286000.000000,1.000000,0.000000,0.000000,1405194000.000000,1214577750.000000,0.000000,1295516000.000000,918722000.000000,376794000.000000,346725000.000000,161987000.000000,184738000.000000,10466000.000000,0.000000,568370000.000000,10767000.000000,0.000000,570955000.000000,-136405000.000000,-78447000.000000,-424084000.000000,0.000000,-482311000.000000,-499434000.000000,-499434000.000000,0.000000,-6962000.000000,-4.699000,630485000.000000,-524199000.000000,29609000.000000,0.000000,3.598000,-9.644000,-4.618000,208509000.000000,17123000.000000,14.640000,45.317000,45.341000,4518000.000000,-1246354000.000000,106286000.000000,106286000.000000,518197000.000000,-0.288000,-0.562000,-0.397000,-4.540000,86353000.000000,112288000.000000,1.000000,329003270.000000,329176107.000000,329176107.000000,0.323000,1685279000.000000,0.000000,-180000.000000,0.000000,5.120000
MRT,2019-09-30,2019-09-30,2019-09-30,2019-Q3,946624000.000000,5256500656.000000,2025-05-01,2830000.000000,1590899000.000000,1761133500.000000,1094466000.000000,496433000.000000,0.046000,3.785000,-38529000.000000,174743000.000000,174743000.000000,0.000000,-532157000.000000,7.403000,0.271000,33801000.000000,0.000000,33801000.000000,33801000.000000,213629000.000000,29396000.000000,0.000000,0.000000,0.000000,-518065000.000000,-488669000.000000,-5.990000,-488669000.000000,-518065000.000000,-518065000.000000,-2.220000,-2.220000,-2.220000,1251807000.000000,1391658750.000000,1251807000.000000,5138402656.000000,-10.000000,-10.515000,-489495000.000000,-1.480000,1.000000,81575000.000000,1.000000,0.000000,0.000000,1302115000.000000,1249670750.000000,0.000000,1175480000.000000,884829000.000000,290651000.000000,339092000.000000,147842000.000000,191250000.000000,6111000.000000,0.000000,583634000.000000,12563000.000000,0.000000,596197000.000000,-139120000.000000,-100591000.000000,-450966000.000000,0.000000,-517707000.000000,-534830000.000000,-534830000.000000,0.000000,-14450000.000000,-6.556000,650720000.000000,-569145000.000000,11737000.000000,0.000000,4.199000,-9.828000,-7.171000,203688000.000000,17123000.000000,15.920000,64.438000,64.552000,8216000.000000,-1369548000.000000,81575000.000000,81575000.000000,528784000.000000,-0.304000,-0.384000,-0.415000,-6.351000,92437000.000000,121936000.000000,1.000000,330182202.000000,330769341.000000,330769341.000000,0.247000,1590899000.000000,0.000000,-358000.000000,0.000000,4.810000
MRT,2019-12-31,2019-12-31,2019-12-31,2019-Q4,985689000.000000,6518372249.000000,2025-05-01,1804000.000000,1589422000.000000,1667951750.000000,1128804000.000000,460618000.000000,0.036000,3.549000,-32000000.000000,236908000.000000,236908000.000000,0.000000,-514000000.000000,7.887000,0.353000,132364000.000000,0.000000,132364000.000000,132364000.000000,202305000.000000,31000000.000000,0.000000,0.000000,0.000000,-515000000.000000,-484000000.000000,-8.067000,-484000000.000000,-515000000.000000,-515000000.000000,-1.550000,-1.550000,-1.550000,1174810000.000000,1302801000.000000,1174810000.000000,6377430249.000000,-12.000000,-13.177000,-491000000.000000,-1.483000,1.000000,60000000.000000,1.000000,0.000000,0.000000,1341763000.000000,1306642500.000000,0.000000,1037902000.000000,867124000.000000,170778000.000000,414612000.000000,143115000.000000,271497000.000000,-422000000.000000,0.000000,51000000.000000,1000000.000000,0.000000,52000000.000000,-15000000.000000,17000000.000000,-459000000.000000,0.000000,-514000000.000000,-514000000.000000,-514000000.000000,0.000000,0.000000,-8.567000,606000000.000000,-546000000.000000,7090000.000000,0.000000,5.548000,-12.682000,-12.619000,287909000.000000,0.000000,19.560000,108.640000,107.906000,5369000.000000,-1496454000.000000,60000000.000000,60000000.000000,496000000.000000,-0.308000,-0.395000,-0.394000,-8.583000,81000000.000000,110000000.000000,1.000000,333250115.000000,331000000.000000,331000000.000000,0.181000,1589422000.000000,0.000000,-1000000.000000,0.000000,4.802000
MRT,2020-03-31,2020-03-31,2020-03-31,2020-Q1,1115354000.000000,11040844313.000000,2025-05-01,-6127000.000000,2067541000.000000,1733285250.000000,1249936000.000000,817605000.000000,0.030000,4.648000,-30405000.000000,392752000.000000,392752000.000000,0.000000,-505424000.000000,9.288000,0.260000,147849000.000000,0.000000,147849000.000000,147849000.000000,201831000.000000,30684000.000000,0.000000,0.000000,0.000000,-506400000.000000,-475716000.000000,-9.153000,-475716000.000000,-506400000.000000,-506400000.000000,-1.490000,-1.490000,-1.490000,1640874000.000000,1351511250.000000,1640874000.000000,10936300313.000000,-22.000000,-22.989000,-451137000.000000,-1.278000,1.000000,51975000.000000,1.000000,0.000000,0.000000,1688056000.000000,1434282000.000000,0.000000,1339251000.000000,825981000.000000,513270000.000000,426667000.000000,134582000.000000,292085000.000000,-110266000.000000,0.000000,628943000.000000,764000.000000,0.000000,629707000.000000,-319241000.000000,-288836000.000000,-420732000.000000,0.000000,-505424000.000000,-505424000.000000,-505424000.000000,0.000000,0.000000,-9.724000,587334000.000000,-535359000.000000,11034000.000000,0.000000,6.729000,-21.845000,-20.101000,302599000.000000,0.000000,29.950000,212.426000,203.412000,7300000.000000,-1620684000.000000,51975000.000000,51975000.000000,480587000.000000,-0.292000,-0.374000,-0.353000,-9.743000,82503000.000000,106747000.000000,1.000000,368642548.000000,353000000.000000,353000000.000000,0.147000,2067541000.000000,0.000000,-976000.000000,0.000000,5.857000
MRT,2020-06-30,2020-06-30,2020-06-30,2020-Q2,2635097000.000000,23836284372.000000,2025-05-01,8256000.000000,3486006000.000000,2183467000.000000,2796744000.000000,689262000.000000,0.048000,7.735000,-38819000.000000,1762661000.000000,1762661000.000000,0.000000,-487484000.000000,17.302000,0.183000,167772000.000000,0.000000,167772000.000000,167772000.000000,253722000.000000,31207000.000000,0.000000,0.000000,0.000000,-488136000.000000,-456929000.000000,-4.315000,-456929000.000000,-488136000.000000,-488136000.000000,-1.390000,-1.390000,-1.390000,2946885000.000000,1753594000.000000,2946885000.000000,23591381372.000000,-48.000000,-51.630000,-374966000.000000,-0.984000,1.000000,105892000.000000,1.000000,0.000000,0.000000,1729470000.000000,1515351000.000000,0.000000,1321091000.000000,955384000.000000,365707000.000000,539121000.000000,161647000.000000,377474000.000000,1611043000.000000,0.000000,2006013000.000000,517000.000000,0.000000,2006530000.000000,-59340000.000000,-20521000.000000,-336147000.000000,0.000000,-487484000.000000,-487484000.000000,-487484000.000000,0.000000,0.000000,-4.604000,619542000.000000,-513650000.000000,18817000.000000,0.000000,8.089000,-48.897000,-46.194000,321985000.000000,0.000000,64.210000,225.100000,231.028000,33362000.000000,-1737397000.000000,105892000.000000,105892000.000000,504282000.000000,-0.223000,-0.278000,-0.322000,-4.610000,86008000.000000,115260000.000000,1.000000,371223865.000000,381000000.000000,381000000.000000,0.278000,3486006000.000000,0.000000,-652000.000000,0.000000,9.150000
MRT,2020-09-30,2020-09-30,2020-09-30,2020-Q3,2103650000.000000,27917019779.000000,2025-05-01,4784000.000000,4650873000.000000,2948460500.000000,3577211000.000000,1073662000.000000,0.083000,6.987000,-51108000.000000,1506613000.000000,1506613000.000000,0.000000,-597269000.000000,2.428000,0.685000,207563000.000000,0.000000,207563000.000000,207563000.000000,1442274000.000000,32954000.000000,0.000000,0.000000,0.000000,-596743000.000000,-563789000.000000,-2.293000,-563789000.000000,-596743000.000000,-596743000.000000,-1.610000,-1.610000,-1.610000,2759798000.000000,2130591750.000000,2759798000.000000,26322130779.000000,-44.000000,-46.688000,612838000.000000,1.551000,1.000000,245846000.000000,1.000000,0.000000,0.000000,1878262000.000000,1659387750.000000,0.000000,2473743000.000000,1770721000.000000,703022000.000000,1891075000.000000,1473561000.000000,417514000.000000,1332957000.000000,0.000000,2020459000.000000,259000.000000,0.000000,2020718000.000000,-1351707000.000000,-1300599000.000000,663946000.000000,0.000000,-597269000.000000,-597269000.000000,-597269000.000000,0.000000,0.000000,-2.429000,863732000.000000,-617886000.000000,20521000.000000,0.000000,10.116000,-46.741000,-43.944000,368593000.000000,0.000000,70.750000,113.555000,113.674000,190501000.000000,-1971033000.000000,245846000.000000,245846000.000000,728645000.000000,-0.203000,-0.280000,-0.360000,-2.427000,87204000.000000,135087000.000000,1.000000,394586852.000000,395000000.000000,395000000.000000,0.622000,4650873000.000000,0.000000,526000.000000,0.000000,11.774000
MRT,2020-12-31,2020-12-31,2020-12-31,2020-Q4,1909000000.000000,41339834669.000000,2025-05-01,3000000.000000,7337000000.000000,4385355000.000000,6298000000.000000,1039000000.000000,0.183000,6.722000,-68000000.000000,2624000000.000000,2624000000.000000,8000000.000000,-747000000.000000,1.435000,1.865000,207000000.000000,0.000000,207000000.000000,207000000.000000,4044000000.000000,93000000.000000,0.000000,0.000000,0.000000,-744000000.000000,-651000000.000000,-0.811000,-651000000.000000,-744000000.000000,-744000000.000000,-1.960000,-1.960000,-1.960000,2561000000.000000,2477139250.000000,2561000000.000000,40040784669.000000,-54.000000,-61.507000,1959000000.000000,5.142000,1.000000,795000000.000000,0.990000,0.000000,0.000000,531000000.000000,1456697000.000000,47000000.000000,2634000000.000000,1984000000.000000,650000000.000000,4776000000.000000,4389000000.000000,387000000.000000,2388000000.000000,0.000000,2039000000.000000,-6000000.000000,0.000000,2033000000.000000,-1672000000.000000,-1604000000.000000,2027000000.000000,0.000000,-747000000.000000,-747000000.000000,-747000000.000000,0.000000,0.000000,-0.930000,1558000000.000000,-763000000.000000,18000000.000000,0.000000,16.142000,-55.341000,-53.301000,387000000.000000,0.000000,104.470000,51.482000,49.568000,1391000000.000000,-2244000000.000000,803000000.000000,803000000.000000,1370000000.000000,-0.170000,-0.302000,-0.511000,-0.927000,93000000.000000,188000000.000000,1.000000,395710105.000000,381000000.000000,381000000.000000,2.108000,7337000000.000000,0.000000,3000000.000000,0.000000,19.257000
MRT,2021-03-31,2021-03-31,2021-03-31,2021-Q1,3262000000.000000,52349826763.000000,2025-05-01,1000000.000000,12694000000.000000,7041969750.000000,11703000000.000000,991000000.000000,0.388000,9.595000,-97000000.000000,5442000000.000000,5442000000.000000,201000000.000000,598000000.000000,1.386000,2.307000,234000000.000000,0.000000,234000000.000000,234000000.000000,7710000000.000000,101000000.000000,0.000000,0.000000,0.000000,640000000.000000,741000000.000000,0.271000,741000000.000000,640000000.000000,640000000.000000,1.450000,1.240000,1.450000,3838000000.000000,3026420750.000000,3838000000.000000,49932239763.000000,78.000000,67.385000,5007000000.000000,12.518000,1.000000,2531000000.000000,0.926000,0.000000,0.000000,-955000000.000000,795933000.000000,494000000.000000,2772000000.000000,2293000000.000000,479000000.000000,8856000000.000000,8441000000.000000,415000000.000000,5049000000.000000,0.000000,1489000000.000000,-8000000.000000,0.000000,1481000000.000000,-1536000000.000000,-1439000000.000000,5104000000.000000,0.000000,598000000.000000,598000000.000000,598000000.000000,0.000000,0.000000,0.219000,1897000000.000000,634000000.000000,8000000.000000,0.000000,13.640000,87.542000,90.310000,461000000.000000,0.000000,130.950000,19.162000,19.173000,3210000000.000000,-1023000000.000000,2732000000.000000,2732000000.000000,1656000000.000000,0.085000,0.198000,0.804000,0.234000,103000000.000000,241000000.000000,1.000000,399769582.000000,400000000.000000,430000000.000000,6.830000,12694000000.000000,50000000.000000,42000000.000000,0.000000,31.735000
MRT,2021-06-30,2021-06-30,2021-06-30,2021-Q2,2129000000.000000,94350999859.000000,2025-05-01,16000000.000000,16153000000.000000,10208718250.000000,10969000000.000000,5184000000.000000,0.688000,16.677000,-108000000.000000,5603000000.000000,5603000000.000000,951000000.000000,3495000000.000000,1.241000,1.409000,433000000.000000,0.000000,433000000.000000,433000000.000000,7477000000.000000,162000000.000000,0.000000,0.000000,0.000000,3820000000.000000,3982000000.000000,0.567000,3982000000.000000,3820000000.000000,3820000000.000000,8.690000,8.010000,8.690000,6704000000.000000,3965699500.000000,6704000000.000000,89142999859.000000,23.000000,22.386000,9083000000.000000,22.595000,1.000000,6068000000.000000,0.865000,0.000000,0.000000,2143000000.000000,899315500.000000,643000000.000000,6605000000.000000,2387000000.000000,4218000000.000000,9449000000.000000,8840000000.000000,609000000.000000,3840000000.000000,0.000000,144000000.000000,-68000000.000000,0.000000,76000000.000000,-5427000000.000000,-5319000000.000000,9191000000.000000,0.000000,3495000000.000000,3495000000.000000,3495000000.000000,0.000000,0.000000,0.498000,2250000000.000000,3818000000.000000,77000000.000000,0.000000,14.074000,26.996000,27.040000,898000000.000000,0.000000,234.980000,13.442000,13.458000,2020000000.000000,1757000000.000000,7019000000.000000,7019000000.000000,1925000000.000000,0.342000,0.881000,4.248000,0.544000,113000000.000000,325000000.000000,1.000000,401527789.000000,402000000.000000,431000000.000000,17.460000,16153000000.000000,66000000.000000,325000000.000000,0.000000,40.182000
MRT,2021-09-30,2021-09-30,2021-09-30,2021-Q3,3468000000.000000,155347319636.000000,2025-05-01,31000000.000000,20923000000.000000,14276750000.000000,13425000000.000000,7498000000.000000,0.829000,25.059000,-188000000.000000,5550000000.000000,5550000000.000000,1673000000.000000,7061000000.000000,1.348000,1.067000,343000000.000000,0.000000,343000000.000000,343000000.000000,8475000000.000000,223000000.000000,0.000000,0.000000,0.000000,7604000000.000000,7827000000.000000,0.662000,7827000000.000000,7604000000.000000,7604000000.000000,17.550000,16.300000,17.550000,10124000000.000000,5806750000.000000,10124000000.000000,150177319636.000000,20.000000,19.187000,11386000000.000000,28.183000,1.000000,10158000000.000000,0.859000,0.000000,0.000000,5759000000.000000,1869500000.000000,965000000.000000,9809000000.000000,3356000000.000000,6453000000.000000,10799000000.000000,9957000000.000000,842000000.000000,4043000000.000000,0.000000,146000000.000000,-102000000.000000,0.000000,44000000.000000,-7575000000.000000,-7387000000.000000,11574000000.000000,0.000000,7061000000.000000,7061000000.000000,7061000000.000000,0.000000,0.000000,0.597000,2547000000.000000,7611000000.000000,87000000.000000,0.000000,15.344000,22.001000,21.929000,960000000.000000,0.000000,384.860000,13.131000,13.142000,3142000000.000000,5090000000.000000,11831000000.000000,11831000000.000000,2102000000.000000,0.495000,1.216000,4.067000,0.643000,131000000.000000,445000000.000000,1.000000,403646312.000000,404000000.000000,434000000.000000,29.285000,20923000000.000000,81000000.000000,543000000.000000,565000000.000000,51.790000
MRT,2021-12-31,2021-12-31,2021-12-31,2021-Q4,6943000000.000000,102976070867.000000,2025-05-01,-24000000.000000,24669000000.000000,18609750000.000000,16071000000.000000,8598000000.000000,0.993000,35.099000,-284000000.000000,6848000000.000000,6848000000.000000,2617000000.000000,12202000000.000000,1.761000,0.744000,705000000.000000,0.000000,705000000.000000,705000000.000000,6868000000.000000,232000000.000000,0.000000,0.000000,0.000000,13285000000.000000,13517000000.000000,0.732000,13517000000.000000,13285000000.000000,13285000000.000000,30.310000,28.290000,30.310000,14145000000.000000,8702750000.000000,14145000000.000000,97769070867.000000,7.000000,7.233000,13336000000.000000,33.092000,1.000000,15854000000.000000,0.858000,0.000000,0.000000,9398000000.000000,4086250000.000000,1441000000.000000,10722000000.000000,3879000000.000000,6843000000.000000,10524000000.000000,9128000000.000000,1396000000.000000,4224000000.000000,0.000000,-733000000.000000,-140000000.000000,0.000000,-873000000.000000,-8523000000.000000,-8239000000.000000,13620000000.000000,0.000000,12202000000.000000,12202000000.000000,12202000000.000000,0.000000,0.000000,0.661000,2558000000.000000,13296000000.000000,302000000.000000,0.000000,7.280000,8.439000,8.379000,1383000000.000000,0.000000,253.980000,5.575000,5.541000,3175000000.000000,9958000000.000000,18471000000.000000,18471000000.000000,1991000000.000000,0.656000,1.402000,3.251000,0.719000,142000000.000000,567000000.000000,1.000000,405449527.000000,403000000.000000,431000000.000000,45.834000,24669000000.000000,326000000.000000,1083000000.000000,876000000.000000,61.213000
MRT,2022-03-31,2022-03-31,2022-03-31,2022-Q1,7112000000.000000,69398900568.000000,2025-05-01,-184000000.000000,27609000000.000000,22338500000.000000,16350000000.000000,11259000000.000000,1.012000,42.475000,-381000000.000000,5048000000.000000,5048000000.000000,3441000000.000000,14638000000.000000,1.770000,0.617000,741000000.000000,0.000000,741000000.000000,741000000.000000,6063000000.000000,296000000.000000,0.000000,0.000000,0.000000,16254000000.000000,16550000000.000000,0.732000,16550000000.000000,16254000000.000000,16254000000.000000,36.350000,34.030000,36.350000,17075000000.000000,12012000000.000000,17075000000.000000,63255900568.000000,4.000000,3.822000,13031000000.000000,32.415000,1.000000,19159000000.000000,0.848000,0.000000,0.000000,14064000000.000000,7841000000.000000,1942000000.000000,14250000000.000000,5067000000.000000,9183000000.000000,10534000000.000000,9238000000.000000,1296000000.000000,-393000000.000000,0.000000,-1372000000.000000,-169000000.000000,0.000000,-1541000000.000000,-12264000000.000000,-11883000000.000000,13412000000.000000,0.000000,14638000000.000000,14638000000.000000,14638000000.000000,0.000000,0.000000,0.648000,2902000000.000000,16257000000.000000,199000000.000000,0.000000,4.064000,4.741000,4.739000,1473000000.000000,0.000000,172.260000,3.071000,3.064000,3173000000.000000,13615000000.000000,22600000000.000000,22600000000.000000,2144000000.000000,0.655000,1.219000,2.073000,0.719000,156000000.000000,758000000.000000,1.000000,402872986.000000,402000000.000000,426000000.000000,56.219000,27609000000.000000,521000000.000000,1616000000.000000,1592000000.000000,68.679000
MRT,2022-06-30,2022-06-30,2022-06-30,2022-Q2,6751000000.000000,56819947003.000000,2025-05-01,-240000000.000000,26043000000.000000,24811000000.000000,13563000000.000000,12480000000.000000,0.927000,45.417000,-438000000.000000,2873000000.000000,2873000000.000000,4072000000.000000,14055000000.000000,1.991000,0.448000,728000000.000000,0.000000,728000000.000000,728000000.000000,4498000000.000000,303000000.000000,0.000000,0.000000,0.000000,15665000000.000000,15968000000.000000,0.694000,15968000000.000000,15665000000.000000,15665000000.000000,34.970000,32.810000,34.970000,17985000000.000000,14832250000.000000,17985000000.000000,52512947003.000000,3.000000,3.289000,9215000000.000000,23.270000,1.000000,18923000000.000000,0.823000,0.000000,0.000000,17086000000.000000,11576750000.000000,1921000000.000000,15198000000.000000,5024000000.000000,10174000000.000000,8058000000.000000,6812000000.000000,1246000000.000000,-2729000000.000000,0.000000,-2689000000.000000,-155000000.000000,0.000000,-2844000000.000000,-9538000000.000000,-9100000000.000000,9653000000.000000,0.000000,14055000000.000000,14055000000.000000,14055000000.000000,0.000000,0.000000,0.611000,3281000000.000000,15642000000.000000,181000000.000000,0.000000,3.159000,4.043000,4.085000,1446000000.000000,0.000000,142.850000,2.471000,2.460000,2691000000.000000,15812000000.000000,22995000000.000000,22995000000.000000,2433000000.000000,0.566000,0.948000,1.353000,0.681000,171000000.000000,848000000.000000,1.000000,397759517.000000,396000000.000000,419000000.000000,58.068000,26043000000.000000,785000000.000000,1610000000.000000,349000000.000000,65.765000
MRT,2022-09-30,2022-09-30,2022-09-30,2022-Q3,7490000000.000000,46259346078.000000,2025-05-01,-351000000.000000,26056000000.000000,26094250000.000000,14297000000.000000,11759000000.000000,0.820000,46.133000,-428000000.000000,3027000000.000000,3027000000.000000,4450000000.000000,11765000000.000000,2.100000,0.448000,1001000000.000000,0.000000,1001000000.000000,1001000000.000000,4177000000.000000,346000000.000000,0.000000,0.000000,0.000000,13330000000.000000,13676000000.000000,0.639000,13676000000.000000,13330000000.000000,13330000000.000000,29.370000,27.640000,29.370000,17992000000.000000,16799250000.000000,17992000000.000000,44114346078.000000,3.000000,3.226000,6201000000.000000,15.900000,1.000000,16940000000.000000,0.792000,0.000000,0.000000,17223000000.000000,14442750000.000000,2077000000.000000,13990000000.000000,5321000000.000000,8669000000.000000,8064000000.000000,6807000000.000000,1257000000.000000,-2520000000.000000,0.000000,-3716000000.000000,-167000000.000000,0.000000,-3883000000.000000,-5266000000.000000,-4838000000.000000,6629000000.000000,0.000000,11765000000.000000,11765000000.000000,11765000000.000000,0.000000,0.000000,0.550000,3690000000.000000,13250000000.000000,330000000.000000,0.000000,2.571000,3.932000,4.026000,2132000000.000000,0.000000,118.250000,2.163000,2.156000,2695000000.000000,16855000000.000000,21390000000.000000,21390000000.000000,2732000000.000000,0.451000,0.700000,0.923000,0.623000,201000000.000000,958000000.000000,1.000000,391199544.000000,390000000.000000,412000000.000000,54.846000,26056000000.000000,920000000.000000,1565000000.000000,66000000.000000,66.810000
MRT,2022-12-31,2022-12-31,2022-12-31,2022-Q4,8508000000.000000,69006495842.000000,2025-05-01,-370000000.000000,25858000000.000000,26391500000.000000,13431000000.000000,12427000000.000000,0.730000,48.536000,-400000000.000000,3205000000.000000,3205000000.000000,5416000000.000000,8362000000.000000,2.728000,0.352000,1004000000.000000,0.000000,1004000000.000000,1004000000.000000,2711000000.000000,348000000.000000,0.000000,0.000000,0.000000,9575000000.000000,9923000000.000000,0.515000,9923000000.000000,9575000000.000000,9575000000.000000,21.260000,20.120000,21.260000,19123000000.000000,18043750000.000000,19123000000.000000,66980495842.000000,7.000000,6.750000,4581000000.000000,11.627000,1.000000,13847000000.000000,0.719000,0.000000,0.000000,18734000000.000000,16776750000.000000,949000000.000000,15015000000.000000,6697000000.000000,8318000000.000000,6735000000.000000,4923000000.000000,1812000000.000000,-3643000000.000000,0.000000,-3264000000.000000,-184000000.000000,0.000000,-3448000000.000000,-5176000000.000000,-4776000000.000000,4981000000.000000,0.000000,8362000000.000000,8362000000.000000,8362000000.000000,0.000000,0.000000,0.434000,4427000000.000000,9420000000.000000,487000000.000000,0.000000,3.609000,8.252000,8.449000,2139000000.000000,0.000000,179.620000,3.582000,3.674000,1385000000.000000,18320000000.000000,19263000000.000000,19263000000.000000,3295000000.000000,0.317000,0.463000,0.571000,0.497000,226000000.000000,1132000000.000000,1.000000,384180469.000000,394000000.000000,416000000.000000,48.891000,25858000000.000000,982000000.000000,1213000000.000000,48000000.000000,65.629000
MRT,2023-03-31,2023-03-31,2023-03-31,2023-Q1,8623000000.000000,59334034847.000000,2025-05-01,-267000000.000000,24125000000.000000,25520500000.000000,12122000000.000000,12003000000.000000,0.590000,48.868000,-381000000.000000,3441000000.000000,3441000000.000000,5191000000.000000,4784000000.000000,3.464000,0.279000,927000000.000000,0.000000,927000000.000000,927000000.000000,1892000000.000000,347000000.000000,0.000000,0.000000,0.000000,5041000000.000000,5388000000.000000,0.358000,5388000000.000000,5041000000.000000,5041000000.000000,12.270000,11.620000,12.270000,18863000000.000000,18490750000.000000,18863000000.000000,57133034847.000000,11.000000,10.604000,612000000.000000,1.585000,1.000000,9868000000.000000,0.655000,0.000000,0.000000,18112000000.000000,17788750000.000000,732000000.000000,12924000000.000000,5482000000.000000,7442000000.000000,5262000000.000000,3499000000.000000,1763000000.000000,-1599000000.000000,-85000000.000000,-3170000000.000000,-178000000.000000,0.000000,-3348000000.000000,756000000.000000,1222000000.000000,993000000.000000,0.000000,4784000000.000000,4784000000.000000,4784000000.000000,0.000000,0.000000,0.318000,5041000000.000000,4827000000.000000,389000000.000000,0.000000,3.146000,12.403000,12.517000,2135000000.000000,0.000000,153.580000,3.940000,3.937000,1113000000.000000,18399000000.000000,15059000000.000000,15059000000.000000,3872000000.000000,0.187000,0.259000,0.283000,0.335000,257000000.000000,1169000000.000000,1.000000,386339594.000000,386000000.000000,405000000.000000,39.013000,24125000000.000000,1262000000.000000,257000000.000000,66000000.000000,62.500000
MRT,2023-06-30,2023-06-30,2023-06-30,2023-Q2,7476000000.000000,46316934932.000000,2025-05-01,-263000000.000000,21884000000.000000,24480750000.000000,10599000000.000000,11285000000.000000,0.435000,44.486000,-528000000.000000,3801000000.000000,3801000000.000000,4541000000.000000,1207000000.000000,3.394000,0.291000,947000000.000000,0.000000,947000000.000000,947000000.000000,1732000000.000000,363000000.000000,0.000000,0.000000,0.000000,818000000.000000,1181000000.000000,0.111000,1181000000.000000,818000000.000000,818000000.000000,3.100000,2.760000,3.100000,16949000000.000000,18231750000.000000,16949000000.000000,43802934932.000000,54.000000,37.090000,-754000000.000000,-1.979000,1.000000,6113000000.000000,0.574000,0.000000,0.000000,15907000000.000000,17494000000.000000,715000000.000000,10763000000.000000,4658000000.000000,6105000000.000000,4935000000.000000,3123000000.000000,1812000000.000000,937000000.000000,-85000000.000000,-2501000000.000000,-188000000.000000,0.000000,-2689000000.000000,3852000000.000000,4465000000.000000,-226000000.000000,0.000000,1207000000.000000,1207000000.000000,1207000000.000000,0.000000,0.000000,0.113000,5600000000.000000,513000000.000000,310000000.000000,0.000000,2.733000,38.374000,39.194000,2410000000.000000,0.000000,121.500000,4.347000,4.345000,232000000.000000,17019000000.000000,10654000000.000000,10654000000.000000,4310000000.000000,0.049000,0.066000,0.047000,0.077000,281000000.000000,1290000000.000000,1.000000,381209341.000000,381000000.000000,381000000.000000,27.963000,21884000000.000000,1480000000.000000,-389000000.000000,47000000.000000,57.438000
MRT,2023-09-30,2023-09-30,2023-09-30,2023-Q3,6414000000.000000,39311408415.000000,2025-05-01,-211000000.000000,19450000000.000000,22829250000.000000,10799000000.000000,8651000000.000000,0.400000,35.315000,-579000000.000000,2932000000.000000,2932000000.000000,5682000000.000000,-3466000000.000000,2.463000,0.446000,1272000000.000000,0.000000,1272000000.000000,1272000000.000000,1538000000.000000,499000000.000000,0.000000,0.000000,0.000000,-2357000000.000000,-1858000000.000000,-0.204000,-1858000000.000000,-2357000000.000000,-2357000000.000000,-9.100000,-9.300000,-9.100000,13455000000.000000,17097500000.000000,13455000000.000000,36457408415.000000,-15.000000,-19.622000,-2657000000.000000,-6.974000,1.000000,3439000000.000000,0.377000,0.000000,0.000000,13405000000.000000,16539500000.000000,487000000.000000,9914000000.000000,4641000000.000000,5273000000.000000,5995000000.000000,4385000000.000000,1610000000.000000,-88000000.000000,-85000000.000000,-1499000000.000000,-207000000.000000,0.000000,-1706000000.000000,3696000000.000000,4360000000.000000,-2078000000.000000,0.000000,-3466000000.000000,-3466000000.000000,-3466000000.000000,0.000000,0.000000,-0.380000,6104000000.000000,-2665000000.000000,494000000.000000,0.000000,2.922000,-11.342000,-11.351000,2717000000.000000,0.000000,103.290000,4.310000,4.315000,1866000000.000000,13389000000.000000,9121000000.000000,9121000000.000000,4650000000.000000,-0.152000,-0.203000,-0.143000,-0.258000,288000000.000000,1454000000.000000,1.000000,380592588.000000,381000000.000000,381000000.000000,23.940000,19450000000.000000,0.000000,1109000000.000000,56000000.000000,51.050000
MRT,2023-12-31,2023-12-31,2023-12-31,2023-Q4,7310000000.000000,37918693402.000000,2025-05-01,-123000000.000000,18426000000.000000,20971250000.000000,10325000000.000000,8101000000.000000,0.327000,36.267000,-707000000.000000,2907000000.000000,2907000000.000000,4693000000.000000,-4714000000.000000,3.425000,0.330000,1218000000.000000,0.000000,1218000000.000000,1218000000.000000,651000000.000000,621000000.000000,0.000000,0.000000,0.000000,-3942000000.000000,-3321000000.000000,-0.485000,-3321000000.000000,-3942000000.000000,-3942000000.000000,-12.330000,-12.330000,-12.330000,13854000000.000000,15780250000.000000,13854000000.000000,36258693402.000000,-9.000000,-10.918000,-3825000000.000000,-10.013000,1.000000,2155000000.000000,0.315000,0.000000,0.000000,13722000000.000000,15286500000.000000,202000000.000000,10374000000.000000,5697000000.000000,4677000000.000000,4572000000.000000,3015000000.000000,1557000000.000000,-289000000.000000,-85000000.000000,-1107000000.000000,-270000000.000000,0.000000,-1377000000.000000,4206000000.000000,4998000000.000000,-3118000000.000000,0.000000,-4714000000.000000,-4714000000.000000,-4714000000.000000,0.000000,0.000000,-0.688000,6394000000.000000,-4239000000.000000,520000000.000000,0.000000,2.737000,-8.044000,-8.066000,2658000000.000000,0.000000,99.450000,5.537000,5.548000,892000000.000000,13606000000.000000,6848000000.000000,6848000000.000000,4845000000.000000,-0.225000,-0.299000,-0.258000,-0.576000,305000000.000000,1549000000.000000,1.000000,381283996.000000,382000000.000000,382000000.000000,17.927000,18426000000.000000,0.000000,772000000.000000,0.000000,48.236000
MRT,2024-03-31,2024-03-31,2024-03-31,2024-Q1,7220000000.000000,40713721044.000000,2025-05-01,-101000000.000000,16729000000.000000,19122250000.000000,9600000000.000000,7129000000.000000,0.269000,33.552000,-790000000.000000,2051000000.000000,2051000000.000000,3997000000.000000,-5968000000.000000,4.034000,0.305000,1212000000.000000,0.000000,1212000000.000000,1212000000.000000,617000000.000000,579000000.000000,0.000000,0.000000,0.000000,-4802000000.000000,-4223000000.000000,-0.820000,-4223000000.000000,-4802000000.000000,-4802000000.000000,-15.660000,-15.660000,-15.660000,12817000000.000000,14268750000.000000,12817000000.000000,39024721044.000000,-8.000000,-9.241000,-3672000000.000000,-9.613000,1.000000,1156000000.000000,0.224000,0.000000,0.000000,13510000000.000000,14136000000.000000,295000000.000000,10110000000.000000,6472000000.000000,3638000000.000000,3912000000.000000,2380000000.000000,1532000000.000000,-1390000000.000000,0.000000,-575000000.000000,-246000000.000000,0.000000,-821000000.000000,2313000000.000000,3103000000.000000,-2882000000.000000,0.000000,-5968000000.000000,-5968000000.000000,-5968000000.000000,0.000000,0.000000,-1.158000,6295000000.000000,-5139000000.000000,183000000.000000,0.000000,3.177000,-6.822000,-6.805000,2760000000.000000,0.000000,106.560000,7.901000,7.899000,137000000.000000,12431000000.000000,5153000000.000000,5153000000.000000,4777000000.000000,-0.312000,-0.418000,-0.340000,-0.932000,331000000.000000,1518000000.000000,1.000000,382073208.000000,382000000.000000,382000000.000000,13.490000,16729000000.000000,81000000.000000,1166000000.000000,52000000.000000,43.793000
MRT,2024-06-30,2024-06-30,2024-06-30,2024-Q2,7298000000.000000,45509717462.000000,2025-05-01,-71000000.000000,15680000000.000000,17571250000.000000,9661000000.000000,6019000000.000000,0.287000,30.500000,-738000000.000000,2478000000.000000,2478000000.000000,3381000000.000000,-5867000000.000000,4.088000,0.339000,1244000000.000000,0.000000,1244000000.000000,1244000000.000000,797000000.000000,528000000.000000,0.000000,0.000000,0.000000,-4332000000.000000,-3804000000.000000,-0.753000,-3804000000.000000,-4332000000.000000,-4332000000.000000,-15.370000,-15.370000,-15.370000,11712000000.000000,12959500000.000000,11712000000.000000,44670717462.000000,-10.000000,-11.743000,-3979000000.000000,-10.362000,1.000000,1669000000.000000,0.330000,0.000000,0.000000,12083000000.000000,13180000000.000000,399000000.000000,8336000000.000000,6010000000.000000,2326000000.000000,3968000000.000000,2363000000.000000,1605000000.000000,-1342000000.000000,0.000000,69000000.000000,-188000000.000000,0.000000,-119000000.000000,2018000000.000000,2756000000.000000,-3241000000.000000,0.000000,-5867000000.000000,-5867000000.000000,-5867000000.000000,0.000000,0.000000,-1.162000,6304000000.000000,-4635000000.000000,279000000.000000,0.000000,3.886000,-7.757000,-7.726000,2971000000.000000,0.000000,118.750000,9.012000,9.030000,163000000.000000,11152000000.000000,5050000000.000000,5050000000.000000,4850000000.000000,-0.334000,-0.453000,-0.329000,-0.858000,369000000.000000,1454000000.000000,1.000000,383239726.000000,384000000.000000,384000000.000000,13.151000,15680000000.000000,81000000.000000,1535000000.000000,7000000.000000,40.833000
MRT,2024-09-30,2024-09-30,2024-09-30,2024-Q3,7465000000.000000,25689186685.000000,2025-05-01,11000000.000000,15803000000.000000,16659500000.000000,9666000000.000000,6137000000.000000,0.305000,30.979000,-749000000.000000,1644000000.000000,1644000000.000000,1654000000.000000,-2224000000.000000,4.392000,0.325000,1304000000.000000,0.000000,1304000000.000000,1304000000.000000,474000000.000000,331000000.000000,0.000000,0.000000,0.000000,-2353000000.000000,-2022000000.000000,-0.398000,-2022000000.000000,-2353000000.000000,-2353000000.000000,-5.810000,-5.810000,-5.810000,11927000000.000000,12577500000.000000,11927000000.000000,24455186685.000000,-10.000000,-12.095000,-3956000000.000000,-10.275000,1.000000,3427000000.000000,0.674000,0.000000,0.000000,13262000000.000000,13144250000.000000,412000000.000000,7558000000.000000,5223000000.000000,2335000000.000000,3876000000.000000,2201000000.000000,1675000000.000000,-1306000000.000000,0.000000,70000000.000000,-120000000.000000,0.000000,-50000000.000000,1950000000.000000,2699000000.000000,-3207000000.000000,1000000.000000,-2224000000.000000,-2224000000.000000,-2224000000.000000,0.000000,0.000000,-0.438000,6120000000.000000,-2693000000.000000,373000000.000000,0.000000,2.154000,-11.551000,-11.503000,3165000000.000000,0.000000,66.830000,5.056000,5.064000,1564000000.000000,11165000000.000000,5081000000.000000,5081000000.000000,4827000000.000000,-0.133000,-0.177000,-0.179000,-0.463000,404000000.000000,1293000000.000000,1.000000,384396030.000000,385000000.000000,399000000.000000,13.197000,15803000000.000000,81000000.000000,-129000000.000000,4000000.000000,41.047000
MRT,2024-12-31,2024-12-31,2024-12-31,2024-Q4,5893000000.000000,16000724581.000000,2025-05-01,-10000000.000000,14142000000.000000,15588500000.000000,8099000000.000000,6043000000.000000,0.208000,28.388000,-1051000000.000000,1927000000.000000,1927000000.000000,1464000000.000000,-3561000000.000000,3.671000,0.297000,710000000.000000,0.000000,710000000.000000,710000000.000000,211000000.000000,189000000.000000,0.000000,0.000000,0.000000,-3607000000.000000,-3418000000.000000,-1.056000,-3418000000.000000,-3607000000.000000,-3607000000.000000,-9.280000,-9.280000,-9.280000,10901000000.000000,11839250000.000000,10901000000.000000,15660724581.000000,-4.000000,-4.582000,-4055000000.000000,-10.560000,1.000000,1772000000.000000,0.548000,0.000000,0.000000,10719000000.000000,12393500000.000000,117000000.000000,7592000000.000000,5098000000.000000,2494000000.000000,3241000000.000000,2206000000.000000,1035000000.000000,-999000000.000000,0.000000,66000000.000000,-10000000.000000,0.000000,56000000.000000,1949000000.000000,3000000000.000000,-3004000000.000000,0.000000,-3561000000.000000,-3561000000.000000,-3561000000.000000,0.000000,0.000000,-1.100000,5717000000.000000,-3945000000.000000,405000000.000000,0.000000,1.468000,-4.493000,-4.481000,2955000000.000000,0.000000,41.580000,4.945000,4.934000,358000000.000000,10045000000.000000,3236000000.000000,3236000000.000000,4543000000.000000,-0.228000,-0.301000,-0.291000,-1.115000,429000000.000000,1174000000.000000,1.000000,384817811.000000,384000000.000000,384000000.000000,8.427000,14142000000.000000,0.000000,-46000000.000000,0.000000,36.828000
MRT,2025-03-31,2025-03-31,2025-03-31,2025-Q1,5162000000.000000,10937880113.000000,2025-05-01,10000000.000000,12704000000.000000,14582250000.000000,6766000000.000000,5938000000.000000,0.218000,26.078000,-982000000.000000,1623000000.000000,1623000000.000000,1458000000.000000,-3357000000.000000,4.218000,0.262000,702000000.000000,0.000000,702000000.000000,702000000.000000,183000000.000000,192000000.000000,0.000000,0.000000,0.000000,-3406000000.000000,-3214000000.000000,-1.012000,-3214000000.000000,-3406000000.000000,-3406000000.000000,-8.730000,-8.730000,-8.730000,10066000000.000000,11151500000.000000,10066000000.000000,9720880113.000000,-3.000000,-3.025000,-4034000000.000000,-10.451000,1.000000,1719000000.000000,0.541000,0.000000,0.000000,10179000000.000000,11560750000.000000,128000000.000000,6770000000.000000,4352000000.000000,2418000000.000000,2638000000.000000,1604000000.000000,1034000000.000000,-445000000.000000,0.000000,54000000.000000,-7000000.000000,0.000000,46000000.000000,2561000000.000000,3543000000.000000,-3052000000.000000,0.000000,-3357000000.000000,-3357000000.000000,-3357000000.000000,0.000000,0.000000,-1.057000,5448000000.000000,-3729000000.000000,226000000.000000,0.000000,1.087000,-3.258000,-3.247000,2964000000.000000,0.000000,28.350000,3.443000,3.444000,78000000.000000,9074000000.000000,3177000000.000000,3177000000.000000,4336000000.000000,-0.230000,-0.301000,-0.295000,-1.072000,443000000.000000,1112000000.000000,1.000000,385815877.000000,386000000.000000,386000000.000000,8.231000,12704000000.000000,0.000000,-49000000.000000,0.000000,32.912000
MRY,2016-12-31,2016-12-31,2016-12-31,2016-FY,924350000.000000,,2025-05-01,-403000.000000,1417161000.000000,,1087152000.000000,330009000.000000,,-5.512000,-33144000.000000,50080000.000000,50080000.000000,0.000000,-216211000.000000,6.678000,-1.718000,12500000.000000,0.000000,12500000.000000,12500000.000000,501989000.000000,15114000.000000,0.000000,,0.000000,-215168000.000000,-200054000.000000,-1.846000,-200054000.000000,-215168000.000000,-215168000.000000,-3.790000,-3.790000,-3.790000,-334810000.000000,,-334810000.000000,,,,33590000.000000,0.553000,1.000000,108396000.000000,1.000000,0.000000,0.000000,1216779000.000000,,0.000000,1256107000.000000,1008058000.000000,248049000.000000,575310000.000000,162802000.000000,412508000.000000,-108963000.000000,0.000000,11000.000000,0.000000,0.000000,472910000.000000,-648607000.000000,-606561000.000000,66734000.000000,0.000000,-216211000.000000,-230314000.000000,-230314000.000000,0.000000,0.000000,-2.125000,332167000.000000,-223771000.000000,28157000.000000,0.000000,,,,81207000.000000,14103000.000000,,,,13523000.000000,-365718000.000000,108396000.000000,108396000.000000,274717000.000000,,,,-1.985000,39360000.000000,57450000.000000,1.000000,,60747426.000000,60747426.000000,1.784000,1417161000.000000,0.000000,1043000.000000,0.000000,23.329000
MRY,2017-12-31,2017-12-31,2017-12-31,2017-FY,591762000.000000,,2025-05-01,-1157000.000000,1084489000.000000,1250825000.000000,783223000.000000,301266000.000000,0.165000,-8.549000,-58401000.000000,135810000.000000,135810000.000000,0.000000,-255916000.000000,4.091000,-0.833000,15687000.000000,0.000000,15687000.000000,15687000.000000,339668000.000000,20537000.000000,0.000000,,0.000000,-255996000.000000,-235459000.000000,-1.144000,-235459000.000000,-255996000.000000,-255996000.000000,-4.180000,-4.180000,-4.180000,-551365000.000000,-443087500.000000,-551365000.000000,,,,-389885000.000000,-6.045000,1.000000,205825000.000000,1.000000,0.000000,0.000000,772905000.000000,994842000.000000,0.000000,778819000.000000,621170000.000000,157649000.000000,459193000.000000,191461000.000000,267732000.000000,86048000.000000,0.000000,212000.000000,1439000.000000,0.000000,168000.000000,417364000.000000,475765000.000000,-331484000.000000,0.000000,-255916000.000000,-269841000.000000,-269841000.000000,0.000000,0.000000,-1.311000,475181000.000000,-269356000.000000,20725000.000000,0.000000,,,,139031000.000000,13925000.000000,,,,13417000.000000,-621893000.000000,205825000.000000,205825000.000000,410459000.000000,-0.216000,0.609000,-0.257000,-1.244000,40055000.000000,64722000.000000,1.000000,,64497544.000000,64497544.000000,3.191000,1084489000.000000,0.000000,-80000.000000,0.000000,16.814000
MRY,2018-12-31,2018-12-31,2018-12-31,2018-FY,1340203000.000000,4953759421.000000,2025-05-01,-1320000.000000,1962149000.000000,1523319000.000000,1563006000.000000,399143000.000000,0.089000,18.865000,-105766000.000000,658959000.000000,658959000.000000,0.000000,-384734000.000000,7.015000,0.282000,33489000.000000,0.000000,33489000.000000,33489000.000000,274408000.000000,24862000.000000,0.000000,0.000000,0.000000,-384408000.000000,-359546000.000000,-2.662000,-359546000.000000,-384408000.000000,-384408000.000000,-4.950000,-4.950000,-4.950000,1530241000.000000,489438000.000000,1530241000.000000,4812760421.000000,-13.000000,-13.386000,-436631000.000000,-5.383000,1.000000,135068000.000000,1.000000,0.000000,0.000000,1113876000.000000,943390500.000000,0.000000,1047585000.000000,863063000.000000,184522000.000000,431908000.000000,222803000.000000,209105000.000000,522883000.000000,0.000000,564453000.000000,9460000.000000,0.000000,1226842000.000000,-373094000.000000,-267328000.000000,-330865000.000000,0.000000,-384734000.000000,-401857000.000000,-401857000.000000,0.000000,0.000000,-2.975000,548334000.000000,-413266000.000000,31210000.000000,0.000000,3.237000,-12.327000,-3.085000,211977000.000000,17123000.000000,15.270000,36.676000,9.170000,12585000.000000,-1006627000.000000,135068000.000000,135068000.000000,454082000.000000,-0.264000,-0.821000,-0.407000,-2.846000,72565000.000000,94252000.000000,1.000000,324411226.000000,81114183.000000,81114183.000000,1.665000,1962149000.000000,0.000000,326000.000000,0.000000,24.190000
MRY,2019-12-31,2019-12-31,2019-12-31,2019-FY,985689000.000000,6518372249.000000,2025-05-01,1804000.000000,1589422000.000000,1667951750.000000,1128804000.000000,460618000.000000,0.036000,3.549000,-32000000.000000,236908000.000000,236908000.000000,0.000000,-514000000.000000,7.887000,0.353000,132364000.000000,0.000000,132364000.000000,132364000.000000,202305000.000000,31000000.000000,0.000000,0.000000,0.000000,-515000000.000000,-484000000.000000,-8.067000,-484000000.000000,-515000000.000000,-515000000.000000,-1.550000,-1.550000,-1.550000,1174810000.000000,1302801000.000000,1174810000.000000,6377430249.000000,-12.000000,-13.177000,-491000000.000000,-1.483000,1.000000,60000000.000000,1.000000,0.000000,0.000000,1341763000.000000,1306642500.000000,0.000000,1037902000.000000,867124000.000000,170778000.000000,414612000.000000,143115000.000000,271497000.000000,-422000000.000000,0.000000,51000000.000000,1000000.000000,0.000000,52000000.000000,-15000000.000000,17000000.000000,-459000000.000000,0.000000,-514000000.000000,-514000000.000000,-514000000.000000,0.000000,0.000000,-8.567000,606000000.000000,-546000000.000000,7090000.000000,0.000000,5.548000,-12.682000,-12.619000,287909000.000000,0.000000,19.560000,108.640000,107.906000,5369000.000000,-1496454000.000000,60000000.000000,60000000.000000,496000000.000000,-0.308000,-0.395000,-0.394000,-8.583000,81000000.000000,110000000.000000,1.000000,333250115.000000,331000000.000000,331000000.000000,0.181000,1589422000.000000,0.000000,-1000000.000000,0.000000,4.802000
MRY,2020-12-31,2020-12-31,2020-12-31,2020-FY,1909000000.000000,41339834669.000000,2025-05-01,3000000.000000,7337000000.000000,4385355000.000000,6298000000.000000,1039000000.000000,0.183000,6.722000,-68000000.000000,2624000000.000000,2624000000.000000,8000000.000000,-747000000.000000,1.435000,1.865000,207000000.000000,0.000000,207000000.000000,207000000.000000,4044000000.000000,93000000.000000,0.000000,0.000000,0.000000,-744000000.000000,-651000000.000000,-0.811000,-651000000.000000,-744000000.000000,-744000000.000000,-1.960000,-1.960000,-1.960000,2561000000.000000,2477139250.000000,2561000000.000000,40040784669.000000,-54.000000,-61.507000,1959000000.000000,5.142000,1.000000,795000000.000000,0.990000,0.000000,0.000000,531000000.000000,1456697000.000000,47000000.000000,2634000000.000000,1984000000.000000,650000000.000000,4776000000.000000,4389000000.000000,387000000.000000,2388000000.000000,0.000000,2039000000.000000,-6000000.000000,0.000000,2033000000.000000,-1672000000.000000,-1604000000.000000,2027000000.000000,0.000000,-747000000.000000,-747000000.000000,-747000000.000000,0.000000,0.000000,-0.930000,1558000000.000000,-763000000.000000,18000000.000000,0.000000,16.142000,-55.341000,-53.301000,387000000.000000,0.000000,104.470000,51.482000,49.568000,1391000000.000000,-2244000000.000000,803000000.000000,803000000.000000,1370000000.000000,-0.170000,-0.302000,-0.511000,-0.927000,93000000.000000,188000000.000000,1.000000,395710105.000000,381000000.000000,381000000.000000,2.108000,7337000000.000000,0.000000,3000000.000000,0.000000,19.257000
MRY,2021-12-31,2021-12-31,2021-12-31,2021-FY,6943000000.000000,102976070867.000000,2025-05-01,-24000000.000000,24669000000.000000,18609750000.000000,16071000000.000000,8598000000.000000,0.993000,35.099000,-284000000.000000,6848000000.000000,6848000000.000000,2617000000.000000,12202000000.000000,1.761000,0.744000,705000000.000000,0.000000,705000000.000000,705000000.000000,6868000000.000000,232000000.000000,0.000000,0.000000,0.000000,13285000000.000000,13517000000.000000,0.732000,13517000000.000000,13285000000.000000,13285000000.000000,30.310000,28.290000,30.310000,14145000000.000000,8702750000.000000,14145000000.000000,97769070867.000000,7.000000,7.233000,13336000000.000000,33.092000,1.000000,15854000000.000000,0.858000,0.000000,0.000000,9398000000.000000,4086250000.000000,1441000000.000000,10722000000.000000,3879000000.000000,6843000000.000000,10524000000.000000,9128000000.000000,1396000000.000000,4224000000.000000,0.000000,-733000000.000000,-140000000.000000,0.000000,-873000000.000000,-8523000000.000000,-8239000000.000000,13620000000.000000,0.000000,12202000000.000000,12202000000.000000,12202000000.000000,0.000000,0.000000,0.661000,2558000000.000000,13296000000.000000,302000000.000000,0.000000,7.280000,8.439000,8.379000,1383000000.000000,0.000000,253.980000,5.575000,5.541000,3175000000.000000,9958000000.000000,18471000000.000000,18471000000.000000,1991000000.000000,0.656000,1.402000,3.251000,0.719000,142000000.000000,567000000.000000,1.000000,405449527.000000,403000000.000000,431000000.000000,45.834000,24669000000.000000,326000000.000000,1083000000.000000,876000000.000000,61.213000
MRY,2022-12-31,2022-12-31,2022-12-31,2022-FY,8508000000.000000,69006495842.000000,2025-05-01,-370000000.000000,25858000000.000000,26391500000.000000,13431000000.000000,12427000000.000000,0.730000,48.536000,-400000000.000000,3205000000.000000,3205000000.000000,5416000000.000000,8362000000.000000,2.728000,0.352000,1004000000.000000,0.000000,1004000000.000000,1004000000.000000,2711000000.000000,348000000.000000,0.000000,0.000000,0.000000,9575000000.000000,9923000000.000000,0.515000,9923000000.000000,9575000000.000000,9575000000.000000,21.260000,20.120000,21.260000,19123000000.000000,18043750000.000000,19123000000.000000,66980495842.000000,7.000000,6.750000,4581000000.000000,11.627000,1.000000,13847000000.000000,0.719000,0.000000,0.000000,18734000000.000000,16776750000.000000,949000000.000000,15015000000.000000,6697000000.000000,8318000000.000000,6735000000.000000,4923000000.000000,1812000000.000000,-3643000000.000000,0.000000,-3264000000.000000,-184000000.000000,0.000000,-3448000000.000000,-5176000000.000000,-4776000000.000000,4981000000.000000,0.000000,8362000000.000000,8362000000.000000,8362000000.000000,0.000000,0.000000,0.434000,4427000000.000000,9420000000.000000,487000000.000000,0.000000,3.609000,8.252000,8.449000,2139000000.000000,0.000000,179.620000,3.582000,3.674000,1385000000.000000,18320000000.000000,19263000000.000000,19263000000.000000,3295000000.000000,0.317000,0.463000,0.571000,0.497000,226000000.000000,1132000000.000000,1.000000,384180469.000000,394000000.000000,416000000.000000,48.891000,25858000000.000000,982000000.000000,1213000000.000000,48000000.000000,65.629000
MRY,2023-12-31,2023-12-31,2023-12-31,2023-FY,7310000000.000000,37918693402.000000,2025-05-01,-123000000.000000,18426000000.000000,20971250000.000000,10325000000.000000,8101000000.000000,0.327000,36.267000,-707000000.000000,2907000000.000000,2907000000.000000,4693000000.000000,-4714000000.000000,3.425000,0.330000,1218000000.000000,0.000000,1218000000.000000,1218000000.000000,651000000.000000,621000000.000000,0.000000,0.000000,0.000000,-3942000000.000000,-3321000000.000000,-0.485000,-3321000000.000000,-3942000000.000000,-3942000000.000000,-12.330000,-12.330000,-12.330000,13854000000.000000,15780250000.000000,13854000000.000000,36258693402.000000,-9.000000,-10.918000,-3825000000.000000,-10.013000,1.000000,2155000000.000000,0.315000,0.000000,0.000000,13722000000.000000,15286500000.000000,202000000.000000,10374000000.000000,5697000000.000000,4677000000.000000,4572000000.000000,3015000000.000000,1557000000.000000,-289000000.000000,-85000000.000000,-1107000000.000000,-270000000.000000,0.000000,-1377000000.000000,4206000000.000000,4998000000.000000,-3118000000.000000,0.000000,-4714000000.000000,-4714000000.000000,-4714000000.000000,0.000000,0.000000,-0.688000,6394000000.000000,-4239000000.000000,520000000.000000,0.000000,2.737000,-8.044000,-8.066000,2658000000.000000,0.000000,99.450000,5.537000,5.548000,892000000.000000,13606000000.000000,6848000000.000000,6848000000.000000,4845000000.000000,-0.225000,-0.299000,-0.258000,-0.576000,305000000.000000,1549000000.000000,1.000000,381283996.000000,382000000.000000,382000000.000000,17.927000,18426000000.000000,0.000000,772000000.000000,0.000000,48.236000
MRY,2024-12-31,2024-12-31,2024-12-31,2024-FY,5893000000.000000,16000724581.000000,2025-05-01,-10000000.000000,14142000000.000000,15588500000.000000,8099000000.000000,6043000000.000000,0.208000,28.388000,-1051000000.000000,1927000000.000000,1927000000.000000,1464000000.000000,-3561000000.000000,3.671000,0.297000,710000000.000000,0.000000,710000000.000000,710000000.000000,211000000.000000,189000000.000000,0.000000,0.000000,0.000000,-3607000000.000000,-3418000000.000000,-1.056000,-3418000000.000000,-3607000000.000000,-3607000000.000000,-9.280000,-9.280000,-9.280000,10901000000.000000,11839250000.000000,10901000000.000000,15660724581.000000,-4.000000,-4.582000,-4055000000.000000,-10.560000,1.000000,1772000000.000000,0.548000,0.000000,0.000000,10719000000.000000,12393500000.000000,117000000.000000,7592000000.000000,5098000000.000000,2494000000.000000,3241000000.000000,2206000000.000000,1035000000.000000,-999000000.000000,0.000000,66000000.000000,-10000000.000000,0.000000,56000000.000000,1949000000.000000,3000000000.000000,-3004000000.000000,0.000000,-3561000000.000000,-3561000000.000000,-3561000000.000000,0.000000,0.000000,-1.100000,5717000000.000000,-3945000000.000000,405000000.000000,0.000000,1.468000,-4.493000,-4.481000,2955000000.000000,0.000000,41.580000,4.945000,4.934000,358000000.000000,10045000000.000000,3236000000.000000,3236000000.000000,4543000000.000000,-0.228000,-0.301000,-0.291000,-1.115000,429000000.000000,1174000000.000000,1.000000,384817811.000000,384000000.000000,384000000.000000,8.427000,14142000000.000000,0.000000,-46000000.000000,0.000000,36.828000
