dimension,calendardate,datekey,reportperiod,fiscalperiod,workingcapital,marketcap,lastupdated,accoci,assets,assetsavg,assetsc,assetsnc,assetturnover,bvps,capex,cashneq,cashnequsd,cor,consolinc,currentratio,de,debt,debtc,debtnc,debtusd,deferredrev,depamor,deposits,divyield,dps,ebit,ebitda,ebitdamargin,ebitdausd,ebitusd,ebt,eps,epsdil,epsusd,equity,equityavg,equityusd,ev,evebit,evebitda,fcf,fcfps,fxusd,gp,grossmargin,intangibles,intexp,invcap,invcapavg,inventory,investments,investmentsc,investmentsnc,liabilities,liabilitiesc,liabilitiesnc,ncf,ncfbus,ncfcommon,ncfdebt,ncfdiv,ncff,ncfi,ncfinv,ncfo,ncfx,netinc,netinccmn,netinccmnusd,netincdis,netincnci,netmargin,opex,opinc,payables,payoutratio,pb,pe,pe1,ppnenet,prefdivis,price,ps,ps1,receivables,retearn,revenue,revenueusd,rnd,roa,roe,roic,ros,sbcomp,sgna,sharefactor,sharesbas,shareswa,shareswadil,sps,tangibles,taxassets,taxexp,taxliabilities,tbvps
ARQ,1997-12-31,1998-03-27,1997-12-31,1997-Q4,88377000.000000,727573255.000000,2019-04-30,655000.000000,723936000.000000,,300606000.000000,423330000.000000,,4.846000,,113381000.000000,113381000.000000,,,1.416000,1.725000,95567000.000000,4726000.000000,90841000.000000,95567000.000000,29763000.000000,,0.000000,0.000000,0.000000,,,,,,,,,,265682000.000000,,265682000.000000,709759255.000000,22.000000,15.627000,,,1.000000,,,42803000.000000,,451090000.000000,,0.000000,270651000.000000,115498000.000000,155153000.000000,458254000.000000,212229000.000000,246025000.000000,,,,,,,,,,,,,,,,,,,55943000.000000,,2.739000,30.014000,29.491000,148831000.000000,,13.271000,1.008000,1.008000,42041000.000000,106242000.000000,,,,,,,,,,1.000000,54825000.000000,54825000.000000,,,681133000.000000,15496000.000000,,0.000000,12.424000
ARQ,1998-03-31,1998-05-15,1998-03-31,1998-Q1,71562000.000000,661746692.000000,2019-04-30,138000.000000,740704000.000000,,282421000.000000,458283000.000000,,5.138000,-9159000.000000,56557000.000000,56557000.000000,167538000.000000,12187000.000000,1.339000,1.630000,102430000.000000,4191000.000000,98239000.000000,102430000.000000,18695000.000000,4048000.000000,0.000000,0.000000,0.000000,17663000.000000,21711000.000000,0.103000,21711000.000000,17663000.000000,16382000.000000,0.223000,0.220000,0.223000,281615000.000000,,281615000.000000,707619692.000000,,,-12077000.000000,-0.220000,1.000000,42871000.000000,0.204000,42333000.000000,1281000.000000,533385000.000000,,0.000000,323368000.000000,139668000.000000,183700000.000000,459089000.000000,210859000.000000,248230000.000000,-57403000.000000,1373000.000000,3797000.000000,3793000.000000,0.000000,7590000.000000,-62075000.000000,-54289000.000000,-2918000.000000,0.000000,12187000.000000,12187000.000000,12187000.000000,0.000000,0.000000,0.058000,25208000.000000,17663000.000000,120206000.000000,0.000000,2.350000,,,157254000.000000,0.000000,12.021000,,,74404000.000000,118429000.000000,210409000.000000,210409000.000000,0.000000,,,,,0.000000,25208000.000000,1.000000,55050000.000000,54813000.000000,54813000.000000,3.839000,698371000.000000,0.000000,4195000.000000,0.000000,12.741000
ARQ,1998-06-30,1998-08-14,1998-06-30,1998-Q2,89363000.000000,454677688.000000,2019-04-30,846000.000000,783288000.000000,,326513000.000000,456775000.000000,,5.375000,9159000.000000,90447000.000000,90447000.000000,199038000.000000,12551000.000000,1.377000,1.645000,101409000.000000,6079000.000000,95330000.000000,101409000.000000,20750000.000000,4407000.000000,0.000000,0.000000,0.000000,18550000.000000,22957000.000000,0.094000,22957000.000000,18550000.000000,16931000.000000,0.230000,0.225000,0.230000,296139000.000000,,296139000.000000,465639688.000000,,,,,1.000000,45507000.000000,0.186000,41870000.000000,1619000.000000,515230000.000000,,0.000000,289180000.000000,120676000.000000,168504000.000000,487149000.000000,237150000.000000,249999000.000000,33835000.000000,-1373000.000000,0.000000,-1021000.000000,0.000000,-4818000.000000,27183000.000000,35909000.000000,,0.000000,12551000.000000,12551000.000000,12551000.000000,0.000000,0.000000,0.051000,26957000.000000,18550000.000000,138922000.000000,0.000000,1.535000,,,161953000.000000,0.000000,8.219000,,,106294000.000000,130980000.000000,244545000.000000,244545000.000000,0.000000,,,,,,26957000.000000,1.000000,55322000.000000,55092000.000000,56046000.000000,4.439000,741418000.000000,0.000000,4380000.000000,0.000000,13.458000
ARQ,1998-09-30,1998-11-16,1998-09-30,1998-Q3,87798000.000000,608729375.000000,2019-04-30,1508000.000000,794004000.000000,,346247000.000000,447757000.000000,,5.501000,-25597000.000000,102074000.000000,102074000.000000,235733000.000000,12584000.000000,1.340000,1.631000,89480000.000000,7995000.000000,81485000.000000,89480000.000000,18524000.000000,4819000.000000,0.000000,0.000000,0.000000,18213000.000000,23032000.000000,0.082000,23032000.000000,18213000.000000,17006000.000000,0.230000,0.230000,0.230000,301810000.000000,,301810000.000000,596135375.000000,,,,,1.000000,45349000.000000,0.161000,41403000.000000,1207000.000000,481558000.000000,,0.000000,290006000.000000,134022000.000000,155984000.000000,492194000.000000,258449000.000000,233745000.000000,10906000.000000,1373000.000000,0.000000,-11929000.000000,0.000000,-14784000.000000,-8943000.000000,-1231000.000000,,0.000000,12584000.000000,12584000.000000,12584000.000000,0.000000,0.000000,0.045000,27136000.000000,18213000.000000,157845000.000000,0.000000,2.017000,,,165847000.000000,0.000000,11.219000,,,101701000.000000,143564000.000000,281082000.000000,281082000.000000,0.000000,,,,,,27136000.000000,1.000000,54260000.000000,54866000.000000,55266000.000000,5.123000,752601000.000000,0.000000,4422000.000000,0.000000,13.717000
ARQ,1998-12-31,1999-03-18,1998-12-31,1998-Q4,47763000.000000,378277688.000000,2019-04-30,-1027000.000000,1045120000.000000,,393931000.000000,651189000.000000,,5.595000,-15146000.000000,101668000.000000,101668000.000000,249783000.000000,2274000.000000,1.138000,2.441000,247661000.000000,5263000.000000,242398000.000000,247661000.000000,39968000.000000,5989000.000000,0.000000,0.000000,0.000000,6147000.000000,12136000.000000,0.040000,12136000.000000,6147000.000000,3073000.000000,0.045000,0.045000,0.045000,303714000.000000,,303714000.000000,524270688.000000,9.000000,6.567000,-8243000.000000,-0.152000,1.000000,51384000.000000,0.171000,142471000.000000,3074000.000000,702474000.000000,,0.000000,290824000.000000,110008000.000000,180816000.000000,741406000.000000,346168000.000000,395238000.000000,-269000.000000,-111408000.000000,1689000.000000,122259000.000000,0.000000,123948000.000000,-131120000.000000,-4566000.000000,6903000.000000,0.000000,2274000.000000,2274000.000000,2274000.000000,0.000000,0.000000,0.008000,45237000.000000,6147000.000000,201126000.000000,0.000000,1.246000,9.553000,9.612000,229164000.000000,0.000000,6.969000,0.365000,0.365000,145728000.000000,145838000.000000,301167000.000000,301167000.000000,0.000000,,,,,0.000000,31386000.000000,1.000000,54282000.000000,54282000.000000,,5.548000,902649000.000000,14311000.000000,799000.000000,0.000000,16.629000
ARQ,1999-03-31,1999-05-17,1999-03-31,1999-Q1,24583000.000000,401775000.000000,2019-04-30,0.000000,1034831000.000000,,350856000.000000,683975000.000000,,5.370000,-14160000.000000,35135000.000000,35135000.000000,276082000.000000,-706000.000000,1.075000,2.544000,267660000.000000,4451000.000000,263209000.000000,267660000.000000,19976000.000000,6823000.000000,0.000000,0.000000,0.000000,2989000.000000,9812000.000000,0.031000,9812000.000000,2989000.000000,-1060000.000000,-0.015000,-0.015000,-0.015000,291984000.000000,,291984000.000000,634300000.000000,14.000000,9.337000,-63937000.000000,-1.176000,1.000000,41992000.000000,0.132000,141013000.000000,4049000.000000,800070000.000000,,0.000000,296483000.000000,98543000.000000,197940000.000000,742847000.000000,326273000.000000,416574000.000000,-65784000.000000,-3000000.000000,-5553000.000000,19999000.000000,0.000000,14446000.000000,-30453000.000000,-13293000.000000,-49777000.000000,0.000000,-706000.000000,-706000.000000,-706000.000000,0.000000,0.000000,-0.002000,39003000.000000,2989000.000000,222090000.000000,0.000000,1.376000,15.046000,15.306000,237594000.000000,0.000000,7.500000,0.351000,0.356000,173783000.000000,145132000.000000,318074000.000000,318074000.000000,0.000000,,,,,0.000000,33897000.000000,1.000000,53570000.000000,54372000.000000,54372000.000000,5.850000,893818000.000000,0.000000,-354000.000000,0.000000,16.439000
ARQ,1999-06-30,1999-08-16,1999-06-30,1999-Q2,-20118000.000000,304690750.000000,2019-04-30,-10590000.000000,1021568000.000000,,307321000.000000,714247000.000000,,5.510000,-12824000.000000,46030000.000000,46030000.000000,264200000.000000,8556000.000000,0.939000,2.460000,250540000.000000,4126000.000000,246414000.000000,250540000.000000,19930000.000000,6944000.000000,0.000000,0.000000,0.000000,16972000.000000,23916000.000000,0.076000,23916000.000000,16972000.000000,12846000.000000,0.160000,0.160000,0.160000,295281000.000000,,295281000.000000,509200750.000000,11.000000,7.391000,9143000.000000,0.171000,1.000000,51618000.000000,0.163000,154932000.000000,4126000.000000,743707000.000000,,0.000000,270848000.000000,78975000.000000,191873000.000000,726287000.000000,327439000.000000,398848000.000000,11075000.000000,0.000000,-1167000.000000,-17120000.000000,0.000000,-18287000.000000,7395000.000000,-6229300.000000,21967000.000000,0.000000,8556000.000000,8556000.000000,8556000.000000,0.000000,0.000000,0.027000,34646000.000000,16972000.000000,199690000.000000,0.000000,1.032000,13.418000,13.542000,244593000.000000,0.000000,5.688000,0.251000,0.251000,190988000.000000,153688000.000000,315818000.000000,315818000.000000,0.000000,,,,,0.000000,34646000.000000,1.000000,53572000.000000,53590000.000000,53650000.000000,5.893000,866636000.000000,0.000000,4290000.000000,0.000000,16.172000
ARQ,1999-09-30,1999-11-15,1999-09-30,1999-Q3,-20508000.000000,251962500.000000,2019-04-30,-13762000.000000,1088551000.000000,,332660000.000000,755891000.000000,,5.624000,-14088000.000000,55818000.000000,55818000.000000,270888000.000000,8863000.000000,0.942000,2.604000,285411000.000000,4690000.000000,280721000.000000,285411000.000000,20043000.000000,7179000.000000,0.000000,0.000000,0.000000,17436000.000000,24615000.000000,0.076000,24615000.000000,17436000.000000,13267000.000000,0.165000,0.165000,0.165000,302057000.000000,,302057000.000000,481555500.000000,11.000000,6.833000,-29607000.000000,-0.551000,1.000000,51682000.000000,0.160000,185785000.000000,4169000.000000,779191000.000000,,0.000000,263255000.000000,74882000.000000,188373000.000000,786494000.000000,353168000.000000,433326000.000000,7646000.000000,0.000000,1084000.000000,34871000.000000,0.000000,35955000.000000,-12790000.000000,27746300.000000,-15519000.000000,0.000000,8863000.000000,8863000.000000,8863000.000000,0.000000,0.000000,0.027000,34246000.000000,17436000.000000,221116000.000000,0.000000,0.834000,13.270000,13.204000,252750000.000000,0.000000,4.688000,0.200000,0.200000,220503000.000000,162551000.000000,322570000.000000,322570000.000000,0.000000,,,,,0.000000,34246000.000000,1.000000,53752000.000000,53712000.000000,53746000.000000,6.006000,902766000.000000,0.000000,4404000.000000,0.000000,16.808000
ARQ,1999-12-31,2000-03-24,1999-12-31,1999-Q4,114740000.000000,136895063.000000,2019-04-30,-16063000.000000,1130112000.000000,,524593000.000000,605519000.000000,,5.148000,-16422000.000000,77641000.000000,77641000.000000,311607000.000000,-21344000.000000,1.280000,3.059000,263595000.000000,4741000.000000,258854000.000000,263595000.000000,45333000.000000,7133000.000000,0.000000,0.000000,0.000000,-32983000.000000,-25850000.000000,-0.079000,-25850000.000000,-32983000.000000,-35619000.000000,-0.395000,-0.395000,-0.395000,278412000.000000,,278412000.000000,322849063.000000,73.000000,9.936000,19203000.000000,0.355000,1.000000,15742000.000000,0.048000,159514000.000000,2636000.000000,746699000.000000,,0.000000,233813000.000000,218951000.000000,14862000.000000,851700000.000000,409853000.000000,441847000.000000,19089000.000000,0.000000,0.000000,-21816000.000000,0.000000,-21816000.000000,5280000.000000,21702000.000000,35625000.000000,0.000000,-21344000.000000,-21344000.000000,-21344000.000000,0.000000,0.000000,-0.065000,48725000.000000,-32983000.000000,163490000.000000,0.000000,0.492000,-29.561000,-29.779000,264549000.000000,0.000000,2.531000,0.107000,0.107000,197215000.000000,141207000.000000,327349000.000000,327349000.000000,0.000000,,,,,0.000000,35023000.000000,1.000000,54082000.000000,54082000.000000,,6.053000,970598000.000000,40199000.000000,-14275000.000000,0.000000,17.947000
ARQ,2000-03-31,2000-05-15,2000-03-31,2000-Q1,130390000.000000,92953438.000000,2019-04-30,-11989000.000000,1138707000.000000,,526441000.000000,612266000.000000,,5.280000,-6246000.000000,61708000.000000,61708000.000000,282019000.000000,1556000.000000,1.329000,2.996000,277911000.000000,4591000.000000,273320000.000000,277911000.000000,47585000.000000,8693000.000000,0.000000,0.000000,0.000000,7928000.000000,16621000.000000,0.051000,16621000.000000,7928000.000000,2340000.000000,0.030000,0.030000,0.030000,284946000.000000,,284946000.000000,309156438.000000,33.000000,7.866000,-47616000.000000,-0.882000,1.000000,45157000.000000,0.138000,158300000.000000,5588000.000000,800559000.000000,,0.000000,224223000.000000,203592000.000000,20631000.000000,853761000.000000,396051000.000000,457710000.000000,-16320000.000000,0.000000,904000.000000,14316000.000000,0.000000,15220000.000000,9830000.000000,16076000.000000,-41370000.000000,0.000000,1556000.000000,1556000.000000,1556000.000000,0.000000,0.000000,0.005000,37229000.000000,7928000.000000,233443000.000000,0.000000,0.326000,-39.237000,-42.969000,261858000.000000,0.000000,1.719000,0.072000,0.072000,140627004.000000,142763000.000000,327176000.000000,327176000.000000,0.000000,,,,,0.000000,34329000.000000,1.000000,54082000.000000,53970000.000000,53970000.000000,6.062000,980407000.000000,0.000000,784000.000000,0.000000,18.166000
ARQ,2000-06-30,2000-08-14,2000-06-30,2000-Q2,-113442000.000000,80170250.000000,2019-04-30,-12213000.000000,1037287000.000000,,555791000.000000,481496000.000000,,1.442000,-4648000.000000,87081000.000000,87081000.000000,364003000.000000,-206717000.000000,0.830000,12.298000,283168000.000000,223470000.000000,59698000.000000,283168000.000000,50066000.000000,8980000.000000,0.000000,0.000000,0.000000,-279145000.000000,-270165000.000000,-0.802000,-270165000.000000,-279145000.000000,-284294000.000000,-3.820000,-3.820000,-3.820000,78001000.000000,,78001000.000000,276257250.000000,-1.000000,-1.084000,16679000.000000,0.308000,1.000000,-26949000.000000,-0.080000,15578000.000000,5149000.000000,548563000.000000,,0.000000,219862000.000000,199182000.000000,20680000.000000,959286000.000000,669233000.000000,290053000.000000,22870000.000000,0.000000,-4000.000000,5257000.000000,0.000000,5253000.000000,-3710000.000000,938000.000000,21327000.000000,0.000000,-206717000.000000,-206717000.000000,-206717000.000000,0.000000,0.000000,-0.613000,252196000.000000,-279145000.000000,259687000.000000,0.000000,1.028000,-0.368000,-0.365000,186864000.000000,0.000000,1.469000,0.061000,0.060000,143005003.000000,-63954000.000000,337054000.000000,337054000.000000,0.000000,,,,,0.000000,34656000.000000,1.000000,54584000.000000,54082000.000000,54082000.000000,6.232000,1021709000.000000,0.000000,-77577000.000000,0.000000,18.892000
ARQ,2000-09-30,2000-11-14,2000-09-30,2000-Q3,-153167000.000000,163752000.000000,2019-04-30,-11292000.000000,1062578000.000000,,585096000.000000,477482000.000000,,1.510000,-2721000.000000,78724000.000000,78724000.000000,333126000.000000,2669000.000000,0.793000,11.917000,281558000.000000,270228000.000000,11330000.000000,281558000.000000,21745000.000000,5915000.000000,0.000000,0.000000,0.000000,10029000.000000,15944000.000000,0.042000,15944000.000000,10029000.000000,3938000.000000,0.050000,0.165000,0.050000,82263000.000000,,82263000.000000,366586000.000000,-1.000000,-1.391000,-13227000.000000,-0.243000,1.000000,44356000.000000,0.118000,15594000.000000,6091000.000000,511555000.000000,,0.000000,215466000.000000,195291000.000000,20175000.000000,980315000.000000,738263000.000000,242052000.000000,-7739000.000000,0.000000,672000.000000,-1609000.000000,0.000000,-937000.000000,3704000.000000,6425000.000000,-10506000.000000,0.000000,2669000.000000,2669000.000000,2669000.000000,0.000000,0.000000,0.007000,34327000.000000,10029000.000000,286158000.000000,0.000000,1.991000,-0.732000,-0.726000,183899000.000000,0.000000,3.000000,0.120000,0.119000,187927000.000000,-61295000.000000,377482000.000000,377482000.000000,0.000000,,,,,0.000000,34327000.000000,1.000000,54584000.000000,54496000.000000,54500000.000000,6.927000,1046984000.000000,0.000000,1269000.000000,0.000000,19.212000
ARQ,2000-12-31,2001-03-28,2000-12-31,2000-Q4,76414000.000000,108676350.000000,2019-04-30,-5667000.000000,1165100000.000000,,669003000.000000,496097000.000000,,1.644000,6622000.000000,186030000.000000,186030000.000000,307240000.000000,2577000.000000,1.129000,11.878000,313578000.000000,88223000.000000,225355000.000000,313578000.000000,48373000.000000,6327000.000000,0.000000,0.000000,0.000000,10678000.000000,17005000.000000,0.048000,17005000.000000,10678000.000000,3876000.000000,0.050000,-3.995000,0.050000,90473000.000000,,90473000.000000,236224350.000000,-1.000000,-1.071000,78256000.000000,1.422000,1.000000,44026000.000000,0.125000,15587000.000000,6802000.000000,684472000.000000,,0.000000,225236000.000000,207143000.000000,18093000.000000,1074627000.000000,592589000.000000,482038000.000000,106559000.000000,0.000000,8000.000000,30184000.000000,0.000000,30192000.000000,4733000.000000,-1889000.000000,71634000.000000,0.000000,2577000.000000,2577000.000000,2577000.000000,0.000000,0.000000,0.007000,33348000.000000,10678000.000000,225586000.000000,0.000000,1.201000,-0.544000,-0.536000,173031000.000000,0.000000,1.975000,0.078000,0.078000,215292000.000000,-58708000.000000,351266000.000000,351266000.000000,0.000000,,,,,0.000000,33348000.000000,1.000000,55026000.000000,55026000.000000,,6.384000,1149513000.000000,114955000.000000,1299000.000000,0.000000,20.890000
ARQ,2001-03-31,2001-05-14,2001-03-31,2001-Q1,49523000.000000,144443250.000000,2019-04-30,-4698000.000000,1146502000.000000,,644833000.000000,501669000.000000,,1.733000,-1041000.000000,137472000.000000,137472000.000000,305837000.000000,3205000.000000,1.083000,11.032000,278511000.000000,87945000.000000,190566000.000000,278511000.000000,55272000.000000,6233000.000000,0.000000,0.000000,0.000000,9976000.000000,16209000.000000,0.046000,16209000.000000,9976000.000000,4819000.000000,0.060000,0.060000,0.060000,95291000.000000,,95291000.000000,285482250.000000,-1.000000,-1.292000,23174000.000000,0.422000,1.000000,43652000.000000,0.125000,0.000000,5157000.000000,692231000.000000,,0.000000,258389000.000000,249321000.000000,9068000.000000,1051211000.000000,595310000.000000,455901000.000000,-49144000.000000,0.000000,643000.000000,-35067000.000000,0.000000,-34424000.000000,-38935000.000000,-37894000.000000,24215000.000000,0.000000,3205000.000000,3205000.000000,3205000.000000,0.000000,0.000000,0.009000,33676000.000000,9976000.000000,303893000.000000,0.000000,1.516000,-0.729000,-0.717000,168042000.000000,0.000000,2.625000,0.102000,0.102000,88527000.000000,-55503000.000000,349489000.000000,349489000.000000,0.000000,,,,,0.000000,33676000.000000,1.000000,55026000.000000,54976000.000000,55540000.000000,6.357000,1146502000.000000,113088000.000000,1614000.000000,0.000000,20.855000
ARQ,2001-06-30,2001-08-14,2001-06-30,2001-Q2,70077000.000000,278710000.000000,2019-04-30,-7256000.000000,1118636000.000000,,607562000.000000,511074000.000000,,1.736000,-1087000.000000,158481000.000000,158481000.000000,324865000.000000,2795000.000000,1.130000,10.707000,251991000.000000,43175000.000000,208816000.000000,251991000.000000,59815000.000000,6261000.000000,0.000000,0.000000,0.000000,9748000.000000,16009000.000000,0.044000,16009000.000000,9748000.000000,4203000.000000,0.050000,0.050000,0.050000,95553000.000000,,95553000.000000,372220000.000000,9.000000,5.712000,14272000.000000,0.259000,1.000000,39471000.000000,0.108000,0.000000,5545000.000000,674661000.000000,,0.000000,221243000.000000,212071000.000000,9172000.000000,1023083000.000000,537485000.000000,485598000.000000,19285000.000000,0.000000,26000.000000,-26520000.000000,0.000000,-26494000.000000,30420000.000000,31507000.000000,15359000.000000,0.000000,2795000.000000,2795000.000000,2795000.000000,0.000000,0.000000,0.008000,29723000.000000,9748000.000000,285418000.000000,0.000000,2.917000,24.783000,23.810000,164159000.000000,0.000000,5.000000,0.193000,0.191000,69204000.000000,-52708000.000000,364336000.000000,364336000.000000,0.000000,,,,,0.000000,37523000.000000,1.000000,55742000.000000,55030000.000000,56004000.000000,6.621000,1118636000.000000,122986000.000000,1408000.000000,0.000000,20.328000
ARQ,2001-09-30,2001-11-13,2001-09-30,2001-Q3,96985000.000000,204360400.000000,2019-04-30,-2477000.000000,1116200000.000000,,641835000.000000,474365000.000000,,1.693000,8768000.000000,185856000.000000,185856000.000000,339054000.000000,-7554000.000000,1.178000,10.838000,231072000.000000,36617000.000000,194455000.000000,231072000.000000,61200000.000000,6317000.000000,0.000000,0.000000,0.000000,-7544000.000000,-1227000.000000,-0.003000,-1227000.000000,-7544000.000000,-11358000.000000,-0.135000,-0.135000,-0.135000,94289000.000000,,94289000.000000,249576400.000000,11.000000,5.200000,41873000.000000,0.752000,1.000000,37274000.000000,0.099000,0.000000,3814000.000000,616566000.000000,,0.000000,223688000.000000,214411000.000000,9277000.000000,1021911000.000000,544850000.000000,477061000.000000,28287000.000000,0.000000,1511000.000000,-20919000.000000,0.000000,-19408000.000000,14590000.000000,5822000.000000,33105000.000000,0.000000,-7554000.000000,-7554000.000000,-7554000.000000,0.000000,0.000000,-0.020000,44818000.000000,-7544000.000000,289894000.000000,0.000000,2.167000,199.766000,146.600000,147645000.000000,0.000000,3.665000,0.142000,0.142000,62979000.000000,-60262000.000000,376328000.000000,376328000.000000,0.000000,,,,,0.000000,38233000.000000,1.000000,55760000.000000,55702000.000000,55702000.000000,6.756000,1116200000.000000,112649000.000000,-3804000.000000,0.000000,20.039000
ARQ,2001-09-30,2002-02-28,2001-09-30,2001-Q3,97606000.000000,303892000.000000,2019-04-30,-2477000.000000,1116200000.000000,,642716000.000000,473484000.000000,,1.693000,9343000.000000,173817000.000000,173817000.000000,290012000.000000,-7554000.000000,1.179000,10.838000,196949000.000000,2754000.000000,194195000.000000,196949000.000000,51146000.000000,5945000.000000,0.000000,0.000000,0.000000,-1368000.000000,4577000.000000,0.014000,4577000.000000,-1368000.000000,-5256000.000000,-0.135000,-0.130000,-0.135000,94289000.000000,,94289000.000000,327024000.000000,14.000000,6.814000,59773000.000000,1.073000,1.000000,40842000.000000,0.123000,0.000000,3888000.000000,594222000.000000,,0.000000,223489000.000000,214212000.000000,9277000.000000,1021911000.000000,545110000.000000,476801000.000000,19990000.000000,0.000000,1511000.000000,-20428000.000000,0.000000,-18917000.000000,14891000.000000,5548000.000000,50430000.000000,0.000000,-7554000.000000,-7554000.000000,-7554000.000000,12126000.000000,0.000000,-0.023000,30084000.000000,10758000.000000,240273000.000000,0.000000,3.223000,297.060000,218.000000,147042000.000000,0.000000,5.450000,0.211000,0.211000,60113000.000000,-60262000.000000,330854000.000000,330854000.000000,0.000000,,,,,0.000000,30084000.000000,1.000000,55760000.000000,55702000.000000,58540000.000000,5.940000,1116200000.000000,112649000.000000,2298000.000000,0.000000,20.039000
ARQ,2001-12-31,2002-03-29,2001-12-31,2001-Q4,106119000.000000,367691880.000000,2019-04-30,-5636000.000000,1069962000.000000,,635360000.000000,434602000.000000,,1.717000,-9384000.000000,141765000.000000,141765000.000000,295455000.000000,5040000.000000,1.201000,10.086000,183371000.000000,1612000.000000,181759000.000000,183371000.000000,52919000.000000,7108000.000000,0.000000,0.000000,0.000000,12010000.000000,19118000.000000,0.056000,19118000.000000,12010000.000000,7897000.000000,0.095000,0.085000,0.095000,96519000.000000,,96519000.000000,409297880.000000,13.000000,7.257000,,,1.000000,43637000.000000,0.129000,14782000.000000,4113000.000000,567545000.000000,,0.000000,269196000.000000,260762000.000000,8434000.000000,973443000.000000,529241000.000000,444202000.000000,-31941000.000000,0.000000,-90000.000000,974000.000000,0.000000,884000.000000,-59675000.000000,-50291000.000000,,0.000000,5040000.000000,5040000.000000,5040000.000000,611000.000000,0.000000,0.015000,31016000.000000,12621000.000000,180501000.000000,0.000000,3.810000,105.477000,100.615000,141451000.000000,0.000000,6.540000,0.285000,0.285000,206373000.000000,-55222000.000000,339092000.000000,339092000.000000,0.000000,,,,,342000.000000,31016000.000000,1.000000,56222000.000000,56222000.000000,,6.031000,1055180000.000000,112905000.000000,2857000.000000,0.000000,18.768000
ARQ,2002-03-31,2002-05-10,2002-03-31,2002-Q1,146301000.000000,520497500.000000,2019-04-30,-8719000.000000,1011212000.000000,,644660000.000000,366552000.000000,,1.824000,-2672000.000000,127474000.000000,127474000.000000,303952000.000000,7381000.000000,1.294000,8.872000,135633000.000000,1622000.000000,134011000.000000,135633000.000000,29844000.000000,5299000.000000,0.000000,0.000000,0.000000,13976000.000000,19275000.000000,0.055000,19275000.000000,13976000.000000,11099000.000000,0.130000,0.125000,0.130000,102429000.000000,,102429000.000000,528656500.000000,19.000000,9.942000,27525000.000000,0.490000,1.000000,44628000.000000,0.128000,14782000.000000,2877000.000000,506230000.000000,,0.000000,289840000.000000,282062000.000000,7778000.000000,908783000.000000,498359000.000000,410424000.000000,-15137000.000000,0.000000,1445000.000000,4588000.000000,0.000000,6033000.000000,-29837000.000000,-27165000.000000,30197000.000000,0.000000,7381000.000000,7381000.000000,7381000.000000,0.000000,0.000000,0.021000,30652000.000000,13976000.000000,264517000.000000,0.000000,5.082000,67.932000,66.071000,95866000.000000,0.000000,9.250000,0.364000,0.364000,71542000.000000,-47841000.000000,348580000.000000,348580000.000000,0.000000,,,,,146000.000000,30652000.000000,1.000000,56270000.000000,56166000.000000,59764000.000000,6.206000,996430000.000000,97280000.000000,3718000.000000,0.000000,17.741000
ARQ,2002-06-30,2002-08-14,2002-06-30,2002-Q2,142159000.000000,647023650.000000,2019-04-30,-4524000.000000,998383000.000000,,668764000.000000,329619000.000000,,2.113000,-1023000.000000,108695000.000000,108695000.000000,314111000.000000,10523000.000000,1.270000,7.376000,95388000.000000,1623000.000000,93765000.000000,95388000.000000,28350000.000000,5055000.000000,0.000000,0.000000,0.000000,17777000.000000,22832000.000000,0.063000,22832000.000000,17777000.000000,15824000.000000,0.185000,0.170000,0.185000,119202000.000000,,119202000.000000,633716650.000000,17.000000,10.562000,44646000.000000,0.791000,1.000000,49857000.000000,0.137000,14782000.000000,1953000.000000,443689000.000000,,0.000000,328656000.000000,323245000.000000,5411000.000000,879181000.000000,526605000.000000,352576000.000000,-23903000.000000,0.000000,1939000.000000,-34518000.000000,0.000000,-32579000.000000,-31551000.000000,-30528000.000000,45669000.000000,0.000000,10523000.000000,10523000.000000,10523000.000000,0.000000,0.000000,0.029000,32080000.000000,17777000.000000,193163000.000000,0.000000,5.428000,42.042000,40.855000,86914000.000000,0.000000,11.235000,0.453000,0.444000,68623000.000000,-37318000.000000,363968000.000000,363968000.000000,0.000000,,,,,146000.000000,32080000.000000,1.000000,57590000.000000,56414000.000000,61798000.000000,6.452000,983601000.000000,90674000.000000,5301000.000000,0.000000,17.435000
ARQ,2002-09-30,2002-11-14,2002-09-30,2002-Q3,142467000.000000,324710540.000000,2019-04-30,2031000.000000,1029577000.000000,,731903000.000000,297674000.000000,,2.632000,-1893000.000000,128625000.000000,128625000.000000,328430000.000000,14063000.000000,1.242000,5.707000,67852000.000000,51617000.000000,16235000.000000,67852000.000000,30138000.000000,4851000.000000,0.000000,0.000000,0.000000,21489000.000000,26340000.000000,0.069000,26340000.000000,21489000.000000,20177000.000000,0.240000,0.220000,0.240000,153511000.000000,,153511000.000000,263937540.000000,4.000000,3.014000,62182000.000000,1.066000,1.000000,52894000.000000,0.139000,14782000.000000,1312000.000000,364586000.000000,,0.000000,397323000.000000,394596000.000000,2727000.000000,876066000.000000,589436000.000000,286630000.000000,17065000.000000,0.000000,6809000.000000,-12700000.000000,0.000000,10971000.000000,-54481000.000000,-52588000.000000,64075000.000000,0.000000,14063000.000000,14063000.000000,14063000.000000,-1928000.000000,0.000000,0.037000,33333000.000000,19561000.000000,196597000.000000,0.000000,2.115000,8.774000,8.454000,62857000.000000,0.000000,5.495000,0.227000,0.224000,64801000.000000,-27543000.000000,381324000.000000,381324000.000000,0.000000,,,,,146000.000000,33333000.000000,1.000000,59092000.000000,58332000.000000,63512000.000000,6.537000,1014795000.000000,85981000.000000,6114000.000000,0.000000,17.397000
ARQ,2002-12-31,2003-03-25,2002-12-31,2002-Q4,122252000.000000,358696000.000000,2019-04-30,381000.000000,1065966000.000000,,920428000.000000,145538000.000000,,2.837000,-6124000.000000,63335000.000000,63335000.000000,126172000.000000,4481000.000000,1.153000,5.808000,60896000.000000,186000.000000,60710000.000000,60896000.000000,40758000.000000,3040000.000000,0.000000,0.000000,0.000000,12781000.000000,15821000.000000,0.086000,15821000.000000,12781000.000000,11436000.000000,0.075000,0.070000,0.075000,156565000.000000,,156565000.000000,356257000.000000,5.000000,4.228000,-9428000.000000,-0.171000,1.000000,58591000.000000,0.317000,14782000.000000,1345000.000000,250569000.000000,,0.000000,182452000.000000,182452000.000000,0.000000,909401000.000000,798176000.000000,111225000.000000,-39361000.000000,0.000000,-34000.000000,12231000.000000,0.000000,12197000.000000,-30797000.000000,-24673000.000000,-3304000.000000,0.000000,4481000.000000,4481000.000000,4481000.000000,7788000.000000,0.000000,0.024000,37914000.000000,20677000.000000,192503000.000000,0.000000,2.291000,9.841000,10.236000,64868000.000000,0.000000,6.500000,0.281000,0.281000,58358000.000000,-23061000.000000,184763000.000000,184763000.000000,0.000000,,,,,147000.000000,37914000.000000,1.000000,55184000.000000,55184000.000000,,3.348000,1051184000.000000,65349000.000000,6955000.000000,0.000000,19.049000
ARQ,2003-03-31,2003-05-12,2003-03-31,2003-Q1,150848000.000000,492304010.000000,2019-04-30,892000.000000,1100713000.000000,,939024000.000000,161689000.000000,,2.667000,-5650000.000000,129988000.000000,129988000.000000,292782000.000000,15022000.000000,1.191000,6.516000,115837000.000000,509000.000000,115328000.000000,115837000.000000,11575000.000000,3903000.000000,0.000000,0.000000,0.000000,24858000.000000,28761000.000000,0.082000,28761000.000000,24858000.000000,23238000.000000,0.260000,0.245000,0.260000,146443000.000000,,146443000.000000,478153010.000000,6.000000,5.100000,-6367000.000000,-0.116000,1.000000,59488000.000000,0.169000,14782000.000000,1620000.000000,283604000.000000,,0.000000,133573000.000000,133573000.000000,0.000000,954270000.000000,788176000.000000,166094000.000000,66926000.000000,0.000000,-25977000.000000,50027000.000000,0.000000,24050000.000000,42349000.000000,47999000.000000,-717000.000000,0.000000,15022000.000000,15022000.000000,15022000.000000,406000.000000,0.000000,0.043000,34213000.000000,25275000.000000,199910000.000000,0.000000,3.362000,11.166000,11.796000,62941000.000000,0.000000,8.965000,0.384000,0.384000,70608000.000000,-8039000.000000,352270000.000000,352270000.000000,0.000000,,,,,147000.000000,34213000.000000,1.000000,54914000.000000,54914000.000000,,6.415000,1085931000.000000,60972000.000000,8216000.000000,0.000000,19.775000
ARQ,2003-06-30,2003-08-14,2003-06-30,2003-Q2,174113000.000000,693561120.000000,2019-04-30,552000.000000,1098383000.000000,,939602000.000000,158781000.000000,,2.897000,-3936000.000000,96440000.000000,96440000.000000,303122000.000000,20265000.000000,1.227000,5.604000,115436000.000000,140000.000000,115296000.000000,115436000.000000,12882000.000000,3812000.000000,0.000000,0.000000,0.000000,32719000.000000,36531000.000000,0.099000,36531000.000000,32719000.000000,31189000.000000,0.370000,0.335000,0.370000,166332000.000000,,166332000.000000,712557120.000000,8.000000,6.631000,15062000.000000,0.262000,1.000000,67083000.000000,0.181000,14782000.000000,1530000.000000,337108000.000000,,0.000000,146616000.000000,146616000.000000,0.000000,932051000.000000,765489000.000000,166562000.000000,-33899000.000000,0.000000,-3996000.000000,-624000.000000,0.000000,-4620000.000000,-17248000.000000,-13312000.000000,18998000.000000,0.000000,20265000.000000,20265000.000000,20265000.000000,245000.000000,0.000000,0.055000,33787000.000000,33296000.000000,203132000.000000,0.000000,4.170000,12.884000,12.783000,62275000.000000,0.000000,12.080000,0.538000,0.538000,86294000.000000,11475000.000000,370205000.000000,370205000.000000,0.000000,,,,,146000.000000,33787000.000000,1.000000,57414000.000000,57414000.000000,,6.448000,1083601000.000000,57104000.000000,10924000.000000,0.000000,18.873000
ARQ,2003-09-30,2003-11-06,2003-09-30,2003-Q3,196207000.000000,681739520.000000,2019-04-30,-1414000.000000,1145010000.000000,,991297000.000000,153713000.000000,,3.274000,-4142000.000000,145972000.000000,145972000.000000,320214000.000000,22207000.000000,1.247000,5.321000,116727000.000000,696000.000000,116031000.000000,116727000.000000,12472000.000000,4035000.000000,0.000000,0.000000,0.000000,35308000.000000,39343000.000000,0.101000,39343000.000000,35308000.000000,34013000.000000,0.390000,0.360000,0.390000,181153000.000000,,181153000.000000,652494520.000000,6.000000,5.417000,45613000.000000,0.824000,1.000000,69023000.000000,0.177000,14782000.000000,1295000.000000,305893000.000000,,0.000000,138465000.000000,138465000.000000,0.000000,963857000.000000,795090000.000000,168767000.000000,49745000.000000,0.000000,-10153000.000000,594000.000000,0.000000,-9559000.000000,4777000.000000,8919000.000000,49755000.000000,0.000000,22207000.000000,22207000.000000,22207000.000000,-30000.000000,0.000000,0.057000,33845000.000000,35178000.000000,219706000.000000,0.000000,3.763000,11.000000,11.251000,62398000.000000,0.000000,12.320000,0.526000,0.526000,84371000.000000,33484000.000000,389237000.000000,389237000.000000,0.000000,,,,,92000.000000,33845000.000000,1.000000,55336000.000000,55336000.000000,,7.034000,1130228000.000000,50570000.000000,11806000.000000,0.000000,20.425000
ARQ,2003-12-31,2004-03-05,2003-12-31,2003-Q4,171652000.000000,945257700.000000,2019-04-30,-479000.000000,1134121000.000000,,980457000.000000,153664000.000000,,2.787000,-4790000.000000,136119000.000000,136119000.000000,299301000.000000,4832000.000000,1.212000,6.522000,116808000.000000,163000.000000,116645000.000000,116808000.000000,45888000.000000,4179000.000000,0.000000,0.000000,0.000000,19497000.000000,23676000.000000,0.063000,23676000.000000,19497000.000000,18451000.000000,0.095000,0.085000,0.095000,150764000.000000,,150764000.000000,925946700.000000,8.000000,7.216000,79037000.000000,1.461000,1.000000,74066000.000000,0.198000,14782000.000000,1046000.000000,291223000.000000,,0.000000,197573000.000000,197573000.000000,0.000000,983357000.000000,808805000.000000,174552000.000000,-10077000.000000,0.000000,-40188000.000000,-72000.000000,0.000000,-40260000.000000,-60906000.000000,-56116000.000000,83827000.000000,0.000000,4832000.000000,4832000.000000,4832000.000000,19171000.000000,0.000000,0.013000,35418000.000000,38648000.000000,218141000.000000,0.000000,6.270000,15.166000,15.743000,63109000.000000,0.000000,17.475000,0.637000,0.637000,59469000.000000,36419000.000000,373367000.000000,373367000.000000,0.000000,,,,,66000.000000,35418000.000000,1.000000,54092000.000000,54092000.000000,,6.902000,1119339000.000000,45209000.000000,13619000.000000,0.000000,20.693000
ARQ,2004-03-31,2004-04-28,2004-03-31,2004-Q1,114503000.000000,1057360380.000000,2019-04-30,303000.000000,699115000.000000,,470940000.000000,228175000.000000,,2.999000,-1491000.000000,167349000.000000,167349000.000000,328862000.000000,25829000.000000,1.321000,3.333000,115318000.000000,62000.000000,115256000.000000,115318000.000000,21974000.000000,4075000.000000,0.000000,0.000000,0.000000,41796000.000000,45871000.000000,0.112000,45871000.000000,41796000.000000,40631000.000000,0.480000,0.370000,0.480000,161339000.000000,,161339000.000000,1005329380.000000,8.000000,6.913000,30736000.000000,0.571000,1.000000,79328000.000000,0.194000,14782000.000000,1165000.000000,275865000.000000,,0.000000,241808000.000000,179808000.000000,62000000.000000,537776000.000000,356437000.000000,181339000.000000,29963000.000000,0.000000,-22098000.000000,-1490000.000000,0.000000,-23588000.000000,17910000.000000,19401000.000000,32227000.000000,0.000000,25829000.000000,25829000.000000,25829000.000000,486000.000000,0.000000,0.063000,37168000.000000,42160000.000000,222097000.000000,0.000000,6.554000,14.458000,14.723000,62160000.000000,0.000000,19.655000,0.686000,0.686000,56474000.000000,60992000.000000,408190000.000000,408190000.000000,0.000000,,,,,22000.000000,37168000.000000,1.000000,53796000.000000,53796000.000000,,7.588000,684333000.000000,43651000.000000,14802000.000000,0.000000,12.721000
ARQ,2004-06-30,2004-07-28,2004-06-30,2004-Q2,117535000.000000,1135529720.000000,2019-04-30,-831000.000000,681852000.000000,,449375000.000000,232477000.000000,,3.119000,-6401000.000000,196853000.000000,196853000.000000,334841000.000000,38221000.000000,1.354000,3.079000,115331000.000000,43000.000000,115288000.000000,115331000.000000,20202000.000000,4199000.000000,0.000000,0.000000,0.000000,61208000.000000,65407000.000000,0.148000,65407000.000000,61208000.000000,60033000.000000,0.715000,0.550000,0.715000,167164000.000000,,167164000.000000,1054007720.000000,7.000000,6.047000,42023000.000000,0.784000,1.000000,106398000.000000,0.241000,14782000.000000,1175000.000000,253708000.000000,,0.000000,201757000.000000,139757000.000000,62000000.000000,514688000.000000,331840000.000000,182848000.000000,28874000.000000,0.000000,-43741000.000000,-34000.000000,0.000000,-43775000.000000,24255000.000000,30656000.000000,48424000.000000,0.000000,38221000.000000,38221000.000000,38221000.000000,0.000000,0.000000,0.087000,45231000.000000,61167000.000000,198688000.000000,0.000000,6.793000,12.466000,12.613000,64422000.000000,0.000000,21.190000,0.704000,0.704000,55551000.000000,94936000.000000,441239000.000000,441239000.000000,0.000000,,,,,929000.000000,45231000.000000,1.000000,53588000.000000,53588000.000000,,8.234000,667070000.000000,39091000.000000,21812000.000000,0.000000,12.448000
ARQ,2004-09-30,2004-10-26,2004-09-30,2004-Q3,127059000.000000,1246174400.000000,2019-04-30,-112000.000000,676632000.000000,,426561000.000000,250071000.000000,,3.460000,-8874000.000000,214677000.000000,214677000.000000,300049000.000000,30727000.000000,1.424000,2.703000,125430000.000000,78000.000000,125352000.000000,125430000.000000,17502000.000000,4098000.000000,0.000000,0.000000,0.000000,48686000.000000,52784000.000000,0.134000,52784000.000000,48686000.000000,47465000.000000,0.580000,0.450000,0.580000,182718000.000000,,182718000.000000,1156927400.000000,7.000000,6.162000,7265000.000000,0.138000,1.000000,93231000.000000,0.237000,14782000.000000,1221000.000000,273101000.000000,,0.000000,173735000.000000,111735000.000000,62000000.000000,493914000.000000,299502000.000000,194412000.000000,16751000.000000,0.000000,-23752000.000000,9980000.000000,0.000000,-13772000.000000,15874000.000000,24748000.000000,16139000.000000,0.000000,30727000.000000,30727000.000000,30727000.000000,0.000000,0.000000,0.078000,44496000.000000,48735000.000000,173042000.000000,0.000000,6.820000,12.511000,12.620000,69432000.000000,0.000000,23.600000,0.771000,0.771000,49964000.000000,125710000.000000,393280000.000000,393280000.000000,0.000000,,,,,3500000.000000,44496000.000000,1.000000,52804000.000000,52804000.000000,,7.448000,661850000.000000,35206000.000000,16738000.000000,0.000000,12.534000
ARQ,2004-12-31,2005-03-14,2004-12-31,2004-Q4,152666000.000000,1629127000.000000,2019-04-30,-245000.000000,689780000.000000,,450974000.000000,238806000.000000,,3.776000,-6336000.000000,225643000.000000,225643000.000000,232447000.000000,27960000.000000,1.512000,2.420000,125495000.000000,100000.000000,125395000.000000,125495000.000000,50763000.000000,4712000.000000,0.000000,0.000000,0.000000,45827000.000000,50539000.000000,0.152000,50539000.000000,45827000.000000,44704000.000000,0.535000,0.415000,0.535000,201697000.000000,,201697000.000000,1528979000.000000,8.000000,7.125000,63055000.000000,1.180000,1.000000,100279000.000000,0.301000,14782000.000000,1123000.000000,276542000.000000,,0.000000,194264000.000000,147264000.000000,47000000.000000,488083000.000000,298308000.000000,189775000.000000,11229000.000000,0.000000,-17384000.000000,-22000.000000,0.000000,-17406000.000000,-40679000.000000,-34343000.000000,69391000.000000,0.000000,27960000.000000,27960000.000000,27960000.000000,-97000.000000,0.000000,0.084000,54539000.000000,45740000.000000,143521000.000000,0.000000,8.077000,13.273000,13.232000,71152000.000000,0.000000,30.500000,1.034000,1.034000,40602000.000000,153357000.000000,332726000.000000,332726000.000000,0.000000,,,,,2881000.000000,54539000.000000,1.000000,53414000.000000,53414000.000000,,6.229000,674998000.000000,30835000.000000,16744000.000000,0.000000,12.637000
ARQ,2005-03-31,2005-04-27,2005-03-31,2005-Q1,191725000.000000,1698463260.000000,2019-04-30,-684000.000000,725953000.000000,,493343000.000000,232610000.000000,,4.438000,-2252000.000000,127836000.000000,127836000.000000,249069000.000000,29405000.000000,1.636000,2.061000,125471000.000000,97000.000000,125374000.000000,125471000.000000,13925000.000000,3714000.000000,0.000000,0.000000,0.000000,46261000.000000,49975000.000000,0.149000,49975000.000000,46261000.000000,44630000.000000,0.550000,0.435000,0.550000,237163000.000000,,237163000.000000,1696098260.000000,8.000000,7.755000,21150000.000000,0.396000,1.000000,86769000.000000,0.258000,14782000.000000,1631000.000000,407188000.000000,,0.000000,326525000.000000,279525000.000000,47000000.000000,488790000.000000,301618000.000000,187172000.000000,-92890000.000000,0.000000,-922000.000000,-24000.000000,0.000000,-946000.000000,-117721000.000000,-115469000.000000,23402000.000000,0.000000,29405000.000000,29405000.000000,29405000.000000,-838000.000000,0.000000,0.088000,41445000.000000,45324000.000000,152661000.000000,0.000000,7.162000,13.446000,13.355000,69669000.000000,0.000000,31.785000,1.130000,1.130000,20058000.000000,182050000.000000,335838000.000000,335838000.000000,0.000000,,,,,1224000.000000,41445000.000000,1.000000,53436000.000000,53436000.000000,,6.285000,711171000.000000,31931000.000000,15225000.000000,0.000000,13.309000
ARQ,2005-06-30,2005-07-26,2005-06-30,2005-Q2,186561000.000000,1852915020.000000,2019-04-30,-395000.000000,650118000.000000,,415370000.000000,234748000.000000,,4.894000,-3700000.000000,129731000.000000,129731000.000000,249499000.000000,33836000.000000,1.815000,1.330000,81465000.000000,97000.000000,81368000.000000,81465000.000000,16201000.000000,3782000.000000,0.000000,0.000000,0.000000,56672000.000000,60454000.000000,0.174000,60454000.000000,56672000.000000,52323000.000000,0.620000,0.505000,0.620000,278984000.000000,,278984000.000000,1804649020.000000,9.000000,8.443000,14488000.000000,0.254000,1.000000,98528000.000000,0.283000,14782000.000000,4349000.000000,358261000.000000,,0.000000,281488000.000000,234488000.000000,47000000.000000,371134000.000000,228809000.000000,142325000.000000,-2307000.000000,0.000000,-36632000.000000,-10025000.000000,0.000000,-46657000.000000,28537000.000000,32237000.000000,18188000.000000,0.000000,33836000.000000,33836000.000000,33836000.000000,0.000000,0.000000,0.097000,42158000.000000,56370000.000000,128254000.000000,0.000000,6.642000,15.197000,14.225000,69302000.000000,0.000000,32.505000,1.314000,1.314000,17573000.000000,212913000.000000,348027000.000000,348027000.000000,0.000000,,,,,1945000.000000,42158000.000000,1.000000,57004000.000000,57004000.000000,,6.105000,635336000.000000,33835000.000000,18487000.000000,0.000000,11.145000
ARQ,2005-09-30,2005-10-26,2005-09-30,2005-Q3,146732000.000000,2012802260.000000,2019-04-30,-1304000.000000,690985000.000000,,462553000.000000,228432000.000000,,4.398000,-2614000.000000,105765000.000000,105765000.000000,259483000.000000,28442000.000000,1.465000,1.733000,62439000.000000,104000.000000,62335000.000000,62439000.000000,91274000.000000,3671000.000000,0.000000,0.000000,0.000000,44936000.000000,48607000.000000,0.140000,48607000.000000,44936000.000000,42945000.000000,0.500000,0.435000,0.500000,252834000.000000,,252834000.000000,1969476260.000000,10.000000,9.397000,108741000.000000,1.892000,1.000000,87960000.000000,0.253000,14782000.000000,1991000.000000,317056000.000000,,0.000000,350056000.000000,303056000.000000,47000000.000000,438151000.000000,315821000.000000,122330000.000000,-23905000.000000,0.000000,-87280000.000000,9974000.000000,0.000000,-77306000.000000,-57954000.000000,-55340000.000000,111355000.000000,0.000000,28442000.000000,28442000.000000,28442000.000000,0.000000,0.000000,0.082000,43451000.000000,44509000.000000,130048000.000000,0.000000,7.961000,16.823000,15.880000,68439000.000000,0.000000,35.015000,1.476000,1.476000,19049000.000000,239269000.000000,347443000.000000,347443000.000000,0.000000,,,,,1708000.000000,43451000.000000,1.000000,57484000.000000,57484000.000000,,6.044000,676203000.000000,35070000.000000,14503000.000000,0.000000,11.763000
ARQ,2005-12-31,2006-02-21,2005-12-31,2005-Q4,171261000.000000,2482884560.000000,2019-04-30,-1750000.000000,668846000.000000,,438355000.000000,230491000.000000,,4.882000,-4461000.000000,106311000.000000,106311000.000000,265102000.000000,28334000.000000,1.641000,1.353000,52413000.000000,106000.000000,52307000.000000,52413000.000000,49067000.000000,3784000.000000,0.000000,0.000000,0.000000,43485000.000000,47269000.000000,0.134000,47269000.000000,43485000.000000,42665000.000000,0.490000,0.435000,0.490000,284252000.000000,,284252000.000000,2428986560.000000,13.000000,11.822000,9426000.000000,0.162000,1.000000,88605000.000000,0.251000,14782000.000000,820000.000000,333072000.000000,,0.000000,328250000.000000,281250000.000000,47000000.000000,384594000.000000,267094000.000000,117500000.000000,-458000.000000,0.000000,-7210000.000000,-10026000.000000,0.000000,-17236000.000000,2891000.000000,7352000.000000,13887000.000000,0.000000,28334000.000000,28334000.000000,28334000.000000,0.000000,0.000000,0.080000,45391000.000000,43214000.000000,138214000.000000,0.000000,8.735000,20.688000,19.741000,71357000.000000,0.000000,42.640000,1.793000,1.793000,14879000.000000,262559000.000000,353707000.000000,353707000.000000,0.000000,,,,,2514000.000000,45391000.000000,1.000000,58229000.000000,58229000.000000,,6.074000,654064000.000000,37215000.000000,14331000.000000,0.000000,11.233000
ARQ,2006-03-31,2006-04-27,2006-03-31,2006-Q1,134038000.000000,2034945700.000000,2019-04-30,-2798000.000000,767355000.000000,,524483000.000000,242872000.000000,,4.284000,-2785000.000000,117121000.000000,117121000.000000,336657000.000000,32671000.000000,1.343000,2.200000,71887000.000000,118000.000000,71769000.000000,71887000.000000,110221000.000000,4318000.000000,0.000000,0.000000,0.000000,50357000.000000,54675000.000000,0.125000,54675000.000000,50357000.000000,49581000.000000,0.570000,0.510000,0.570000,239821000.000000,,239821000.000000,1989711700.000000,10.000000,9.430000,126764000.000000,2.264000,1.000000,101591000.000000,0.232000,14782000.000000,776000.000000,316894000.000000,,0.000000,378253000.000000,331253000.000000,47000000.000000,527534000.000000,390445000.000000,137089000.000000,10895000.000000,0.000000,-83323000.000000,19975000.000000,0.000000,-58239000.000000,-60415000.000000,-57630000.000000,129549000.000000,0.000000,32671000.000000,32671000.000000,32671000.000000,0.000000,0.000000,0.075000,51201000.000000,50390000.000000,165220000.000000,0.000000,8.485000,16.506000,16.674000,69716000.000000,0.000000,36.350000,1.368000,1.368000,15604000.000000,290573000.000000,438248000.000000,438248000.000000,0.000000,,,,,-3449000.000000,51201000.000000,1.000000,55982000.000000,55982000.000000,,7.828000,752573000.000000,40259000.000000,16910000.000000,0.000000,13.443000
ARQ,2006-06-30,2006-07-26,2006-06-30,2006-Q2,115635000.000000,2521828610.000000,2019-04-30,-3875000.000000,754105000.000000,,487797000.000000,266308000.000000,,4.360000,-5394000.000000,114935000.000000,114935000.000000,321545000.000000,33534000.000000,1.311000,2.077000,71860000.000000,110000.000000,71750000.000000,71860000.000000,114157000.000000,3921000.000000,0.000000,0.000000,0.000000,52480000.000000,56401000.000000,0.133000,56401000.000000,52480000.000000,51478000.000000,0.600000,0.540000,0.600000,245073000.000000,,245073000.000000,2478753610.000000,13.000000,11.977000,5154000.000000,0.092000,1.000000,102893000.000000,0.242000,14782000.000000,1002000.000000,324086000.000000,,0.000000,331945000.000000,284945000.000000,47000000.000000,509032000.000000,372162000.000000,136870000.000000,-2099000.000000,0.000000,-33738000.000000,-28000.000000,0.000000,-28615000.000000,15968000.000000,21362000.000000,10548000.000000,0.000000,33534000.000000,33534000.000000,33534000.000000,0.000000,0.000000,0.079000,50422000.000000,52471000.000000,149837000.000000,0.000000,10.290000,20.506000,20.773000,71149000.000000,0.000000,44.870000,1.613000,1.613000,13940000.000000,317197000.000000,424438000.000000,424438000.000000,0.000000,,,,,-3769000.000000,50422000.000000,1.000000,56203000.000000,56203000.000000,,7.552000,739323000.000000,41554000.000000,17944000.000000,0.000000,13.155000
ARQ,2006-09-30,2006-10-26,2006-09-30,2006-Q3,142090000.000000,2014446050.000000,2019-04-30,-2235000.000000,718117000.000000,,455482000.000000,262635000.000000,,5.199000,-5004000.000000,97236000.000000,97236000.000000,323694000.000000,34929000.000000,1.453000,1.418000,43833000.000000,104000.000000,43729000.000000,43833000.000000,52566000.000000,4088000.000000,0.000000,0.000000,0.000000,55026000.000000,59114000.000000,0.137000,59114000.000000,55026000.000000,54011000.000000,0.620000,0.560000,0.620000,296939000.000000,,296939000.000000,1961043050.000000,10.000000,9.018000,-51198000.000000,-0.896000,1.000000,106303000.000000,0.247000,14782000.000000,1015000.000000,336540000.000000,,0.000000,290332000.000000,243332000.000000,47000000.000000,421178000.000000,313392000.000000,107786000.000000,-18930000.000000,0.000000,3344000.000000,-20029000.000000,0.000000,-15500000.000000,42764000.000000,47768000.000000,-46194000.000000,0.000000,34929000.000000,34929000.000000,34929000.000000,0.000000,0.000000,0.081000,51291000.000000,55012000.000000,159428000.000000,0.000000,6.784000,15.559000,15.469000,72001000.000000,0.000000,35.270000,1.224000,1.224000,26445000.000000,350129000.000000,429997000.000000,429997000.000000,0.000000,,,,,1583000.000000,51291000.000000,1.000000,57115000.000000,57115000.000000,,7.529000,703335000.000000,40446000.000000,19082000.000000,0.000000,12.314000
ARQ,2006-12-31,2007-02-27,2006-12-31,2006-Q4,141000000.000000,2146009950.000000,2019-04-30,-8635000.000000,809412000.000000,,543953000.000000,265459000.000000,,3.887000,-3136000.000000,78346000.000000,78346000.000000,314220000.000000,39337000.000000,1.350000,2.735000,118850000.000000,116000.000000,118734000.000000,118850000.000000,52075000.000000,4243000.000000,0.000000,0.000000,0.000000,61531000.000000,65774000.000000,0.154000,65774000.000000,61531000.000000,60423000.000000,0.710000,0.640000,0.710000,216718000.000000,,216718000.000000,2186513950.000000,10.000000,9.266000,93332000.000000,1.674000,1.000000,111989000.000000,0.263000,14782000.000000,1108000.000000,432181000.000000,,0.000000,370846000.000000,323846000.000000,47000000.000000,592694000.000000,402953000.000000,189741000.000000,-19007000.000000,0.000000,-114955000.000000,74971000.000000,0.000000,-41576000.000000,-73899000.000000,-70763000.000000,96468000.000000,0.000000,39337000.000000,39337000.000000,39337000.000000,0.000000,0.000000,0.092000,52428000.000000,59561000.000000,224447000.000000,0.000000,9.902000,15.277000,15.458000,71893000.000000,0.000000,38.490000,1.248000,1.248000,21308000.000000,388895000.000000,426209000.000000,426209000.000000,0.000000,,,,,4981000.000000,52428000.000000,1.000000,55755000.000000,55755000.000000,,7.644000,794630000.000000,48517000.000000,21086000.000000,0.000000,14.252000
ARQ,2007-03-31,2007-04-27,2007-03-31,2007-Q1,112117000.000000,2316474130.000000,2019-04-30,-8559000.000000,890148000.000000,,622295000.000000,267853000.000000,,3.908000,-2233000.000000,96712000.000000,96712000.000000,435311000.000000,-1239000.000000,1.220000,3.070000,70655000.000000,132000.000000,70523000.000000,70655000.000000,121958000.000000,3954000.000000,0.000000,0.000000,0.000000,784000.000000,4738000.000000,0.010000,4738000.000000,784000.000000,-1171000.000000,-0.020000,-0.020000,-0.020000,218735000.000000,,218735000.000000,2290417130.000000,13.000000,12.312000,82944000.000000,1.482000,1.000000,59326000.000000,0.120000,14782000.000000,1955000.000000,339131000.000000,,0.000000,392460000.000000,345460000.000000,47000000.000000,671413000.000000,510178000.000000,161235000.000000,18324000.000000,0.000000,-18607000.000000,-25039000.000000,0.000000,-42591000.000000,-24262000.000000,-22029000.000000,85177000.000000,0.000000,-1239000.000000,-1239000.000000,-1239000.000000,0.000000,0.000000,-0.003000,59192000.000000,134000.000000,221072000.000000,0.000000,10.590000,21.738000,21.670000,70269000.000000,0.000000,41.390000,1.305000,1.305000,24881000.000000,383073000.000000,494637000.000000,494637000.000000,0.000000,,,,,689000.000000,59192000.000000,1.000000,55967000.000000,55967000.000000,,8.838000,875366000.000000,73938000.000000,68000.000000,0.000000,15.641000
ARQ,2007-06-30,2007-07-31,2007-06-30,2007-Q2,145371000.000000,2282017280.000000,2019-04-30,-9530000.000000,873625000.000000,,610645000.000000,262980000.000000,,4.651000,2113000.000000,160881000.000000,160881000.000000,362211000.000000,39360000.000000,1.312000,2.345000,59063000.000000,3558000.000000,55505000.000000,59063000.000000,121934000.000000,4022000.000000,0.000000,0.000000,0.000000,61152000.000000,65174000.000000,0.135000,65174000.000000,61152000.000000,60115000.000000,0.700000,0.670000,0.700000,261143000.000000,,261143000.000000,2180199280.000000,12.000000,11.192000,26452000.000000,0.471000,1.000000,119836000.000000,0.249000,14782000.000000,1037000.000000,291751000.000000,,0.000000,335398000.000000,288398000.000000,47000000.000000,612482000.000000,465274000.000000,147208000.000000,66236000.000000,0.000000,1827000.000000,-15039000.000000,0.000000,-10034000.000000,51931000.000000,49818000.000000,24339000.000000,0.000000,39360000.000000,39360000.000000,39360000.000000,0.000000,0.000000,0.082000,59528000.000000,60308000.000000,193458000.000000,0.000000,8.739000,20.305000,20.219000,64947000.000000,0.000000,40.640000,1.245000,1.245000,31510000.000000,419289000.000000,482047000.000000,482047000.000000,0.000000,,,,,-1928000.000000,59528000.000000,1.000000,56152000.000000,56152000.000000,,8.585000,858843000.000000,72558000.000000,20755000.000000,0.000000,15.295000
ARQ,2007-09-30,2007-11-06,2007-09-30,2007-Q3,148620000.000000,2365725300.000000,2019-04-30,-7408000.000000,795026000.000000,,531005000.000000,264021000.000000,,5.357000,-2847000.000000,70434000.000000,70434000.000000,375075000.000000,34626000.000000,1.389000,1.641000,20688000.000000,153000.000000,20535000.000000,20688000.000000,52207000.000000,3639000.000000,0.000000,0.000000,0.000000,51864000.000000,55503000.000000,0.118000,55503000.000000,51864000.000000,51280000.000000,0.620000,0.590000,0.620000,301044000.000000,,301044000.000000,2315979300.000000,13.000000,12.114000,-61202000.000000,-1.089000,1.000000,93849000.000000,0.200000,14782000.000000,584000.000000,348113000.000000,,0.000000,331420000.000000,284420000.000000,47000000.000000,493982000.000000,382385000.000000,111597000.000000,-90318000.000000,0.000000,2057000.000000,-38416000.000000,0.000000,-36159000.000000,4196000.000000,7043000.000000,-58355000.000000,0.000000,34626000.000000,34626000.000000,34626000.000000,0.000000,0.000000,0.074000,42264000.000000,51585000.000000,193204000.000000,0.000000,7.858000,21.107000,20.945000,64197000.000000,0.000000,42.100000,1.264000,1.264000,30366000.000000,453415000.000000,468924000.000000,468924000.000000,0.000000,,,,,697000.000000,42264000.000000,1.000000,56193000.000000,56193000.000000,,8.345000,780244000.000000,62346000.000000,16654000.000000,0.000000,13.885000
ART,1997-12-31,1998-03-27,1997-12-31,1997-Q4,88377000.000000,727573255.000000,2019-04-30,655000.000000,723936000.000000,,300606000.000000,423330000.000000,,4.846000,-54870000.000000,113381000.000000,113381000.000000,566547000.000000,24241000.000000,1.416000,1.725000,95567000.000000,4726000.000000,90841000.000000,95567000.000000,29763000.000000,13510000.000000,0.000000,0.000000,0.000000,31908000.000000,45418000.000000,0.063000,45418000.000000,31908000.000000,27475000.000000,0.450000,0.443000,0.450000,265682000.000000,,265682000.000000,709759255.000000,22.000000,15.627000,-2050000.000000,-0.037000,1.000000,155177000.000000,0.215000,42803000.000000,4433000.000000,451090000.000000,,0.000000,270651000.000000,115498000.000000,155153000.000000,458254000.000000,212229000.000000,246025000.000000,-6746000.000000,-3145000.000000,4787000.000000,22609000.000000,0.000000,27396000.000000,-86962000.000000,-28947000.000000,52820000.000000,0.000000,24241000.000000,24241000.000000,24241000.000000,0.000000,0.000000,0.034000,123269000.000000,31908000.000000,55943000.000000,0.000000,2.739000,30.014000,29.491000,148831000.000000,0.000000,13.271000,1.008000,1.008000,42041000.000000,106242000.000000,721724000.000000,721724000.000000,0.000000,,,,0.044000,0.000000,93919000.000000,1.000000,54825000.000000,54825000.000000,,13.164000,681133000.000000,15496000.000000,3234000.000000,0.000000,12.424000
ART,1998-03-31,1998-05-15,1998-03-31,1998-Q1,71562000.000000,661746692.000000,2019-04-30,138000.000000,740704000.000000,,282421000.000000,458283000.000000,,5.138000,,56557000.000000,56557000.000000,,,1.339000,1.630000,102430000.000000,4191000.000000,98239000.000000,102430000.000000,18695000.000000,,0.000000,0.000000,0.000000,,,,,,,,,,281615000.000000,,281615000.000000,707619692.000000,,,,,1.000000,,,42333000.000000,,533385000.000000,,0.000000,323368000.000000,139668000.000000,183700000.000000,459089000.000000,210859000.000000,248230000.000000,,,,,,,,,,,,,,,,,,,120206000.000000,,2.350000,,,157254000.000000,,12.021000,,,74404000.000000,118429000.000000,,,,,,,,,,1.000000,55050000.000000,54813000.000000,,,698371000.000000,0.000000,,0.000000,12.741000
ART,1998-06-30,1998-08-14,1998-06-30,1998-Q2,89363000.000000,454677688.000000,2019-04-30,846000.000000,783288000.000000,,326513000.000000,456775000.000000,,5.375000,,90447000.000000,90447000.000000,,,1.377000,1.645000,101409000.000000,6079000.000000,95330000.000000,101409000.000000,20750000.000000,,0.000000,0.000000,0.000000,,,,,,,,,,296139000.000000,,296139000.000000,465639688.000000,,,,,1.000000,,,41870000.000000,,515230000.000000,,0.000000,289180000.000000,120676000.000000,168504000.000000,487149000.000000,237150000.000000,249999000.000000,,,,,,,,,,,,,,,,,,,138922000.000000,,1.535000,,,161953000.000000,,8.219000,,,106294000.000000,130980000.000000,,,,,,,,,,1.000000,55322000.000000,55092000.000000,,,741418000.000000,0.000000,,0.000000,13.458000
ART,1998-09-30,1998-11-16,1998-09-30,1998-Q3,87798000.000000,608729375.000000,2019-04-30,1508000.000000,794004000.000000,760483000.000000,346247000.000000,447757000.000000,,5.501000,,102074000.000000,102074000.000000,,,1.340000,1.631000,89480000.000000,7995000.000000,81485000.000000,89480000.000000,18524000.000000,,0.000000,0.000000,0.000000,,,,,,,,,,301810000.000000,286311500.000000,301810000.000000,596135375.000000,,,,,1.000000,,,41403000.000000,,481558000.000000,495315750.000000,0.000000,290006000.000000,134022000.000000,155984000.000000,492194000.000000,258449000.000000,233745000.000000,,,,,,,,,,,,,,,,,,,157845000.000000,,2.017000,,,165847000.000000,,11.219000,,,101701000.000000,143564000.000000,,,,,,,,,,1.000000,54260000.000000,54866000.000000,,,752601000.000000,0.000000,,0.000000,13.717000
ART,1998-12-31,1999-03-18,1998-12-31,1998-Q4,47763000.000000,378277688.000000,2019-04-30,-1027000.000000,1045120000.000000,840779000.000000,393931000.000000,651189000.000000,1.234000,5.595000,-40743000.000000,101668000.000000,101668000.000000,852092000.000000,39596000.000000,1.138000,2.441000,247661000.000000,5263000.000000,242398000.000000,247661000.000000,39968000.000000,19263000.000000,0.000000,0.000000,0.000000,60573000.000000,79836000.000000,0.077000,79836000.000000,60573000.000000,53392000.000000,0.725000,0.715000,0.725000,303714000.000000,295819500.000000,303714000.000000,524270688.000000,9.000000,6.567000,9345000.000000,0.172000,1.000000,185111000.000000,0.178000,142471000.000000,7181000.000000,702474000.000000,558161750.000000,0.000000,290824000.000000,110008000.000000,180816000.000000,741406000.000000,346168000.000000,395238000.000000,-12931000.000000,-110035000.000000,-1166000.000000,113102000.000000,0.000000,111936000.000000,-174955000.000000,-24177000.000000,50088000.000000,0.000000,39596000.000000,39596000.000000,39596000.000000,0.000000,0.000000,0.038000,124538000.000000,60573000.000000,201126000.000000,0.000000,1.246000,9.553000,9.612000,229164000.000000,0.000000,6.969000,0.365000,0.365000,145728000.000000,145838000.000000,1037203000.000000,1037203000.000000,0.000000,0.047000,0.134000,0.109000,0.058000,0.000000,110687000.000000,1.000000,54282000.000000,54282000.000000,,19.108000,902649000.000000,14311000.000000,13796000.000000,0.000000,16.629000
ART,1999-03-31,1999-05-17,1999-03-31,1999-Q1,24583000.000000,401775000.000000,2019-04-30,0.000000,1034831000.000000,914310750.000000,350856000.000000,683975000.000000,1.252000,5.370000,-45744000.000000,35135000.000000,35135000.000000,960636000.000000,26703000.000000,1.075000,2.544000,267660000.000000,4451000.000000,263209000.000000,267660000.000000,19976000.000000,22038000.000000,0.000000,0.000000,0.000000,45899000.000000,67937000.000000,0.059000,67937000.000000,45899000.000000,35950000.000000,0.490000,0.485000,0.490000,291984000.000000,298411750.000000,291984000.000000,634300000.000000,14.000000,9.337000,,,1.000000,184232000.000000,0.161000,141013000.000000,9949000.000000,800070000.000000,624833000.000000,0.000000,296483000.000000,98543000.000000,197940000.000000,742847000.000000,326273000.000000,416574000.000000,-21312000.000000,-114408000.000000,-3864000.000000,129308000.000000,0.000000,118792000.000000,-143333000.000000,16819000.000000,,0.000000,26703000.000000,26703000.000000,26703000.000000,0.000000,0.000000,0.023000,138333000.000000,45899000.000000,222090000.000000,0.000000,1.376000,15.046000,15.306000,237594000.000000,0.000000,7.500000,0.351000,0.356000,173783000.000000,145132000.000000,1144868000.000000,1144868000.000000,0.000000,0.029000,0.089000,0.073000,0.040000,,119376000.000000,1.000000,53570000.000000,54372000.000000,,21.056000,893818000.000000,0.000000,9247000.000000,0.000000,16.439000
ART,1999-06-30,1999-08-16,1999-06-30,1999-Q2,-20118000.000000,304690750.000000,2019-04-30,-10590000.000000,1021568000.000000,973880750.000000,307321000.000000,714247000.000000,1.249000,5.510000,-67727000.000000,46030000.000000,46030000.000000,1025798000.000000,22708000.000000,0.939000,2.460000,250540000.000000,4126000.000000,246414000.000000,250540000.000000,19930000.000000,24575000.000000,0.000000,0.000000,0.000000,44321000.000000,68896000.000000,0.057000,68896000.000000,44321000.000000,31865000.000000,0.420000,0.420000,0.420000,295281000.000000,298197250.000000,295281000.000000,509200750.000000,11.000000,7.391000,,,1.000000,190343000.000000,0.157000,154932000.000000,12456000.000000,743707000.000000,681952250.000000,0.000000,270848000.000000,78975000.000000,191873000.000000,726287000.000000,327439000.000000,398848000.000000,-44072000.000000,-113035000.000000,-5031000.000000,113209000.000000,0.000000,105323000.000000,-163121000.000000,-25319300.000000,,0.000000,22708000.000000,22708000.000000,22708000.000000,0.000000,0.000000,0.019000,146022000.000000,44321000.000000,199690000.000000,0.000000,1.032000,13.418000,13.542000,244593000.000000,0.000000,5.688000,0.251000,0.251000,190988000.000000,153688000.000000,1216141000.000000,1216141000.000000,0.000000,0.023000,0.076000,0.065000,0.036000,,127065000.000000,1.000000,53572000.000000,53590000.000000,,22.693000,866636000.000000,0.000000,9157000.000000,0.000000,16.172000
ART,1999-09-30,1999-11-15,1999-09-30,1999-Q3,-20508000.000000,251962500.000000,2019-04-30,-13762000.000000,1088551000.000000,1047517500.000000,332660000.000000,755891000.000000,1.201000,5.624000,-56218000.000000,55818000.000000,55818000.000000,1060953000.000000,18987000.000000,0.942000,2.604000,285411000.000000,4690000.000000,280721000.000000,285411000.000000,20043000.000000,26935000.000000,0.000000,0.000000,0.000000,43544000.000000,70479000.000000,0.056000,70479000.000000,43544000.000000,28126000.000000,0.355000,0.355000,0.355000,302057000.000000,298259000.000000,302057000.000000,481555500.000000,11.000000,6.833000,-92644000.000000,-1.725000,1.000000,196676000.000000,0.156000,185785000.000000,15418000.000000,779191000.000000,756360500.000000,0.000000,263255000.000000,74882000.000000,188373000.000000,786494000.000000,353168000.000000,433326000.000000,-47332000.000000,-114408000.000000,-3947000.000000,160009000.000000,0.000000,156062000.000000,-166968000.000000,3658000.000000,-36426000.000000,0.000000,18987000.000000,18987000.000000,18987000.000000,0.000000,0.000000,0.015000,153132000.000000,43544000.000000,221116000.000000,0.000000,0.834000,13.270000,13.204000,252750000.000000,0.000000,4.688000,0.200000,0.200000,220503000.000000,162551000.000000,1257629000.000000,1257629000.000000,0.000000,0.018000,0.064000,0.058000,0.035000,0.000000,134175000.000000,1.000000,53752000.000000,53712000.000000,,23.414000,902766000.000000,0.000000,9139000.000000,0.000000,16.808000
ART,1999-12-31,2000-03-24,1999-12-31,1999-Q4,114740000.000000,136895063.000000,2019-04-30,-16063000.000000,1130112000.000000,1068765500.000000,524593000.000000,605519000.000000,1.201000,5.148000,-57494000.000000,77641000.000000,77641000.000000,1122777000.000000,-4631000.000000,1.280000,3.059000,263595000.000000,4741000.000000,258854000.000000,263595000.000000,45333000.000000,28079000.000000,0.000000,0.000000,0.000000,4414000.000000,32493000.000000,0.025000,32493000.000000,4414000.000000,-10566000.000000,-0.085000,-0.085000,-0.085000,278412000.000000,291933500.000000,278412000.000000,322849063.000000,73.000000,9.936000,-65198000.000000,-1.206000,1.000000,161034000.000000,0.125000,159514000.000000,14980000.000000,746699000.000000,767416750.000000,0.000000,233813000.000000,218951000.000000,14862000.000000,851700000.000000,409853000.000000,441847000.000000,-27974000.000000,-3000000.000000,-5636000.000000,15934000.000000,0.000000,10298000.000000,-30568000.000000,29926000.000000,-7704000.000000,0.000000,-4631000.000000,-4631000.000000,-4631000.000000,0.000000,0.000000,-0.004000,156620000.000000,4414000.000000,163490000.000000,0.000000,0.492000,-29.561000,-29.779000,264549000.000000,0.000000,2.531000,0.107000,0.107000,197215000.000000,141207000.000000,1283811000.000000,1283811000.000000,0.000000,-0.004000,-0.016000,0.006000,0.003000,0.000000,137812000.000000,1.000000,54082000.000000,54082000.000000,,23.738000,970598000.000000,40199000.000000,-5935000.000000,0.000000,17.947000
ART,2000-03-31,2000-05-15,2000-03-31,2000-Q1,130390000.000000,92953438.000000,2019-04-30,-11989000.000000,1138707000.000000,1094734500.000000,526441000.000000,612266000.000000,1.181000,5.280000,-49580000.000000,61708000.000000,61708000.000000,1128714000.000000,-2369000.000000,1.329000,2.996000,277911000.000000,4591000.000000,273320000.000000,277911000.000000,47585000.000000,29949000.000000,0.000000,0.000000,0.000000,9353000.000000,39302000.000000,0.030000,39302000.000000,9353000.000000,-7166000.000000,-0.040000,-0.040000,-0.040000,284946000.000000,290174000.000000,284946000.000000,309156438.000000,33.000000,7.866000,-48877000.000000,-0.906000,1.000000,164199000.000000,0.127000,158300000.000000,16519000.000000,800559000.000000,767539000.000000,0.000000,224223000.000000,203592000.000000,20631000.000000,853761000.000000,396051000.000000,457710000.000000,21490000.000000,0.000000,821000.000000,10251000.000000,0.000000,11072000.000000,9715000.000000,59295000.000000,703000.000000,0.000000,-2369000.000000,-2369000.000000,-2369000.000000,0.000000,0.000000,-0.002000,154846000.000000,9353000.000000,233443000.000000,0.000000,0.326000,-39.237000,-42.969000,261858000.000000,0.000000,1.719000,0.072000,0.072000,140627004.000000,142763000.000000,1292913000.000000,1292913000.000000,0.000000,-0.002000,-0.008000,0.012000,0.007000,0.000000,138244000.000000,1.000000,54082000.000000,53970000.000000,,23.956000,980407000.000000,0.000000,-4797000.000000,0.000000,18.166000
ART,2000-06-30,2000-08-14,2000-06-30,2000-Q2,-113442000.000000,80170250.000000,2019-04-30,-12213000.000000,1037287000.000000,1098664250.000000,555791000.000000,481496000.000000,1.196000,1.442000,-41404000.000000,87081000.000000,87081000.000000,1228517000.000000,-217642000.000000,0.830000,12.298000,283168000.000000,223470000.000000,59698000.000000,283168000.000000,50066000.000000,31985000.000000,0.000000,0.000000,0.000000,-286764000.000000,-254779000.000000,-0.194000,-254779000.000000,-286764000.000000,-304306000.000000,-4.020000,-4.020000,-4.020000,78001000.000000,235854000.000000,78001000.000000,276257250.000000,-1.000000,-1.084000,-41341000.000000,-0.764000,1.000000,85632000.000000,0.065000,15578000.000000,17542000.000000,548563000.000000,718753000.000000,0.000000,219862000.000000,199182000.000000,20680000.000000,959286000.000000,669233000.000000,290053000.000000,33285000.000000,0.000000,1984000.000000,32628000.000000,0.000000,34612000.000000,-1390000.000000,66462300.000000,63000.000000,0.000000,-217642000.000000,-217642000.000000,-217642000.000000,0.000000,0.000000,-0.166000,372396000.000000,-286764000.000000,259687000.000000,0.000000,1.028000,-0.368000,-0.365000,186864000.000000,0.000000,1.469000,0.061000,0.060000,143005003.000000,-63954000.000000,1314149000.000000,1314149000.000000,0.000000,-0.198000,-0.923000,-0.399000,-0.218000,0.000000,138254000.000000,1.000000,54584000.000000,54082000.000000,,24.299000,1021709000.000000,0.000000,-86664000.000000,0.000000,18.892000
ART,2000-09-30,2000-11-14,2000-09-30,2000-Q3,-153167000.000000,163752000.000000,2019-04-30,-11292000.000000,1062578000.000000,1092171000.000000,585096000.000000,477482000.000000,1.254000,1.510000,-30037000.000000,78724000.000000,78724000.000000,1290755000.000000,-223836000.000000,0.793000,11.917000,281558000.000000,270228000.000000,11330000.000000,281558000.000000,21745000.000000,30721000.000000,0.000000,0.000000,0.000000,-294171000.000000,-263450000.000000,-0.192000,-263450000.000000,-294171000.000000,-313635000.000000,-4.135000,-4.020000,-4.135000,82263000.000000,180905500.000000,82263000.000000,366586000.000000,-1.000000,-1.391000,-24961000.000000,-0.458000,1.000000,78306000.000000,0.057000,15594000.000000,19464000.000000,511555000.000000,651844000.000000,0.000000,215466000.000000,195291000.000000,20175000.000000,980315000.000000,738263000.000000,242052000.000000,17900000.000000,0.000000,1572000.000000,-3852000.000000,0.000000,-2280000.000000,15104000.000000,45141000.000000,5076000.000000,0.000000,-223836000.000000,-223836000.000000,-223836000.000000,0.000000,0.000000,-0.163000,372477000.000000,-294171000.000000,286158000.000000,0.000000,1.991000,-0.732000,-0.726000,183899000.000000,0.000000,3.000000,0.120000,0.119000,187927000.000000,-61295000.000000,1369061000.000000,1369061000.000000,0.000000,-0.205000,-1.237000,-0.451000,-0.215000,0.000000,138335000.000000,1.000000,54584000.000000,54496000.000000,,25.122000,1046984000.000000,0.000000,-89799000.000000,0.000000,19.212000
ART,2000-12-31,2001-03-28,2000-12-31,2000-Q4,76414000.000000,108676350.000000,2019-04-30,-5667000.000000,1165100000.000000,1100918000.000000,669003000.000000,496097000.000000,1.265000,1.644000,-6993000.000000,186030000.000000,186030000.000000,1286388000.000000,-199915000.000000,1.129000,11.878000,313578000.000000,88223000.000000,225355000.000000,313578000.000000,48373000.000000,29915000.000000,0.000000,0.000000,0.000000,-250510000.000000,-220595000.000000,-0.158000,-220595000.000000,-250510000.000000,-274140000.000000,-3.685000,-3.685000,-3.685000,90473000.000000,133920750.000000,90473000.000000,236224350.000000,-1.000000,-1.071000,34092000.000000,0.620000,1.000000,106590000.000000,0.077000,15587000.000000,23630000.000000,684472000.000000,636287250.000000,0.000000,225236000.000000,207143000.000000,18093000.000000,1074627000.000000,592589000.000000,482038000.000000,105370000.000000,0.000000,1580000.000000,48148000.000000,0.000000,49728000.000000,14557000.000000,21550000.000000,41085000.000000,0.000000,-199915000.000000,-199915000.000000,-199915000.000000,0.000000,0.000000,-0.144000,357100000.000000,-250510000.000000,225586000.000000,0.000000,1.201000,-0.544000,-0.536000,173031000.000000,0.000000,1.975000,0.078000,0.078000,215292000.000000,-58708000.000000,1392978000.000000,1392978000.000000,0.000000,-0.182000,-1.493000,-0.394000,-0.180000,0.000000,136660000.000000,1.000000,55026000.000000,55026000.000000,,25.315000,1149513000.000000,114955000.000000,-74225000.000000,0.000000,20.890000
ART,2001-03-31,2001-05-14,2001-03-31,2001-Q1,49523000.000000,144443250.000000,2019-04-30,-4698000.000000,1146502000.000000,1102866750.000000,644833000.000000,501669000.000000,1.283000,1.733000,-1788000.000000,137472000.000000,137472000.000000,1310206000.000000,-198266000.000000,1.083000,11.032000,278511000.000000,87945000.000000,190566000.000000,278511000.000000,55272000.000000,27455000.000000,0.000000,0.000000,0.000000,-248462000.000000,-221007000.000000,-0.156000,-221007000.000000,-248462000.000000,-271661000.000000,-3.660000,-7.590000,-3.660000,95291000.000000,86507000.000000,95291000.000000,285482250.000000,-1.000000,-1.292000,104882000.000000,1.908000,1.000000,105085000.000000,0.074000,0.000000,23199000.000000,692231000.000000,609205250.000000,0.000000,258389000.000000,249321000.000000,9068000.000000,1051211000.000000,595310000.000000,455901000.000000,72546000.000000,0.000000,1319000.000000,-1235000.000000,0.000000,84000.000000,-34208000.000000,-32420000.000000,106670000.000000,0.000000,-198266000.000000,-198266000.000000,-198266000.000000,0.000000,0.000000,-0.140000,353547000.000000,-248462000.000000,303893000.000000,0.000000,1.516000,-0.729000,-0.717000,168042000.000000,0.000000,2.625000,0.102000,0.102000,88527000.000000,-55503000.000000,1415291000.000000,1415291000.000000,0.000000,-0.180000,-2.292000,-0.408000,-0.176000,0.000000,136007000.000000,1.000000,55026000.000000,54976000.000000,,25.744000,1146502000.000000,113088000.000000,-73395000.000000,0.000000,20.855000
ART,2001-06-30,2001-08-14,2001-06-30,2001-Q2,70077000.000000,278710000.000000,2019-04-30,-7256000.000000,1118636000.000000,1123204000.000000,607562000.000000,511074000.000000,1.284000,1.736000,1773000.000000,158481000.000000,158481000.000000,1271068000.000000,11246000.000000,1.130000,10.707000,251991000.000000,43175000.000000,208816000.000000,251991000.000000,59815000.000000,24736000.000000,0.000000,0.000000,0.000000,40431000.000000,65167000.000000,0.045000,65167000.000000,40431000.000000,16836000.000000,0.210000,-3.720000,0.210000,95553000.000000,90895000.000000,95553000.000000,372220000.000000,9.000000,5.712000,102475000.000000,1.862000,1.000000,171505000.000000,0.119000,0.000000,23595000.000000,674661000.000000,640729750.000000,0.000000,221243000.000000,212071000.000000,9172000.000000,1023083000.000000,537485000.000000,485598000.000000,68961000.000000,0.000000,1349000.000000,-33012000.000000,0.000000,-31663000.000000,-78000.000000,-1851000.000000,100702000.000000,0.000000,11246000.000000,11246000.000000,11246000.000000,0.000000,0.000000,0.008000,131074000.000000,40431000.000000,285418000.000000,0.000000,2.917000,24.783000,23.810000,164159000.000000,0.000000,5.000000,0.193000,0.191000,69204000.000000,-52708000.000000,1442573000.000000,1442573000.000000,0.000000,0.010000,0.124000,0.063000,0.028000,0.000000,138874000.000000,1.000000,55742000.000000,55030000.000000,,26.214000,1118636000.000000,122986000.000000,5590000.000000,0.000000,20.328000
ART,2001-09-30,2001-11-13,2001-09-30,2001-Q3,96985000.000000,204360400.000000,2019-04-30,-2477000.000000,1116200000.000000,1136609500.000000,641835000.000000,474365000.000000,1.268000,1.693000,13262000.000000,185856000.000000,185856000.000000,1276996000.000000,1023000.000000,1.178000,10.838000,231072000.000000,36617000.000000,194455000.000000,231072000.000000,61200000.000000,25138000.000000,0.000000,0.000000,0.000000,22858000.000000,47996000.000000,0.033000,47996000.000000,22858000.000000,1540000.000000,0.025000,-4.020000,0.025000,94289000.000000,93901500.000000,94289000.000000,249576400.000000,11.000000,5.200000,157575000.000000,2.829000,1.000000,164423000.000000,0.114000,0.000000,21318000.000000,616566000.000000,666982500.000000,0.000000,223688000.000000,214411000.000000,9277000.000000,1021911000.000000,544850000.000000,477061000.000000,104987000.000000,0.000000,2188000.000000,-52322000.000000,0.000000,-50134000.000000,10808000.000000,-2454000.000000,144313000.000000,0.000000,1023000.000000,1023000.000000,1023000.000000,0.000000,0.000000,0.001000,141565000.000000,22858000.000000,289894000.000000,0.000000,2.167000,199.766000,146.600000,147645000.000000,0.000000,3.665000,0.142000,0.142000,62979000.000000,-60262000.000000,1441419000.000000,1441419000.000000,0.000000,0.001000,0.011000,0.034000,0.016000,0.000000,142780000.000000,1.000000,55760000.000000,55702000.000000,,25.877000,1116200000.000000,112649000.000000,517000.000000,0.000000,20.039000
ART,2001-09-30,2002-02-28,2001-09-30,2001-Q3,97606000.000000,303892000.000000,2019-04-30,-2477000.000000,1116200000.000000,1136609500.000000,642716000.000000,473484000.000000,1.268000,1.693000,13262000.000000,173817000.000000,173817000.000000,1276996000.000000,1023000.000000,1.179000,10.838000,196949000.000000,2754000.000000,194195000.000000,196949000.000000,51146000.000000,25138000.000000,0.000000,0.000000,0.000000,22858000.000000,47996000.000000,0.033000,47996000.000000,22858000.000000,1540000.000000,0.025000,-4.020000,0.025000,94289000.000000,93901500.000000,94289000.000000,327024000.000000,14.000000,6.814000,157575000.000000,2.829000,1.000000,164423000.000000,0.114000,0.000000,21318000.000000,594222000.000000,666982500.000000,0.000000,223489000.000000,214212000.000000,9277000.000000,1021911000.000000,545110000.000000,476801000.000000,104987000.000000,0.000000,2188000.000000,-52322000.000000,0.000000,-50134000.000000,10808000.000000,-2454000.000000,144313000.000000,0.000000,1023000.000000,1023000.000000,1023000.000000,0.000000,0.000000,0.001000,141565000.000000,22858000.000000,240273000.000000,0.000000,3.223000,297.060000,218.000000,147042000.000000,0.000000,5.450000,0.211000,0.211000,60113000.000000,-60262000.000000,1441419000.000000,1441419000.000000,0.000000,0.001000,0.011000,0.034000,0.016000,0.000000,142780000.000000,1.000000,55760000.000000,55702000.000000,,25.877000,1116200000.000000,112649000.000000,517000.000000,0.000000,20.039000
ART,2001-12-31,2002-03-29,2001-12-31,2001-Q4,106119000.000000,367691880.000000,2019-04-30,-5636000.000000,1069962000.000000,1112825000.000000,635360000.000000,434602000.000000,1.161000,1.717000,-2169000.000000,141765000.000000,141765000.000000,1128952000.000000,3486000.000000,1.201000,10.086000,183371000.000000,1612000.000000,181759000.000000,183371000.000000,52919000.000000,25547000.000000,0.000000,0.000000,0.000000,30852000.000000,56399000.000000,0.044000,56399000.000000,30852000.000000,12289000.000000,0.065000,0.060000,0.065000,96519000.000000,95413000.000000,96519000.000000,409297880.000000,13.000000,7.257000,,,1.000000,162549000.000000,0.126000,14782000.000000,18563000.000000,567545000.000000,637750750.000000,0.000000,269196000.000000,260762000.000000,8434000.000000,973443000.000000,529241000.000000,444202000.000000,-41810000.000000,0.000000,2090000.000000,-81041000.000000,0.000000,-78951000.000000,-53299000.000000,-51130000.000000,,0.000000,3486000.000000,3486000.000000,3486000.000000,13980000.000000,0.000000,0.003000,117717000.000000,44832000.000000,180501000.000000,0.000000,3.810000,105.477000,100.615000,141451000.000000,0.000000,6.540000,0.285000,0.285000,206373000.000000,-55222000.000000,1291501000.000000,1291501000.000000,0.000000,0.003000,0.037000,0.048000,0.024000,342000.000000,117717000.000000,1.000000,56222000.000000,56222000.000000,,22.971000,1055180000.000000,112905000.000000,8803000.000000,0.000000,18.768000
ART,2002-03-31,2002-05-10,2002-03-31,2002-Q1,146301000.000000,520497500.000000,2019-04-30,-8719000.000000,1011212000.000000,1079002500.000000,644660000.000000,366552000.000000,1.324000,1.824000,-4375000.000000,127474000.000000,127474000.000000,1263326000.000000,7662000.000000,1.294000,8.872000,135633000.000000,1622000.000000,134011000.000000,135633000.000000,29844000.000000,24985000.000000,0.000000,0.000000,0.000000,28190000.000000,53175000.000000,0.037000,53175000.000000,28190000.000000,11841000.000000,0.140000,0.125000,0.140000,102429000.000000,97197500.000000,102429000.000000,528656500.000000,19.000000,9.942000,,,1.000000,165010000.000000,0.116000,14782000.000000,16349000.000000,506230000.000000,591250500.000000,0.000000,289840000.000000,282062000.000000,7778000.000000,908783000.000000,498359000.000000,410424000.000000,494000.000000,0.000000,2892000.000000,-41877000.000000,0.000000,-38985000.000000,-44502000.000000,-40127000.000000,,0.000000,7662000.000000,7662000.000000,7662000.000000,611000.000000,0.000000,0.005000,136209000.000000,28801000.000000,264517000.000000,0.000000,5.082000,67.932000,66.071000,95866000.000000,0.000000,9.250000,0.364000,0.364000,71542000.000000,-47841000.000000,1428336000.000000,1428336000.000000,0.000000,0.007000,0.079000,0.048000,0.020000,488000.000000,137424000.000000,1.000000,56270000.000000,56166000.000000,,25.431000,996430000.000000,97280000.000000,4179000.000000,0.000000,17.741000
ART,2002-06-30,2002-08-14,2002-06-30,2002-Q2,142159000.000000,647023650.000000,2019-04-30,-4524000.000000,998383000.000000,1048939250.000000,668764000.000000,329619000.000000,1.361000,2.113000,-4311000.000000,108695000.000000,108695000.000000,1252572000.000000,15390000.000000,1.270000,7.376000,95388000.000000,1623000.000000,93765000.000000,95388000.000000,28350000.000000,23779000.000000,0.000000,0.000000,0.000000,36219000.000000,59998000.000000,0.042000,59998000.000000,36219000.000000,23462000.000000,0.275000,0.245000,0.275000,119202000.000000,103109750.000000,119202000.000000,633716650.000000,17.000000,10.562000,,,1.000000,175396000.000000,0.123000,14782000.000000,12757000.000000,443689000.000000,533507500.000000,0.000000,328656000.000000,323245000.000000,5411000.000000,879181000.000000,526605000.000000,352576000.000000,-42694000.000000,0.000000,4805000.000000,-49875000.000000,0.000000,-45070000.000000,-106473000.000000,-102162000.000000,,0.000000,15390000.000000,15390000.000000,15390000.000000,611000.000000,0.000000,0.011000,138566000.000000,36830000.000000,193163000.000000,0.000000,5.428000,42.042000,40.855000,86914000.000000,0.000000,11.235000,0.453000,0.444000,68623000.000000,-37318000.000000,1427968000.000000,1427968000.000000,0.000000,0.015000,0.149000,0.068000,0.025000,634000.000000,131981000.000000,1.000000,57590000.000000,56414000.000000,,25.312000,983601000.000000,90674000.000000,8072000.000000,0.000000,17.435000
ART,2002-09-30,2002-11-14,2002-09-30,2002-Q3,142467000.000000,324710540.000000,2019-04-30,2031000.000000,1029577000.000000,1027283500.000000,731903000.000000,297674000.000000,1.395000,2.632000,-14972000.000000,128625000.000000,128625000.000000,1241948000.000000,37007000.000000,1.242000,5.707000,67852000.000000,51617000.000000,16235000.000000,67852000.000000,30138000.000000,22313000.000000,0.000000,0.000000,0.000000,65252000.000000,87565000.000000,0.061000,87565000.000000,65252000.000000,54997000.000000,0.650000,0.600000,0.650000,153511000.000000,117915250.000000,153511000.000000,263937540.000000,4.000000,3.014000,,,1.000000,191016000.000000,0.133000,14782000.000000,10255000.000000,364586000.000000,470512500.000000,0.000000,397323000.000000,394596000.000000,2727000.000000,876066000.000000,589436000.000000,286630000.000000,-53916000.000000,0.000000,10103000.000000,-41656000.000000,0.000000,-14691000.000000,-175544000.000000,-160572000.000000,,0.000000,37007000.000000,37007000.000000,37007000.000000,-1317000.000000,0.000000,0.026000,127081000.000000,63935000.000000,196597000.000000,0.000000,2.115000,8.774000,8.454000,62857000.000000,0.000000,5.495000,0.227000,0.224000,64801000.000000,-27543000.000000,1432964000.000000,1432964000.000000,0.000000,0.036000,0.314000,0.139000,0.046000,780000.000000,127081000.000000,1.000000,59092000.000000,58332000.000000,,24.566000,1014795000.000000,85981000.000000,17990000.000000,0.000000,17.397000
ART,2002-12-31,2003-03-25,2002-12-31,2002-Q4,122252000.000000,358696000.000000,2019-04-30,381000.000000,1065966000.000000,1026284500.000000,920428000.000000,145538000.000000,1.246000,2.837000,-11712000.000000,63335000.000000,63335000.000000,1072665000.000000,36448000.000000,1.153000,5.808000,60896000.000000,186000.000000,60710000.000000,60896000.000000,40758000.000000,18245000.000000,0.000000,0.000000,0.000000,66023000.000000,84268000.000000,0.066000,84268000.000000,66023000.000000,58536000.000000,0.635000,0.585000,0.635000,156565000.000000,132926750.000000,156565000.000000,356257000.000000,5.000000,4.228000,124925000.000000,2.264000,1.000000,205970000.000000,0.161000,14782000.000000,7487000.000000,250569000.000000,391268500.000000,0.000000,182452000.000000,182452000.000000,0.000000,909401000.000000,798176000.000000,111225000.000000,-61336000.000000,0.000000,10159000.000000,-30399000.000000,0.000000,-3378000.000000,-146666000.000000,-134954000.000000,136637000.000000,0.000000,36448000.000000,36448000.000000,36448000.000000,5860000.000000,0.000000,0.029000,133979000.000000,71991000.000000,192503000.000000,0.000000,2.291000,9.841000,10.236000,64868000.000000,0.000000,6.500000,0.281000,0.281000,58358000.000000,-23061000.000000,1278635000.000000,1278635000.000000,0.000000,0.036000,0.274000,0.169000,0.052000,585000.000000,133979000.000000,1.000000,55184000.000000,55184000.000000,,23.170000,1051184000.000000,65349000.000000,22088000.000000,0.000000,19.049000
ART,2003-03-31,2003-05-12,2003-03-31,2003-Q1,150848000.000000,492304010.000000,2019-04-30,892000.000000,1100713000.000000,1048659750.000000,939024000.000000,161689000.000000,1.223000,2.667000,-14690000.000000,129988000.000000,129988000.000000,1061495000.000000,44089000.000000,1.191000,6.516000,115837000.000000,509000.000000,115328000.000000,115837000.000000,11575000.000000,16849000.000000,0.000000,0.000000,0.000000,76905000.000000,93754000.000000,0.073000,93754000.000000,76905000.000000,70675000.000000,0.760000,0.705000,0.760000,146443000.000000,143930250.000000,146443000.000000,478153010.000000,6.000000,5.100000,91033000.000000,1.658000,1.000000,220830000.000000,0.172000,14782000.000000,6230000.000000,283604000.000000,335612000.000000,0.000000,133573000.000000,133573000.000000,0.000000,954270000.000000,788176000.000000,166094000.000000,20727000.000000,0.000000,-17263000.000000,15040000.000000,0.000000,14639000.000000,-74480000.000000,-59790000.000000,105723000.000000,0.000000,44089000.000000,44089000.000000,44089000.000000,6266000.000000,0.000000,0.034000,137540000.000000,83290000.000000,199910000.000000,0.000000,3.362000,11.166000,11.796000,62941000.000000,0.000000,8.965000,0.384000,0.384000,70608000.000000,-8039000.000000,1282325000.000000,1282325000.000000,0.000000,0.042000,0.306000,0.229000,0.060000,586000.000000,137540000.000000,1.000000,54914000.000000,54914000.000000,,23.352000,1085931000.000000,60972000.000000,26586000.000000,0.000000,19.775000
ART,2003-06-30,2003-08-14,2003-06-30,2003-Q2,174113000.000000,693561120.000000,2019-04-30,552000.000000,1098383000.000000,1073659750.000000,939602000.000000,158781000.000000,1.200000,2.897000,-17603000.000000,96440000.000000,96440000.000000,1050506000.000000,53831000.000000,1.227000,5.604000,115436000.000000,140000.000000,115296000.000000,115436000.000000,12882000.000000,15606000.000000,0.000000,0.000000,0.000000,91847000.000000,107453000.000000,0.083000,107453000.000000,91847000.000000,86040000.000000,0.945000,0.870000,0.945000,166332000.000000,155712750.000000,166332000.000000,712557120.000000,8.000000,6.631000,61449000.000000,1.070000,1.000000,238056000.000000,0.185000,14782000.000000,5807000.000000,337108000.000000,308966750.000000,0.000000,146616000.000000,146616000.000000,0.000000,932051000.000000,765489000.000000,166562000.000000,10731000.000000,0.000000,-23198000.000000,48934000.000000,0.000000,42598000.000000,-60177000.000000,-42574000.000000,79052000.000000,0.000000,53831000.000000,53831000.000000,53831000.000000,6511000.000000,0.000000,0.042000,139247000.000000,98809000.000000,203132000.000000,0.000000,4.170000,12.884000,12.783000,62275000.000000,0.000000,12.080000,0.538000,0.538000,86294000.000000,11475000.000000,1288562000.000000,1288562000.000000,0.000000,0.050000,0.346000,0.297000,0.071000,586000.000000,139247000.000000,1.000000,57414000.000000,57414000.000000,,22.443000,1083601000.000000,57104000.000000,32209000.000000,0.000000,18.873000
ART,2003-09-30,2003-11-06,2003-09-30,2003-Q3,196207000.000000,681739520.000000,2019-04-30,-1414000.000000,1145010000.000000,1102518000.000000,991297000.000000,153713000.000000,1.176000,3.274000,-19852000.000000,145972000.000000,145972000.000000,1042290000.000000,61975000.000000,1.247000,5.321000,116727000.000000,696000.000000,116031000.000000,116727000.000000,12472000.000000,14790000.000000,0.000000,0.000000,0.000000,105666000.000000,120456000.000000,0.093000,120456000.000000,105666000.000000,99876000.000000,1.095000,1.010000,1.095000,181153000.000000,162623250.000000,181153000.000000,652494520.000000,6.000000,5.417000,44880000.000000,0.811000,1.000000,254185000.000000,0.196000,14782000.000000,5790000.000000,305893000.000000,294293500.000000,0.000000,138465000.000000,138465000.000000,0.000000,963857000.000000,795090000.000000,168767000.000000,43411000.000000,0.000000,-40160000.000000,62228000.000000,0.000000,22068000.000000,-919000.000000,18933000.000000,64732000.000000,0.000000,61975000.000000,61975000.000000,61975000.000000,8409000.000000,0.000000,0.048000,139759000.000000,114426000.000000,219706000.000000,0.000000,3.763000,11.000000,11.251000,62398000.000000,0.000000,12.320000,0.526000,0.526000,84371000.000000,33484000.000000,1296475000.000000,1296475000.000000,0.000000,0.056000,0.381000,0.359000,0.082000,532000.000000,139759000.000000,1.000000,55336000.000000,55336000.000000,,23.429000,1130228000.000000,50570000.000000,37901000.000000,0.000000,20.425000
ART,2003-12-31,2004-03-05,2003-12-31,2003-Q4,171652000.000000,945257700.000000,2019-04-30,-479000.000000,1134121000.000000,1119556750.000000,980457000.000000,153664000.000000,1.326000,2.787000,-18518000.000000,136119000.000000,136119000.000000,1215419000.000000,62326000.000000,1.212000,6.522000,116808000.000000,163000.000000,116645000.000000,116808000.000000,45888000.000000,15929000.000000,0.000000,0.000000,0.000000,112382000.000000,128311000.000000,0.086000,128311000.000000,112382000.000000,106891000.000000,1.110000,1.025000,1.110000,150764000.000000,161173000.000000,150764000.000000,925946700.000000,8.000000,7.216000,133345000.000000,2.465000,1.000000,269660000.000000,0.182000,14782000.000000,5491000.000000,291223000.000000,304457000.000000,0.000000,197573000.000000,197573000.000000,0.000000,983357000.000000,808805000.000000,174552000.000000,72695000.000000,0.000000,-80314000.000000,49925000.000000,0.000000,-30389000.000000,-31028000.000000,-12510000.000000,151863000.000000,0.000000,62326000.000000,62326000.000000,62326000.000000,19792000.000000,0.000000,0.042000,137263000.000000,132397000.000000,218141000.000000,0.000000,6.270000,15.166000,15.743000,63109000.000000,0.000000,17.475000,0.637000,0.637000,59469000.000000,36419000.000000,1485079000.000000,1485079000.000000,0.000000,0.056000,0.387000,0.369000,0.076000,451000.000000,137263000.000000,1.000000,54092000.000000,54092000.000000,,27.455000,1119339000.000000,45209000.000000,44565000.000000,0.000000,20.693000
ART,2004-03-31,2004-04-28,2004-03-31,2004-Q1,114503000.000000,1057360380.000000,2019-04-30,303000.000000,699115000.000000,1019157250.000000,470940000.000000,228175000.000000,1.512000,2.999000,-14359000.000000,167349000.000000,167349000.000000,1251499000.000000,73133000.000000,1.321000,3.333000,115318000.000000,62000.000000,115256000.000000,115318000.000000,21974000.000000,16101000.000000,0.000000,0.000000,0.000000,129320000.000000,145421000.000000,0.094000,145421000.000000,129320000.000000,124284000.000000,1.335000,1.150000,1.335000,161339000.000000,164897000.000000,161339000.000000,1005329380.000000,8.000000,6.913000,170448000.000000,3.168000,1.000000,289500000.000000,0.188000,14782000.000000,5036000.000000,275865000.000000,302522250.000000,0.000000,241808000.000000,179808000.000000,62000000.000000,537776000.000000,356437000.000000,181339000.000000,35732000.000000,0.000000,-76435000.000000,-1592000.000000,0.000000,-78027000.000000,-55467000.000000,-41108000.000000,184807000.000000,0.000000,73133000.000000,73133000.000000,73133000.000000,19872000.000000,0.000000,0.047000,140218000.000000,149282000.000000,222097000.000000,0.000000,6.554000,14.458000,14.723000,62160000.000000,0.000000,19.655000,0.686000,0.686000,56474000.000000,60992000.000000,1540999000.000000,1540999000.000000,0.000000,0.072000,0.444000,0.427000,0.084000,326000.000000,140218000.000000,1.000000,53796000.000000,53796000.000000,,28.645000,684333000.000000,43651000.000000,51151000.000000,0.000000,12.721000
ART,2004-06-30,2004-07-28,2004-06-30,2004-Q2,117535000.000000,1135529720.000000,2019-04-30,-831000.000000,681852000.000000,915024500.000000,449375000.000000,232477000.000000,1.762000,3.119000,-16824000.000000,196853000.000000,196853000.000000,1283218000.000000,91089000.000000,1.354000,3.079000,115331000.000000,43000.000000,115288000.000000,115331000.000000,20202000.000000,16488000.000000,0.000000,0.000000,0.000000,157809000.000000,174297000.000000,0.108000,174297000.000000,157809000.000000,153128000.000000,1.680000,1.365000,1.680000,167164000.000000,165105000.000000,167164000.000000,1054007720.000000,7.000000,6.047000,197409000.000000,3.684000,1.000000,328815000.000000,0.204000,14782000.000000,4681000.000000,253708000.000000,281672250.000000,0.000000,201757000.000000,139757000.000000,62000000.000000,514688000.000000,331840000.000000,182848000.000000,98505000.000000,0.000000,-116180000.000000,-1002000.000000,0.000000,-117182000.000000,-13964000.000000,2860000.000000,214233000.000000,0.000000,91089000.000000,91089000.000000,91089000.000000,19627000.000000,0.000000,0.057000,151662000.000000,177153000.000000,198688000.000000,0.000000,6.793000,12.466000,12.613000,64422000.000000,0.000000,21.190000,0.704000,0.704000,55551000.000000,94936000.000000,1612033000.000000,1612033000.000000,0.000000,0.100000,0.552000,0.560000,0.098000,1109000.000000,151662000.000000,1.000000,53588000.000000,53588000.000000,,30.082000,667070000.000000,39091000.000000,62039000.000000,0.000000,12.448000
ART,2004-09-30,2004-10-26,2004-09-30,2004-Q3,127059000.000000,1246174400.000000,2019-04-30,-112000.000000,676632000.000000,797930000.000000,426561000.000000,250071000.000000,2.025000,3.460000,-21556000.000000,214677000.000000,214677000.000000,1263053000.000000,99609000.000000,1.424000,2.703000,125430000.000000,78000.000000,125352000.000000,125430000.000000,17502000.000000,16551000.000000,0.000000,0.000000,0.000000,171187000.000000,187738000.000000,0.116000,187738000.000000,171187000.000000,166580000.000000,1.870000,1.455000,1.870000,182718000.000000,165496250.000000,182718000.000000,1156927400.000000,7.000000,6.162000,159061000.000000,3.012000,1.000000,353023000.000000,0.218000,14782000.000000,4607000.000000,273101000.000000,273474250.000000,0.000000,173735000.000000,111735000.000000,62000000.000000,493914000.000000,299502000.000000,194412000.000000,65511000.000000,0.000000,-129779000.000000,8384000.000000,0.000000,-121395000.000000,-2867000.000000,18689000.000000,180617000.000000,0.000000,99609000.000000,99609000.000000,99609000.000000,19657000.000000,0.000000,0.062000,162313000.000000,190710000.000000,173042000.000000,0.000000,6.820000,12.511000,12.620000,69432000.000000,0.000000,23.600000,0.771000,0.771000,49964000.000000,125710000.000000,1616076000.000000,1616076000.000000,0.000000,0.125000,0.602000,0.626000,0.106000,4517000.000000,162313000.000000,1.000000,52804000.000000,52804000.000000,,30.605000,661850000.000000,35206000.000000,66971000.000000,0.000000,12.534000
ART,2004-12-31,2005-03-14,2004-12-31,2004-Q4,152666000.000000,1629127000.000000,2019-04-30,-245000.000000,689780000.000000,686844750.000000,450974000.000000,238806000.000000,2.294000,3.776000,-23102000.000000,225643000.000000,225643000.000000,1196199000.000000,122737000.000000,1.512000,2.420000,125495000.000000,100000.000000,125395000.000000,125495000.000000,50763000.000000,17084000.000000,0.000000,0.000000,0.000000,197517000.000000,214601000.000000,0.136000,214601000.000000,197517000.000000,192833000.000000,2.305000,1.785000,2.305000,201697000.000000,178229500.000000,201697000.000000,1528979000.000000,8.000000,7.125000,143079000.000000,2.679000,1.000000,379236000.000000,0.241000,14782000.000000,4684000.000000,276542000.000000,269804000.000000,0.000000,194264000.000000,147264000.000000,47000000.000000,488083000.000000,298308000.000000,189775000.000000,86817000.000000,0.000000,-106975000.000000,8434000.000000,0.000000,-98541000.000000,17360000.000000,40462000.000000,166181000.000000,0.000000,122737000.000000,122737000.000000,122737000.000000,389000.000000,0.000000,0.078000,181434000.000000,197802000.000000,143521000.000000,0.000000,8.077000,13.273000,13.232000,71152000.000000,0.000000,30.500000,1.034000,1.034000,40602000.000000,153357000.000000,1575435000.000000,1575435000.000000,0.000000,0.179000,0.689000,0.732000,0.125000,7332000.000000,181434000.000000,1.000000,53414000.000000,53414000.000000,,29.495000,674998000.000000,30835000.000000,70096000.000000,0.000000,12.637000
ART,2005-03-31,2005-04-27,2005-03-31,2005-Q1,191725000.000000,1698463260.000000,2019-04-30,-684000.000000,725953000.000000,693554250.000000,493343000.000000,232610000.000000,2.167000,4.438000,-23863000.000000,127836000.000000,127836000.000000,1116406000.000000,126313000.000000,1.636000,2.061000,125471000.000000,97000.000000,125374000.000000,125471000.000000,13925000.000000,16723000.000000,0.000000,0.000000,0.000000,201982000.000000,218705000.000000,0.146000,218705000.000000,201982000.000000,196832000.000000,2.380000,1.850000,2.380000,237163000.000000,197185500.000000,237163000.000000,1696098260.000000,8.000000,7.755000,133493000.000000,2.498000,1.000000,386677000.000000,0.257000,14782000.000000,5150000.000000,407188000.000000,302634750.000000,0.000000,326525000.000000,279525000.000000,47000000.000000,488790000.000000,301618000.000000,187172000.000000,-36036000.000000,0.000000,-85799000.000000,9900000.000000,0.000000,-75899000.000000,-118271000.000000,-94408000.000000,157356000.000000,0.000000,126313000.000000,126313000.000000,126313000.000000,-935000.000000,0.000000,0.084000,185711000.000000,200966000.000000,152661000.000000,0.000000,7.162000,13.446000,13.355000,69669000.000000,0.000000,31.785000,1.130000,1.130000,20058000.000000,182050000.000000,1503083000.000000,1503083000.000000,0.000000,0.182000,0.641000,0.667000,0.134000,8534000.000000,185711000.000000,1.000000,53436000.000000,53436000.000000,,28.129000,711171000.000000,31931000.000000,70519000.000000,0.000000,13.309000
ART,2005-06-30,2005-07-26,2005-06-30,2005-Q2,186561000.000000,1852915020.000000,2019-04-30,-395000.000000,650118000.000000,685620750.000000,415370000.000000,234748000.000000,2.056000,4.894000,-21162000.000000,129731000.000000,129731000.000000,1031064000.000000,121928000.000000,1.815000,1.330000,81465000.000000,97000.000000,81368000.000000,81465000.000000,16201000.000000,16306000.000000,0.000000,0.000000,0.000000,197446000.000000,213752000.000000,0.152000,213752000.000000,197446000.000000,189122000.000000,2.285000,1.805000,2.285000,278984000.000000,225140500.000000,278984000.000000,1804649020.000000,9.000000,8.443000,105958000.000000,1.859000,1.000000,378807000.000000,0.269000,14782000.000000,8324000.000000,358261000.000000,328773000.000000,0.000000,281488000.000000,234488000.000000,47000000.000000,371134000.000000,228809000.000000,142325000.000000,-67217000.000000,0.000000,-78690000.000000,-91000.000000,0.000000,-78781000.000000,-113989000.000000,-92827000.000000,127120000.000000,0.000000,121928000.000000,121928000.000000,121928000.000000,-935000.000000,0.000000,0.086000,182638000.000000,196169000.000000,128254000.000000,0.000000,6.642000,15.197000,14.225000,69302000.000000,0.000000,32.505000,1.314000,1.314000,17573000.000000,212913000.000000,1409871000.000000,1409871000.000000,0.000000,0.178000,0.542000,0.601000,0.140000,9550000.000000,182638000.000000,1.000000,57004000.000000,57004000.000000,,24.733000,635336000.000000,33835000.000000,67194000.000000,0.000000,11.145000
ART,2005-09-30,2005-10-26,2005-09-30,2005-Q3,146732000.000000,2012802260.000000,2019-04-30,-1304000.000000,690985000.000000,689209000.000000,462553000.000000,228432000.000000,1.979000,4.398000,-14902000.000000,105765000.000000,105765000.000000,990498000.000000,119643000.000000,1.465000,1.733000,62439000.000000,104000.000000,62335000.000000,62439000.000000,91274000.000000,15879000.000000,0.000000,0.000000,0.000000,193696000.000000,209575000.000000,0.154000,209575000.000000,193696000.000000,184602000.000000,2.205000,1.790000,2.205000,252834000.000000,242669500.000000,252834000.000000,1969476260.000000,10.000000,9.397000,207434000.000000,3.609000,1.000000,373536000.000000,0.274000,14782000.000000,9094000.000000,317056000.000000,339761750.000000,0.000000,350056000.000000,303056000.000000,47000000.000000,438151000.000000,315821000.000000,122330000.000000,-107873000.000000,0.000000,-142218000.000000,-97000.000000,0.000000,-142315000.000000,-187817000.000000,-172915000.000000,222336000.000000,0.000000,119643000.000000,119643000.000000,119643000.000000,-935000.000000,0.000000,0.088000,181593000.000000,191943000.000000,130048000.000000,0.000000,7.961000,16.823000,15.880000,68439000.000000,0.000000,35.015000,1.476000,1.476000,19049000.000000,239269000.000000,1364034000.000000,1364034000.000000,0.000000,0.174000,0.493000,0.570000,0.142000,7758000.000000,181593000.000000,1.000000,57484000.000000,57484000.000000,,23.729000,676203000.000000,35070000.000000,64959000.000000,0.000000,11.763000
ART,2005-12-31,2006-02-21,2005-12-31,2005-Q4,171261000.000000,2482884560.000000,2019-04-30,-1750000.000000,668846000.000000,683975500.000000,438355000.000000,230491000.000000,2.025000,4.882000,-13027000.000000,106311000.000000,106311000.000000,1023146000.000000,120017000.000000,1.641000,1.353000,52413000.000000,106000.000000,52307000.000000,52413000.000000,49067000.000000,14951000.000000,0.000000,0.000000,0.000000,190516000.000000,205467000.000000,0.148000,205467000.000000,190516000.000000,181725000.000000,2.160000,1.810000,2.160000,284252000.000000,263308250.000000,284252000.000000,2428986560.000000,13.000000,11.822000,153805000.000000,2.641000,1.000000,361890000.000000,0.261000,14782000.000000,8791000.000000,333072000.000000,353894250.000000,0.000000,328250000.000000,281250000.000000,47000000.000000,384594000.000000,267094000.000000,117500000.000000,-119560000.000000,0.000000,-132044000.000000,-10101000.000000,0.000000,-142145000.000000,-144247000.000000,-131220000.000000,166832000.000000,0.000000,120017000.000000,120017000.000000,120017000.000000,0.000000,0.000000,0.087000,172473000.000000,189417000.000000,138214000.000000,0.000000,8.735000,20.688000,19.741000,71357000.000000,0.000000,42.640000,1.793000,1.793000,14879000.000000,262559000.000000,1385036000.000000,1385036000.000000,0.000000,0.175000,0.456000,0.538000,0.138000,7391000.000000,172473000.000000,1.000000,58229000.000000,58229000.000000,,23.786000,654064000.000000,37215000.000000,61708000.000000,0.000000,11.233000
ART,2006-03-31,2006-04-27,2006-03-31,2006-Q1,134038000.000000,2034945700.000000,2019-04-30,-2798000.000000,767355000.000000,694326000.000000,524483000.000000,242872000.000000,2.142000,4.284000,-13560000.000000,117121000.000000,117121000.000000,1110741000.000000,123283000.000000,1.343000,2.200000,71887000.000000,118000.000000,71769000.000000,71887000.000000,110221000.000000,15555000.000000,0.000000,0.000000,0.000000,195450000.000000,211005000.000000,0.142000,211005000.000000,195450000.000000,187514000.000000,2.180000,1.885000,2.180000,239821000.000000,263972750.000000,239821000.000000,1989711700.000000,10.000000,9.430000,259419000.000000,4.634000,1.000000,376684000.000000,0.253000,14782000.000000,7936000.000000,316894000.000000,331320750.000000,0.000000,378253000.000000,331253000.000000,47000000.000000,527534000.000000,390445000.000000,137089000.000000,-15775000.000000,0.000000,-214445000.000000,9898000.000000,0.000000,-199438000.000000,-86941000.000000,-73381000.000000,272979000.000000,0.000000,123283000.000000,123283000.000000,123283000.000000,0.000000,0.000000,0.083000,182201000.000000,194483000.000000,165220000.000000,0.000000,8.485000,16.506000,16.674000,69716000.000000,0.000000,36.350000,1.368000,1.368000,15604000.000000,290573000.000000,1487425000.000000,1487425000.000000,0.000000,0.178000,0.467000,0.590000,0.131000,2718000.000000,182201000.000000,1.000000,55982000.000000,55982000.000000,,26.570000,752573000.000000,40259000.000000,64231000.000000,0.000000,13.443000
ART,2006-06-30,2006-07-26,2006-06-30,2006-Q2,115635000.000000,2521828610.000000,2019-04-30,-3875000.000000,754105000.000000,720322750.000000,487797000.000000,266308000.000000,2.171000,4.360000,-15254000.000000,114935000.000000,114935000.000000,1182787000.000000,122981000.000000,1.311000,2.077000,71860000.000000,110000.000000,71750000.000000,71860000.000000,114157000.000000,15694000.000000,0.000000,0.000000,0.000000,191258000.000000,206952000.000000,0.132000,206952000.000000,191258000.000000,186669000.000000,2.160000,1.920000,2.160000,245073000.000000,255495000.000000,245073000.000000,2478753610.000000,13.000000,11.977000,250085000.000000,4.450000,1.000000,381049000.000000,0.244000,14782000.000000,4589000.000000,324086000.000000,322777000.000000,0.000000,331945000.000000,284945000.000000,47000000.000000,509032000.000000,372162000.000000,136870000.000000,-15567000.000000,0.000000,-211551000.000000,19895000.000000,0.000000,-181396000.000000,-99510000.000000,-84256000.000000,265339000.000000,0.000000,122981000.000000,122981000.000000,122981000.000000,0.000000,0.000000,0.079000,190465000.000000,190584000.000000,149837000.000000,0.000000,10.290000,20.506000,20.773000,71149000.000000,0.000000,44.870000,1.613000,1.613000,13940000.000000,317197000.000000,1563836000.000000,1563836000.000000,0.000000,0.171000,0.481000,0.593000,0.122000,-2996000.000000,190465000.000000,1.000000,56203000.000000,56203000.000000,,27.825000,739323000.000000,41554000.000000,63688000.000000,0.000000,13.155000
ART,2006-09-30,2006-10-26,2006-09-30,2006-Q3,142090000.000000,2014446050.000000,2019-04-30,-2235000.000000,718117000.000000,727105750.000000,455482000.000000,262635000.000000,2.264000,5.199000,-17644000.000000,97236000.000000,97236000.000000,1246998000.000000,129468000.000000,1.453000,1.418000,43833000.000000,104000.000000,43729000.000000,43833000.000000,52566000.000000,16111000.000000,0.000000,0.000000,0.000000,201348000.000000,217459000.000000,0.132000,217459000.000000,201348000.000000,197735000.000000,2.280000,2.045000,2.280000,296939000.000000,266521250.000000,296939000.000000,1961043050.000000,10.000000,9.018000,90146000.000000,1.578000,1.000000,399392000.000000,0.243000,14782000.000000,3613000.000000,336540000.000000,327648000.000000,0.000000,290332000.000000,243332000.000000,47000000.000000,421178000.000000,313392000.000000,107786000.000000,-10592000.000000,0.000000,-120927000.000000,-10108000.000000,0.000000,-119590000.000000,1208000.000000,18852000.000000,107790000.000000,0.000000,129468000.000000,129468000.000000,129468000.000000,0.000000,0.000000,0.079000,198305000.000000,201087000.000000,159428000.000000,0.000000,6.784000,15.559000,15.469000,72001000.000000,0.000000,35.270000,1.224000,1.224000,26445000.000000,350129000.000000,1646390000.000000,1646390000.000000,0.000000,0.178000,0.486000,0.615000,0.122000,-3121000.000000,198305000.000000,1.000000,57115000.000000,57115000.000000,,28.826000,703335000.000000,40446000.000000,68267000.000000,0.000000,12.314000
ART,2006-12-31,2007-02-27,2006-12-31,2006-Q4,141000000.000000,2146009950.000000,2019-04-30,-8635000.000000,809412000.000000,762247250.000000,543953000.000000,265459000.000000,2.255000,3.887000,-16319000.000000,78346000.000000,78346000.000000,1296116000.000000,140471000.000000,1.350000,2.735000,118850000.000000,116000.000000,118734000.000000,118850000.000000,52075000.000000,16570000.000000,0.000000,0.000000,0.000000,219394000.000000,235964000.000000,0.137000,235964000.000000,219394000.000000,215493000.000000,2.490000,2.250000,2.490000,216718000.000000,249637750.000000,216718000.000000,2186513950.000000,10.000000,9.266000,174052000.000000,3.122000,1.000000,422776000.000000,0.246000,14782000.000000,3901000.000000,432181000.000000,352425250.000000,0.000000,370846000.000000,323846000.000000,47000000.000000,592694000.000000,402953000.000000,189741000.000000,-29141000.000000,0.000000,-228672000.000000,74889000.000000,0.000000,-143930000.000000,-75582000.000000,-59263000.000000,190371000.000000,0.000000,140471000.000000,140471000.000000,140471000.000000,0.000000,0.000000,0.082000,205342000.000000,217434000.000000,224447000.000000,0.000000,9.902000,15.277000,15.458000,71893000.000000,0.000000,38.490000,1.248000,1.248000,21308000.000000,388895000.000000,1718892000.000000,1718892000.000000,0.000000,0.184000,0.563000,0.623000,0.128000,-654000.000000,205342000.000000,1.000000,55755000.000000,55755000.000000,,30.829000,794630000.000000,48517000.000000,75022000.000000,0.000000,14.252000
ART,2007-03-31,2007-04-27,2007-03-31,2007-Q1,112117000.000000,2316474130.000000,2019-04-30,-8559000.000000,890148000.000000,792945500.000000,622295000.000000,267853000.000000,2.239000,3.908000,-15767000.000000,96712000.000000,96712000.000000,1394770000.000000,106561000.000000,1.220000,3.070000,70655000.000000,132000.000000,70523000.000000,70655000.000000,121958000.000000,16206000.000000,0.000000,0.000000,0.000000,169821000.000000,186027000.000000,0.105000,186027000.000000,169821000.000000,164741000.000000,1.910000,1.720000,1.910000,218735000.000000,244366250.000000,218735000.000000,2290417130.000000,13.000000,12.312000,130232000.000000,2.327000,1.000000,380511000.000000,0.214000,14782000.000000,5080000.000000,339131000.000000,357984500.000000,0.000000,392460000.000000,345460000.000000,47000000.000000,671413000.000000,510178000.000000,161235000.000000,-21712000.000000,0.000000,-163956000.000000,29875000.000000,0.000000,-128282000.000000,-39429000.000000,-23662000.000000,145999000.000000,0.000000,106561000.000000,106561000.000000,106561000.000000,0.000000,0.000000,0.060000,213333000.000000,167178000.000000,221072000.000000,0.000000,10.590000,21.738000,21.670000,70269000.000000,0.000000,41.390000,1.305000,1.305000,24881000.000000,383073000.000000,1775281000.000000,1775281000.000000,0.000000,0.134000,0.436000,0.474000,0.096000,3484000.000000,213333000.000000,1.000000,55967000.000000,55967000.000000,,31.720000,875366000.000000,73938000.000000,58180000.000000,0.000000,15.641000
ART,2007-06-30,2007-07-31,2007-06-30,2007-Q2,145371000.000000,2282017280.000000,2019-04-30,-9530000.000000,873625000.000000,822825500.000000,610645000.000000,262980000.000000,2.228000,4.651000,-8260000.000000,160881000.000000,160881000.000000,1435436000.000000,112387000.000000,1.312000,2.345000,59063000.000000,3558000.000000,55505000.000000,59063000.000000,121934000.000000,16307000.000000,0.000000,0.000000,0.000000,178493000.000000,194800000.000000,0.106000,194800000.000000,178493000.000000,173378000.000000,2.010000,1.850000,2.010000,261143000.000000,248383750.000000,261143000.000000,2180199280.000000,12.000000,11.192000,151530000.000000,2.699000,1.000000,397454000.000000,0.217000,14782000.000000,5115000.000000,291751000.000000,349900750.000000,0.000000,335398000.000000,288398000.000000,47000000.000000,612482000.000000,465274000.000000,147208000.000000,46623000.000000,0.000000,-128391000.000000,14864000.000000,0.000000,-109701000.000000,-3466000.000000,4794000.000000,159790000.000000,0.000000,112387000.000000,112387000.000000,112387000.000000,0.000000,0.000000,0.061000,222439000.000000,175015000.000000,193458000.000000,0.000000,8.739000,20.305000,20.219000,64947000.000000,0.000000,40.640000,1.245000,1.245000,31510000.000000,419289000.000000,1832890000.000000,1832890000.000000,0.000000,0.137000,0.452000,0.510000,0.097000,5325000.000000,222439000.000000,1.000000,56152000.000000,56152000.000000,,32.642000,858843000.000000,72558000.000000,60991000.000000,0.000000,15.295000
ART,2007-09-30,2007-11-06,2007-09-30,2007-Q3,148620000.000000,2365725300.000000,2019-04-30,-7408000.000000,795026000.000000,842052750.000000,531005000.000000,264021000.000000,2.223000,5.357000,-6103000.000000,70434000.000000,70434000.000000,1486817000.000000,112084000.000000,1.389000,1.641000,20688000.000000,153000.000000,20535000.000000,20688000.000000,52207000.000000,15858000.000000,0.000000,0.000000,0.000000,175331000.000000,191189000.000000,0.102000,191189000.000000,175331000.000000,170647000.000000,2.010000,1.880000,2.010000,301044000.000000,249410000.000000,301044000.000000,2315979300.000000,13.000000,12.114000,141526000.000000,2.519000,1.000000,385000000.000000,0.206000,14782000.000000,4684000.000000,348113000.000000,352794000.000000,0.000000,331420000.000000,284420000.000000,47000000.000000,493982000.000000,382385000.000000,111597000.000000,-24765000.000000,0.000000,-129678000.000000,-3523000.000000,0.000000,-130360000.000000,-42034000.000000,-35931000.000000,147629000.000000,0.000000,112084000.000000,112084000.000000,112084000.000000,0.000000,0.000000,0.060000,213412000.000000,171588000.000000,193204000.000000,0.000000,7.858000,21.107000,20.945000,64197000.000000,0.000000,42.100000,1.264000,1.264000,30366000.000000,453415000.000000,1871817000.000000,1871817000.000000,0.000000,0.133000,0.449000,0.497000,0.094000,4439000.000000,213412000.000000,1.000000,56193000.000000,56193000.000000,,33.311000,780244000.000000,62346000.000000,58563000.000000,0.000000,13.885000
ARY,1997-12-31,1998-03-27,1997-12-31,1997-FY,88377000.000000,727573255.000000,2019-04-30,655000.000000,723936000.000000,,300606000.000000,423330000.000000,,4.846000,-54870000.000000,113381000.000000,113381000.000000,566547000.000000,24241000.000000,1.416000,1.725000,95567000.000000,4726000.000000,90841000.000000,95567000.000000,29763000.000000,13510000.000000,0.000000,0.000000,0.000000,31908000.000000,45418000.000000,0.063000,45418000.000000,31908000.000000,27475000.000000,0.450000,0.443000,0.450000,265682000.000000,,265682000.000000,709759255.000000,22.000000,15.627000,-2050000.000000,-0.037000,1.000000,155177000.000000,0.215000,42803000.000000,4433000.000000,451090000.000000,,0.000000,270651000.000000,115498000.000000,155153000.000000,458254000.000000,212229000.000000,246025000.000000,-6746000.000000,-3145000.000000,4787000.000000,22609000.000000,0.000000,27396000.000000,-86962000.000000,-28947000.000000,52820000.000000,0.000000,24241000.000000,24241000.000000,24241000.000000,0.000000,0.000000,0.034000,123269000.000000,31908000.000000,55943000.000000,0.000000,2.739000,30.014000,29.491000,148831000.000000,0.000000,13.271000,1.008000,1.008000,42041000.000000,106242000.000000,721724000.000000,721724000.000000,0.000000,,,,0.044000,0.000000,93919000.000000,1.000000,54825000.000000,54825000.000000,,13.164000,681133000.000000,15496000.000000,3234000.000000,0.000000,12.424000
ARY,1998-12-31,1999-03-18,1998-12-31,1998-FY,47763000.000000,378277688.000000,2019-04-30,-1027000.000000,1045120000.000000,840779000.000000,393931000.000000,651189000.000000,1.234000,5.595000,-40743000.000000,101668000.000000,101668000.000000,852092000.000000,39596000.000000,1.138000,2.441000,247661000.000000,5263000.000000,242398000.000000,247661000.000000,39968000.000000,19263000.000000,0.000000,0.000000,0.000000,60573000.000000,79836000.000000,0.077000,79836000.000000,60573000.000000,53392000.000000,0.725000,0.715000,0.725000,303714000.000000,295819500.000000,303714000.000000,524270688.000000,9.000000,6.567000,9345000.000000,0.172000,1.000000,185111000.000000,0.178000,142471000.000000,7181000.000000,702474000.000000,558161750.000000,0.000000,290824000.000000,110008000.000000,180816000.000000,741406000.000000,346168000.000000,395238000.000000,-12931000.000000,-110035000.000000,-1166000.000000,113102000.000000,0.000000,111936000.000000,-174955000.000000,-24177000.000000,50088000.000000,0.000000,39596000.000000,39596000.000000,39596000.000000,0.000000,0.000000,0.038000,124538000.000000,60573000.000000,201126000.000000,0.000000,1.246000,9.553000,9.612000,229164000.000000,0.000000,6.969000,0.365000,0.365000,145728000.000000,145838000.000000,1037203000.000000,1037203000.000000,0.000000,0.047000,0.134000,0.109000,0.058000,0.000000,110687000.000000,1.000000,54282000.000000,54282000.000000,,19.108000,902649000.000000,14311000.000000,13796000.000000,0.000000,16.629000
ARY,1999-12-31,2000-03-24,1999-12-31,1999-FY,114740000.000000,136895063.000000,2019-04-30,-16063000.000000,1130112000.000000,1068765500.000000,524593000.000000,605519000.000000,1.201000,5.148000,-57494000.000000,77641000.000000,77641000.000000,1122777000.000000,-4631000.000000,1.280000,3.059000,263595000.000000,4741000.000000,258854000.000000,263595000.000000,45333000.000000,28079000.000000,0.000000,0.000000,0.000000,4414000.000000,32493000.000000,0.025000,32493000.000000,4414000.000000,-10566000.000000,-0.085000,-0.085000,-0.085000,278412000.000000,291933500.000000,278412000.000000,322849063.000000,73.000000,9.936000,-65198000.000000,-1.206000,1.000000,161034000.000000,0.125000,159514000.000000,14980000.000000,746699000.000000,767416750.000000,0.000000,233813000.000000,218951000.000000,14862000.000000,851700000.000000,409853000.000000,441847000.000000,-27974000.000000,-3000000.000000,-5636000.000000,15934000.000000,0.000000,10298000.000000,-30568000.000000,29926000.000000,-7704000.000000,0.000000,-4631000.000000,-4631000.000000,-4631000.000000,0.000000,0.000000,-0.004000,156620000.000000,4414000.000000,163490000.000000,0.000000,0.492000,-29.561000,-29.779000,264549000.000000,0.000000,2.531000,0.107000,0.107000,197215000.000000,141207000.000000,1283811000.000000,1283811000.000000,0.000000,-0.004000,-0.016000,0.006000,0.003000,0.000000,137812000.000000,1.000000,54082000.000000,54082000.000000,,23.738000,970598000.000000,40199000.000000,-5935000.000000,0.000000,17.947000
ARY,2000-12-31,2001-03-28,2000-12-31,2000-FY,76414000.000000,108676350.000000,2019-04-30,-5667000.000000,1165100000.000000,1100918000.000000,669003000.000000,496097000.000000,1.265000,1.644000,-6993000.000000,186030000.000000,186030000.000000,1286388000.000000,-199915000.000000,1.129000,11.878000,313578000.000000,88223000.000000,225355000.000000,313578000.000000,48373000.000000,29915000.000000,0.000000,0.000000,0.000000,-250510000.000000,-220595000.000000,-0.158000,-220595000.000000,-250510000.000000,-274140000.000000,-3.685000,-3.685000,-3.685000,90473000.000000,133920750.000000,90473000.000000,236224350.000000,-1.000000,-1.071000,34092000.000000,0.620000,1.000000,106590000.000000,0.077000,15587000.000000,23630000.000000,684472000.000000,636287250.000000,0.000000,225236000.000000,207143000.000000,18093000.000000,1074627000.000000,592589000.000000,482038000.000000,105370000.000000,0.000000,1580000.000000,48148000.000000,0.000000,49728000.000000,14557000.000000,21550000.000000,41085000.000000,0.000000,-199915000.000000,-199915000.000000,-199915000.000000,0.000000,0.000000,-0.144000,357100000.000000,-250510000.000000,225586000.000000,0.000000,1.201000,-0.544000,-0.536000,173031000.000000,0.000000,1.975000,0.078000,0.078000,215292000.000000,-58708000.000000,1392978000.000000,1392978000.000000,0.000000,-0.182000,-1.493000,-0.394000,-0.180000,0.000000,136660000.000000,1.000000,55026000.000000,55026000.000000,,25.315000,1149513000.000000,114955000.000000,-74225000.000000,0.000000,20.890000
ARY,2001-12-31,2002-03-29,2001-12-31,2001-FY,106119000.000000,367691880.000000,2019-04-30,-5636000.000000,1069962000.000000,1112825000.000000,635360000.000000,434602000.000000,1.161000,1.717000,-2169000.000000,141765000.000000,141765000.000000,1128952000.000000,3486000.000000,1.201000,10.086000,183371000.000000,1612000.000000,181759000.000000,183371000.000000,52919000.000000,25547000.000000,0.000000,0.000000,0.000000,30852000.000000,56399000.000000,0.044000,56399000.000000,30852000.000000,12289000.000000,0.065000,0.060000,0.065000,96519000.000000,95413000.000000,96519000.000000,409297880.000000,13.000000,7.257000,,,1.000000,162549000.000000,0.126000,14782000.000000,18563000.000000,567545000.000000,637750750.000000,0.000000,269196000.000000,260762000.000000,8434000.000000,973443000.000000,529241000.000000,444202000.000000,-41810000.000000,0.000000,2090000.000000,-81041000.000000,0.000000,-78951000.000000,-53299000.000000,-51130000.000000,,0.000000,3486000.000000,3486000.000000,3486000.000000,13980000.000000,0.000000,0.003000,117717000.000000,44832000.000000,180501000.000000,0.000000,3.810000,105.477000,100.615000,141451000.000000,0.000000,6.540000,0.285000,0.285000,206373000.000000,-55222000.000000,1291501000.000000,1291501000.000000,0.000000,0.003000,0.037000,0.048000,0.024000,342000.000000,117717000.000000,1.000000,56222000.000000,56222000.000000,,22.971000,1055180000.000000,112905000.000000,8803000.000000,0.000000,18.768000
ARY,2002-12-31,2003-03-25,2002-12-31,2002-FY,122252000.000000,358696000.000000,2019-04-30,381000.000000,1065966000.000000,1026284500.000000,920428000.000000,145538000.000000,1.246000,2.837000,-11712000.000000,63335000.000000,63335000.000000,1072665000.000000,36448000.000000,1.153000,5.808000,60896000.000000,186000.000000,60710000.000000,60896000.000000,40758000.000000,18245000.000000,0.000000,0.000000,0.000000,66023000.000000,84268000.000000,0.066000,84268000.000000,66023000.000000,58536000.000000,0.635000,0.585000,0.635000,156565000.000000,132926750.000000,156565000.000000,356257000.000000,5.000000,4.228000,124925000.000000,2.264000,1.000000,205970000.000000,0.161000,14782000.000000,7487000.000000,250569000.000000,391268500.000000,0.000000,182452000.000000,182452000.000000,0.000000,909401000.000000,798176000.000000,111225000.000000,-61336000.000000,0.000000,10159000.000000,-30399000.000000,0.000000,-3378000.000000,-146666000.000000,-134954000.000000,136637000.000000,0.000000,36448000.000000,36448000.000000,36448000.000000,5860000.000000,0.000000,0.029000,133979000.000000,71991000.000000,192503000.000000,0.000000,2.291000,9.841000,10.236000,64868000.000000,0.000000,6.500000,0.281000,0.281000,58358000.000000,-23061000.000000,1278635000.000000,1278635000.000000,0.000000,0.036000,0.274000,0.169000,0.052000,585000.000000,133979000.000000,1.000000,55184000.000000,55184000.000000,,23.170000,1051184000.000000,65349000.000000,22088000.000000,0.000000,19.049000
ARY,2003-12-31,2004-03-05,2003-12-31,2003-FY,171652000.000000,945257700.000000,2019-04-30,-479000.000000,1134121000.000000,1119556750.000000,980457000.000000,153664000.000000,1.326000,2.787000,-18518000.000000,136119000.000000,136119000.000000,1215419000.000000,62326000.000000,1.212000,6.522000,116808000.000000,163000.000000,116645000.000000,116808000.000000,45888000.000000,15929000.000000,0.000000,0.000000,0.000000,112382000.000000,128311000.000000,0.086000,128311000.000000,112382000.000000,106891000.000000,1.110000,1.025000,1.110000,150764000.000000,161173000.000000,150764000.000000,925946700.000000,8.000000,7.216000,133345000.000000,2.465000,1.000000,269660000.000000,0.182000,14782000.000000,5491000.000000,291223000.000000,304457000.000000,0.000000,197573000.000000,197573000.000000,0.000000,983357000.000000,808805000.000000,174552000.000000,72695000.000000,0.000000,-80314000.000000,49925000.000000,0.000000,-30389000.000000,-31028000.000000,-12510000.000000,151863000.000000,0.000000,62326000.000000,62326000.000000,62326000.000000,19792000.000000,0.000000,0.042000,137263000.000000,132397000.000000,218141000.000000,0.000000,6.270000,15.166000,15.743000,63109000.000000,0.000000,17.475000,0.637000,0.637000,59469000.000000,36419000.000000,1485079000.000000,1485079000.000000,0.000000,0.056000,0.387000,0.369000,0.076000,451000.000000,137263000.000000,1.000000,54092000.000000,54092000.000000,,27.455000,1119339000.000000,45209000.000000,44565000.000000,0.000000,20.693000
ARY,2004-12-31,2005-03-14,2004-12-31,2004-FY,152666000.000000,1629127000.000000,2019-04-30,-245000.000000,689780000.000000,686844750.000000,450974000.000000,238806000.000000,2.294000,3.776000,-23102000.000000,225643000.000000,225643000.000000,1196199000.000000,122737000.000000,1.512000,2.420000,125495000.000000,100000.000000,125395000.000000,125495000.000000,50763000.000000,17084000.000000,0.000000,0.000000,0.000000,197517000.000000,214601000.000000,0.136000,214601000.000000,197517000.000000,192833000.000000,2.305000,1.785000,2.305000,201697000.000000,178229500.000000,201697000.000000,1528979000.000000,8.000000,7.125000,143079000.000000,2.679000,1.000000,379236000.000000,0.241000,14782000.000000,4684000.000000,276542000.000000,269804000.000000,0.000000,194264000.000000,147264000.000000,47000000.000000,488083000.000000,298308000.000000,189775000.000000,86817000.000000,0.000000,-106975000.000000,8434000.000000,0.000000,-98541000.000000,17360000.000000,40462000.000000,166181000.000000,0.000000,122737000.000000,122737000.000000,122737000.000000,389000.000000,0.000000,0.078000,181434000.000000,197802000.000000,143521000.000000,0.000000,8.077000,13.273000,13.232000,71152000.000000,0.000000,30.500000,1.034000,1.034000,40602000.000000,153357000.000000,1575435000.000000,1575435000.000000,0.000000,0.179000,0.689000,0.732000,0.125000,7332000.000000,181434000.000000,1.000000,53414000.000000,53414000.000000,,29.495000,674998000.000000,30835000.000000,70096000.000000,0.000000,12.637000
ARY,2005-12-31,2006-02-21,2005-12-31,2005-FY,171261000.000000,2482884560.000000,2019-04-30,-1750000.000000,668846000.000000,683975500.000000,438355000.000000,230491000.000000,2.025000,4.882000,-13027000.000000,106311000.000000,106311000.000000,1023146000.000000,120017000.000000,1.641000,1.353000,52413000.000000,106000.000000,52307000.000000,52413000.000000,49067000.000000,14951000.000000,0.000000,0.000000,0.000000,190516000.000000,205467000.000000,0.148000,205467000.000000,190516000.000000,181725000.000000,2.160000,1.810000,2.160000,284252000.000000,263308250.000000,284252000.000000,2428986560.000000,13.000000,11.822000,153805000.000000,2.641000,1.000000,361890000.000000,0.261000,14782000.000000,8791000.000000,333072000.000000,353894250.000000,0.000000,328250000.000000,281250000.000000,47000000.000000,384594000.000000,267094000.000000,117500000.000000,-119560000.000000,0.000000,-132044000.000000,-10101000.000000,0.000000,-142145000.000000,-144247000.000000,-131220000.000000,166832000.000000,0.000000,120017000.000000,120017000.000000,120017000.000000,0.000000,0.000000,0.087000,172473000.000000,189417000.000000,138214000.000000,0.000000,8.735000,20.688000,19.741000,71357000.000000,0.000000,42.640000,1.793000,1.793000,14879000.000000,262559000.000000,1385036000.000000,1385036000.000000,0.000000,0.175000,0.456000,0.538000,0.138000,7391000.000000,172473000.000000,1.000000,58229000.000000,58229000.000000,,23.786000,654064000.000000,37215000.000000,61708000.000000,0.000000,11.233000
ARY,2006-12-31,2007-02-27,2006-12-31,2006-FY,141000000.000000,2146009950.000000,2019-04-30,-8635000.000000,809412000.000000,762247250.000000,543953000.000000,265459000.000000,2.255000,3.887000,-16319000.000000,78346000.000000,78346000.000000,1296116000.000000,140471000.000000,1.350000,2.735000,118850000.000000,116000.000000,118734000.000000,118850000.000000,52075000.000000,16570000.000000,0.000000,0.000000,0.000000,219394000.000000,235964000.000000,0.137000,235964000.000000,219394000.000000,215493000.000000,2.490000,2.250000,2.490000,216718000.000000,249637750.000000,216718000.000000,2186513950.000000,10.000000,9.266000,174052000.000000,3.122000,1.000000,422776000.000000,0.246000,14782000.000000,3901000.000000,432181000.000000,352425250.000000,0.000000,370846000.000000,323846000.000000,47000000.000000,592694000.000000,402953000.000000,189741000.000000,-29141000.000000,0.000000,-228672000.000000,74889000.000000,0.000000,-143930000.000000,-75582000.000000,-59263000.000000,190371000.000000,0.000000,140471000.000000,140471000.000000,140471000.000000,0.000000,0.000000,0.082000,205342000.000000,217434000.000000,224447000.000000,0.000000,9.902000,15.277000,15.458000,71893000.000000,0.000000,38.490000,1.248000,1.248000,21308000.000000,388895000.000000,1718892000.000000,1718892000.000000,0.000000,0.184000,0.563000,0.623000,0.128000,-654000.000000,205342000.000000,1.000000,55755000.000000,55755000.000000,,30.829000,794630000.000000,48517000.000000,75022000.000000,0.000000,14.252000
MRQ,1996-12-31,1996-12-31,1996-12-31,1996-Q4,76530000.000000,,2019-04-30,487000.000000,629462000.000000,,252935000.000000,376527000.000000,,,,117235000.000000,117235000.000000,,,1.434000,1.684000,68384000.000000,2195000.000000,66189000.000000,68384000.000000,24210000.000000,,0.000000,0.000000,0.000000,,,,,,,,,,234482000.000000,,234482000.000000,,,,,,1.000000,,,44602000.000000,,359604000.000000,,0.000000,244170000.000000,83688000.000000,160482000.000000,394980000.000000,176405000.000000,218575000.000000,,,,,,,,,,,,,,,,,,,46969000.000000,,,,14.031000,99804000.000000,,8.208000,,,31849000.000000,82001000.000000,,,,,,,,,,1.000000,,,,,584860000.000000,13713000.000000,,0.000000,
MRQ,1997-03-31,1997-03-31,1997-03-31,1997-Q1,,,2019-04-30,,,,,,,,-9059000.000000,,,134327000.000000,1398000.000000,,,,,,,,3263000.000000,,0.000000,0.000000,3242000.000000,6505000.000000,0.038000,6505000.000000,3242000.000000,1840000.000000,0.027000,0.027000,0.027000,,,,,,,-2515000.000000,-0.047000,1.000000,36251000.000000,0.213000,,1402000.000000,,,,,,,,,,-16510000.000000,0.000000,1046000.000000,16352000.000000,0.000000,17398000.000000,-40452000.000000,-31393000.000000,6544000.000000,0.000000,1398000.000000,1398000.000000,1398000.000000,0.000000,0.000000,0.008000,33009000.000000,3242000.000000,,0.000000,,,,,0.000000,8.458000,,,,,170578000.000000,170578000.000000,0.000000,,,,,0.000000,22009000.000000,1.000000,,53547000.000000,53547000.000000,3.186000,,,442000.000000,,
MRQ,1997-06-30,1997-06-30,1997-06-30,1997-Q2,,,2019-04-30,,,,,,,,-8152000.000000,,,138161000.000000,10561000.000000,,,,,,,,3339000.000000,,0.000000,0.000000,15103000.000000,18442000.000000,0.105000,18442000.000000,15103000.000000,13896000.000000,0.195000,0.195000,0.195000,,,,,,,-10868000.000000,-0.202000,1.000000,38160000.000000,0.216000,,1207000.000000,,,,,,,,,,-27681000.000000,1373000.000000,-1793000.000000,-581000.000000,0.000000,-9902000.000000,-38840000.000000,-25507000.000000,-2716000.000000,0.000000,10561000.000000,10561000.000000,10561000.000000,0.000000,0.000000,0.060000,23057000.000000,15103000.000000,,0.000000,,,,,0.000000,10.417000,,,,,176321000.000000,176321000.000000,0.000000,,,,,0.000000,23057000.000000,1.000000,,53908000.000000,54646000.000000,3.271000,,,3335000.000000,,
MRQ,1997-09-30,1997-09-30,1997-09-30,1997-Q3,,,2019-04-30,,,,,,,,-16891000.000000,,,143619000.000000,495000.000000,,,,,,,,3319000.000000,,0.000000,0.000000,-2765000.000000,554000.000000,0.003000,554000.000000,-2765000.000000,-3705000.000000,0.010000,0.010000,0.010000,,,,,,,9570000.000000,0.176000,1.000000,40240000.000000,0.219000,,940000.000000,,,,,,,,,,34669000.000000,-4573000.000000,3740000.000000,-583000.000000,0.000000,10685000.000000,21300000.000000,36210000.000000,26461000.000000,0.000000,495000.000000,495000.000000,495000.000000,0.000000,0.000000,0.003000,43005000.000000,-2765000.000000,,0.000000,,,,,0.000000,12.208000,,,,,183859000.000000,183859000.000000,0.000000,,,,,0.000000,24655000.000000,1.000000,,54228000.000000,55134000.000000,3.390000,,,-4200000.000000,,
MRQ,1997-12-31,1997-12-31,1997-12-31,1997-Q4,88377000.000000,614496692.000000,2019-04-30,655000.000000,723936000.000000,,300606000.000000,423330000.000000,,4.846000,-20768000.000000,113381000.000000,113381000.000000,150440000.000000,11787000.000000,1.416000,1.725000,95567000.000000,4726000.000000,90841000.000000,95567000.000000,29763000.000000,3589000.000000,0.000000,0.000000,0.000000,16328000.000000,19917000.000000,0.104000,19917000.000000,16328000.000000,15444000.000000,0.220000,0.210000,0.220000,265682000.000000,,265682000.000000,,,,1763000.000000,0.032000,1.000000,40526000.000000,0.212000,42803000.000000,884000.000000,451090000.000000,,0.000000,270651000.000000,115498000.000000,155153000.000000,458254000.000000,212229000.000000,246025000.000000,2776000.000000,55000.000000,1794000.000000,7421000.000000,0.000000,9215000.000000,-28970000.000000,-8257000.000000,22531000.000000,0.000000,11787000.000000,11787000.000000,11787000.000000,0.000000,0.000000,0.062000,24198000.000000,16328000.000000,99544000.000000,0.000000,2.313000,25.349000,24.907000,148831000.000000,0.000000,11.208000,0.851000,0.851000,47200000.000000,106242000.000000,190966000.000000,190966000.000000,0.000000,,,,,0.000000,24198000.000000,1.000000,54825000.000000,54825000.000000,,3.483000,681133000.000000,15496000.000000,3657000.000000,0.000000,12.424000
MRQ,1998-03-31,1998-03-31,1998-03-31,1998-Q1,71562000.000000,728715808.000000,2019-04-30,138000.000000,740704000.000000,,282421000.000000,458283000.000000,,5.138000,-9159000.000000,56557000.000000,56557000.000000,167538000.000000,12187000.000000,1.339000,1.630000,102430000.000000,4191000.000000,98239000.000000,102430000.000000,18695000.000000,4048000.000000,0.000000,0.000000,0.000000,17663000.000000,21711000.000000,0.103000,21711000.000000,17663000.000000,16382000.000000,0.220000,0.220000,0.220000,281615000.000000,,281615000.000000,710901808.000000,15.000000,11.726000,-12077000.000000,-0.220000,1.000000,42871000.000000,0.204000,42333000.000000,1281000.000000,533385000.000000,,0.000000,323368000.000000,139668000.000000,183700000.000000,459089000.000000,210859000.000000,248230000.000000,-57403000.000000,1373000.000000,3797000.000000,3793000.000000,0.000000,7590000.000000,-62075000.000000,-54289000.000000,-2918000.000000,0.000000,12187000.000000,12187000.000000,12187000.000000,0.000000,0.000000,0.058000,25208000.000000,17663000.000000,120206000.000000,0.000000,2.588000,20.803000,20.607000,157254000.000000,0.000000,13.292000,0.957000,0.957000,74404000.000000,118429000.000000,210409000.000000,210409000.000000,0.000000,,,,,0.000000,25208000.000000,1.000000,54825000.000000,54812000.000000,55710000.000000,3.839000,698371000.000000,0.000000,4195000.000000,0.000000,12.741000
MRQ,1998-06-30,1998-06-30,1998-06-30,1998-Q2,89363000.000000,693285938.000000,2019-04-30,846000.000000,783288000.000000,,326513000.000000,456775000.000000,,5.375000,-8052000.000000,90447000.000000,90447000.000000,199038000.000000,12551000.000000,1.377000,1.645000,101409000.000000,6079000.000000,95330000.000000,101409000.000000,20750000.000000,4407000.000000,0.000000,0.000000,0.000000,18550000.000000,22957000.000000,0.094000,22957000.000000,18550000.000000,16931000.000000,0.230000,0.225000,0.230000,296139000.000000,,296139000.000000,739158938.000000,15.000000,11.347000,-1306000.000000,-0.024000,1.000000,45507000.000000,0.186000,41870000.000000,1619000.000000,515230000.000000,,0.000000,289180000.000000,120676000.000000,168504000.000000,487149000.000000,237150000.000000,249999000.000000,33835000.000000,0.000000,927000.000000,-1021000.000000,0.000000,-94000.000000,27183000.000000,35235000.000000,6746000.000000,0.000000,12551000.000000,12551000.000000,12551000.000000,0.000000,0.000000,0.051000,26957000.000000,18550000.000000,138922000.000000,0.000000,2.341000,18.727000,18.520000,161953000.000000,0.000000,12.594000,0.836000,0.836000,106294000.000000,130980000.000000,244545000.000000,244545000.000000,0.000000,,,,,0.000000,26957000.000000,1.000000,55050000.000000,55092000.000000,56046000.000000,4.439000,741418000.000000,0.000000,4380000.000000,0.000000,13.458000
MRQ,1998-09-30,1998-09-30,1998-09-30,1998-Q3,87798000.000000,544575938.000000,2019-04-30,1508000.000000,794004000.000000,,346247000.000000,447757000.000000,,5.501000,-8386000.000000,102074000.000000,102074000.000000,235733000.000000,12584000.000000,1.340000,1.631000,89480000.000000,7995000.000000,81485000.000000,89480000.000000,18524000.000000,4819000.000000,0.000000,0.000000,0.000000,18213000.000000,23032000.000000,0.082000,23032000.000000,18213000.000000,17006000.000000,0.230000,0.230000,0.230000,301810000.000000,,301810000.000000,555537938.000000,8.000000,6.341000,30971000.000000,0.564000,1.000000,45349000.000000,0.161000,41403000.000000,1207000.000000,481558000.000000,,0.000000,290006000.000000,134022000.000000,155984000.000000,492194000.000000,258449000.000000,233745000.000000,10906000.000000,0.000000,-7579000.000000,-11929000.000000,0.000000,-19508000.000000,-8943000.000000,-38519000.000000,39357000.000000,0.000000,12584000.000000,12584000.000000,12584000.000000,0.000000,0.000000,0.045000,27136000.000000,18213000.000000,157845000.000000,0.000000,1.804000,11.089000,10.938000,165847000.000000,0.000000,9.844000,0.587000,0.583000,101701000.000000,143564000.000000,281082000.000000,281082000.000000,0.000000,,,,,0.000000,27136000.000000,1.000000,55322000.000000,54866000.000000,55266000.000000,5.123000,752601000.000000,0.000000,4422000.000000,0.000000,13.717000
MRQ,1998-12-31,1998-12-31,1998-12-31,1998-Q4,198092000.000000,571425625.000000,2019-04-30,-1027000.000000,1045120000.000000,,544260000.000000,500860000.000000,,5.597000,-15146000.000000,101668000.000000,101668000.000000,249783000.000000,2274000.000000,1.572000,2.441000,247661000.000000,5263000.000000,242398000.000000,247661000.000000,39968000.000000,5989000.000000,0.000000,0.000000,0.000000,6147000.000000,12136000.000000,0.040000,12136000.000000,6147000.000000,3073000.000000,0.045000,0.045000,0.045000,303714000.000000,,303714000.000000,558831625.000000,9.000000,7.000000,-8243000.000000,-0.152000,1.000000,51384000.000000,0.171000,142471000.000000,3074000.000000,702474000.000000,,0.000000,290824000.000000,260337000.000000,30487000.000000,741406000.000000,346168000.000000,395238000.000000,-269000.000000,-111408000.000000,1689000.000000,122259000.000000,0.000000,123948000.000000,-131120000.000000,33396000.000000,6903000.000000,0.000000,2274000.000000,2274000.000000,2274000.000000,0.000000,0.000000,0.008000,45237000.000000,6147000.000000,157746000.000000,0.000000,1.881000,14.431000,14.526000,229164000.000000,0.000000,10.531000,0.551000,0.551000,170626000.000000,145838000.000000,301167000.000000,301167000.000000,0.000000,,,,,0.000000,31386000.000000,1.000000,54260000.000000,54260000.000000,,5.550000,902649000.000000,14311000.000000,799000.000000,0.000000,16.636000
MRQ,1999-03-31,1999-03-31,1999-03-31,1999-Q1,24583000.000000,352833000.000000,2019-04-30,0.000000,1034831000.000000,,350856000.000000,683975000.000000,,5.370000,-14160000.000000,35135000.000000,35135000.000000,276082000.000000,-706000.000000,1.075000,2.544000,267660000.000000,4451000.000000,263209000.000000,267660000.000000,19976000.000000,6823000.000000,0.000000,0.000000,0.000000,2989000.000000,9812000.000000,0.031000,9812000.000000,2989000.000000,-1060000.000000,-0.015000,-0.015000,-0.015000,291984000.000000,,291984000.000000,498826000.000000,11.000000,7.342000,-63937000.000000,-1.176000,1.000000,41992000.000000,0.132000,141013000.000000,4049000.000000,800070000.000000,,0.000000,296483000.000000,98543000.000000,197940000.000000,742847000.000000,326273000.000000,416574000.000000,-65784000.000000,-3000000.000000,-5553000.000000,19999000.000000,0.000000,14446000.000000,-30453000.000000,-13293000.000000,-49777000.000000,0.000000,-706000.000000,-706000.000000,-706000.000000,0.000000,0.000000,-0.002000,39003000.000000,2989000.000000,222090000.000000,0.000000,1.208000,13.213000,13.265000,237594000.000000,0.000000,6.500000,0.308000,0.309000,173783000.000000,145132000.000000,318074000.000000,318074000.000000,0.000000,,,,,0.000000,33897000.000000,1.000000,54282000.000000,54372000.000000,54372000.000000,5.850000,893818000.000000,0.000000,-354000.000000,0.000000,16.439000
MRQ,1999-06-30,1999-06-30,1999-06-30,1999-Q2,-20118000.000000,386708438.000000,2019-04-30,-10590000.000000,1021568000.000000,,307321000.000000,714247000.000000,,5.510000,-12824000.000000,46030000.000000,46030000.000000,264200000.000000,8556000.000000,0.939000,2.460000,250540000.000000,4126000.000000,246414000.000000,250540000.000000,19930000.000000,6944000.000000,0.000000,0.000000,0.000000,16972000.000000,23916000.000000,0.076000,23916000.000000,16972000.000000,12846000.000000,0.160000,-3.795000,0.160000,295281000.000000,,295281000.000000,619233438.000000,14.000000,8.988000,9143000.000000,0.171000,1.000000,51618000.000000,0.163000,154932000.000000,4126000.000000,743707000.000000,,0.000000,270848000.000000,78975000.000000,191873000.000000,726287000.000000,327439000.000000,398848000.000000,11075000.000000,0.000000,-1167000.000000,-17120000.000000,0.000000,-18287000.000000,7395000.000000,20219000.000000,21967000.000000,0.000000,8556000.000000,8556000.000000,8556000.000000,0.000000,0.000000,0.027000,34646000.000000,16972000.000000,199690000.000000,0.000000,1.310000,17.030000,17.188000,244593000.000000,0.000000,7.219000,0.318000,0.318000,190988000.000000,153688000.000000,315818000.000000,315818000.000000,0.000000,,,,,0.000000,34646000.000000,1.000000,53570000.000000,53590000.000000,53650000.000000,5.893000,866636000.000000,0.000000,4290000.000000,0.000000,16.172000
MRQ,1999-09-30,1999-09-30,1999-09-30,1999-Q3,-20508000.000000,271208250.000000,2019-04-30,-13762000.000000,1088551000.000000,,332660000.000000,755891000.000000,,5.624000,-14088000.000000,55818000.000000,55818000.000000,270888000.000000,8863000.000000,0.942000,2.604000,285411000.000000,4690000.000000,280721000.000000,285411000.000000,20043000.000000,7179000.000000,0.000000,0.000000,0.000000,17436000.000000,24615000.000000,0.076000,24615000.000000,17436000.000000,13267000.000000,0.165000,-3.735000,0.165000,302057000.000000,,302057000.000000,475718250.000000,11.000000,6.750000,-29607000.000000,-0.551000,1.000000,51682000.000000,0.160000,185785000.000000,4169000.000000,779191000.000000,,0.000000,263255000.000000,74882000.000000,188373000.000000,786494000.000000,353168000.000000,433326000.000000,7646000.000000,0.000000,1084000.000000,34871000.000000,0.000000,35955000.000000,-12790000.000000,1298000.000000,-15519000.000000,0.000000,8863000.000000,8863000.000000,8863000.000000,0.000000,0.000000,0.027000,34246000.000000,17436000.000000,221116000.000000,0.000000,0.898000,14.284000,14.261000,252750000.000000,0.000000,5.063000,0.216000,0.216000,220503000.000000,162551000.000000,322570000.000000,322570000.000000,0.000000,,,,,0.000000,34246000.000000,1.000000,53572000.000000,53712000.000000,53746000.000000,6.006000,902766000.000000,0.000000,4404000.000000,0.000000,16.808000
MRQ,1999-12-31,1999-12-31,1999-12-31,1999-Q4,112105000.000000,179733250.000000,2019-04-30,-16063000.000000,1130112000.000000,,521958000.000000,608154000.000000,,5.180000,-7576000.000000,77641000.000000,77641000.000000,96416000.000000,-21344000.000000,1.274000,3.059000,263595000.000000,4741000.000000,258854000.000000,263595000.000000,45333000.000000,-271000.000000,0.000000,0.000000,0.000000,-23308000.000000,-23579000.000000,-0.285000,-23579000.000000,-23308000.000000,-27475000.000000,-0.395000,-0.395000,-0.395000,278412000.000000,,278412000.000000,409326250.000000,29.000000,11.774000,28049000.000000,0.522000,1.000000,-13813000.000000,-0.167000,159514000.000000,4167000.000000,746699000.000000,,0.000000,233813000.000000,218951000.000000,14862000.000000,851700000.000000,409853000.000000,441847000.000000,29416000.000000,0.000000,0.000000,-21169000.000000,0.000000,-21169000.000000,16655000.000000,21231000.000000,35625000.000000,0.000000,-21344000.000000,-21344000.000000,-21344000.000000,15154000.000000,0.000000,-0.258000,-5659000.000000,-8154000.000000,163490000.000000,0.000000,0.646000,-38.811000,-39.338000,264549000.000000,0.000000,3.344000,0.173000,0.173000,194580000.000000,141207000.000000,82603000.000000,82603000.000000,0.000000,,,,,0.000000,-8361000.000000,1.000000,53752000.000000,53752000.000000,,1.537000,970598000.000000,66033000.000000,-6131000.000000,0.000000,18.057000
MRQ,2000-03-31,2000-03-31,2000-03-31,2000-Q1,130390000.000000,133514938.000000,2019-04-30,-11989000.000000,1138707000.000000,,526441000.000000,612266000.000000,,5.280000,-6246000.000000,61708000.000000,61708000.000000,282019000.000000,1556000.000000,1.329000,2.996000,277911000.000000,4591000.000000,273320000.000000,277911000.000000,47585000.000000,8693000.000000,0.000000,0.000000,0.000000,7928000.000000,16621000.000000,0.051000,16621000.000000,7928000.000000,2340000.000000,0.030000,0.030000,0.030000,284946000.000000,,284946000.000000,319468938.000000,17.000000,7.685000,-47616000.000000,-0.882000,1.000000,45157000.000000,0.138000,158300000.000000,5588000.000000,800559000.000000,,0.000000,224223000.000000,203592000.000000,20631000.000000,853761000.000000,396051000.000000,457710000.000000,-16320000.000000,0.000000,904000.000000,14316000.000000,0.000000,15220000.000000,9830000.000000,16076000.000000,-41370000.000000,0.000000,1556000.000000,1556000.000000,1556000.000000,0.000000,0.000000,0.005000,37229000.000000,7928000.000000,233443000.000000,0.000000,0.469000,-56.359000,-61.719000,261858000.000000,0.000000,2.469000,0.127000,0.127000,140627004.000000,142763000.000000,327176000.000000,327176000.000000,0.000000,,,,,0.000000,34329000.000000,1.000000,54082000.000000,53970000.000000,53970000.000000,6.062000,980407000.000000,0.000000,784000.000000,0.000000,18.166000
MRQ,2000-06-30,2000-06-30,2000-06-30,2000-Q2,-113442000.000000,86193188.000000,2019-04-30,-12213000.000000,1037287000.000000,,555791000.000000,481496000.000000,,1.442000,-4648000.000000,87081000.000000,87081000.000000,364003000.000000,-206717000.000000,0.830000,12.298000,283168000.000000,223470000.000000,59698000.000000,283168000.000000,50066000.000000,8980000.000000,0.000000,0.000000,0.000000,-279145000.000000,-270165000.000000,-0.802000,-270165000.000000,-279145000.000000,-284294000.000000,-3.820000,-3.820000,-3.820000,78001000.000000,,78001000.000000,302396188.000000,-1.000000,-1.198000,16679000.000000,0.308000,1.000000,-26949000.000000,-0.080000,15578000.000000,5149000.000000,548563000.000000,,0.000000,219862000.000000,199182000.000000,20680000.000000,959286000.000000,669233000.000000,290053000.000000,22870000.000000,0.000000,-4000.000000,5257000.000000,0.000000,5253000.000000,-3710000.000000,938000.000000,21327000.000000,0.000000,-206717000.000000,-206717000.000000,-206717000.000000,0.000000,0.000000,-0.613000,252196000.000000,-279145000.000000,259687000.000000,0.000000,1.105000,-0.396000,-0.396000,186864000.000000,0.000000,1.594000,0.081000,0.081000,143005003.000000,-63954000.000000,337054000.000000,337054000.000000,0.000000,,,,,0.000000,34656000.000000,1.000000,54082000.000000,54082000.000000,54082000.000000,6.232000,1021709000.000000,0.000000,-77577000.000000,0.000000,18.892000
MRQ,2000-09-30,2000-09-30,2000-09-30,2000-Q3,-153167000.000000,127931250.000000,2019-04-30,-11292000.000000,1062578000.000000,,585096000.000000,477482000.000000,,1.510000,-880000.000000,78724000.000000,78724000.000000,279934000.000000,2669000.000000,0.793000,11.917000,281558000.000000,270228000.000000,11330000.000000,281558000.000000,21745000.000000,1700000.000000,0.000000,0.000000,0.000000,9231000.000000,10931000.000000,0.035000,10931000.000000,9231000.000000,4377000.000000,0.050000,0.050000,0.050000,82263000.000000,,82263000.000000,324018250.000000,-1.000000,-1.217000,-30124000.000000,-0.553000,1.000000,35366000.000000,0.112000,15594000.000000,4854000.000000,511555000.000000,,0.000000,215466000.000000,195291000.000000,20175000.000000,980315000.000000,738263000.000000,242052000.000000,-2095000.000000,0.000000,672000.000000,-1139000.000000,0.000000,-467000.000000,5541000.000000,6421000.000000,-29244000.000000,0.000000,2669000.000000,2669000.000000,2669000.000000,872000.000000,0.000000,0.008000,25263000.000000,10103000.000000,286158000.000000,0.000000,1.555000,-0.572000,-0.567000,183899000.000000,0.000000,2.344000,0.120000,0.120000,187927000.000000,-61295000.000000,315300000.000000,315300000.000000,0.000000,,,,,0.000000,25263000.000000,1.000000,54584000.000000,54496000.000000,54500000.000000,5.786000,1046984000.000000,0.000000,1708000.000000,0.000000,19.212000
MRQ,2000-12-31,2000-12-31,2000-12-31,2000-Q4,78317000.000000,103709600.000000,2019-04-30,-5667000.000000,1165100000.000000,,671291000.000000,493809000.000000,,1.658000,8042000.000000,182025000.000000,182025000.000000,110607000.000000,2577000.000000,1.132000,11.878000,278963000.000000,53993000.000000,224970000.000000,278963000.000000,41499000.000000,4772000.000000,0.000000,0.000000,0.000000,12231000.000000,17003000.000000,0.106000,17003000.000000,12231000.000000,8175000.000000,0.050000,0.050000,0.050000,90473000.000000,,90473000.000000,306543600.000000,-2.000000,-1.834000,54818000.000000,1.004000,1.000000,49890000.000000,0.311000,15587000.000000,4056000.000000,653477000.000000,,0.000000,225028000.000000,206935000.000000,18093000.000000,1074627000.000000,592974000.000000,481653000.000000,87455000.000000,0.000000,8000.000000,33800000.000000,0.000000,33808000.000000,4380000.000000,-3662000.000000,46776000.000000,0.000000,2577000.000000,2577000.000000,2577000.000000,9020000.000000,0.000000,0.016000,29723000.000000,20167000.000000,187674000.000000,0.000000,1.146000,-0.519000,-0.516000,171032000.000000,0.000000,1.900000,0.102000,0.102000,273981000.000000,-58708000.000000,160497000.000000,160497000.000000,0.000000,,,,,0.000000,32723000.000000,1.000000,54584000.000000,54584000.000000,,2.940000,1149513000.000000,114955000.000000,5598000.000000,0.000000,21.060000
MRQ,2001-03-31,2001-03-31,2001-03-31,2001-Q1,49523000.000000,125459280.000000,2019-04-30,-4698000.000000,1146502000.000000,,644833000.000000,501669000.000000,,1.733000,-2554000.000000,137472000.000000,137472000.000000,265996000.000000,3205000.000000,1.083000,11.032000,278511000.000000,87945000.000000,190566000.000000,278511000.000000,55272000.000000,6112000.000000,0.000000,0.000000,0.000000,9801000.000000,15913000.000000,0.052000,15913000.000000,9801000.000000,4951000.000000,0.060000,0.060000,0.060000,95291000.000000,,95291000.000000,253007280.000000,-1.000000,-1.118000,42457000.000000,0.772000,1.000000,37232000.000000,0.123000,0.000000,4850000.000000,692231000.000000,,0.000000,258389000.000000,249321000.000000,9068000.000000,1051211000.000000,595310000.000000,455901000.000000,-42848000.000000,0.000000,645000.000000,-34906000.000000,0.000000,-34261000.000000,-40476000.000000,-37922000.000000,45011000.000000,0.000000,3205000.000000,3205000.000000,3205000.000000,261000.000000,0.000000,0.011000,27170000.000000,10062000.000000,303893000.000000,0.000000,1.317000,-0.633000,-0.623000,168042000.000000,0.000000,2.280000,0.112000,0.112000,88527000.000000,-55503000.000000,303228000.000000,303228000.000000,0.000000,,,,,0.000000,27170000.000000,1.000000,55026000.000000,54976000.000000,55540000.000000,5.516000,1146502000.000000,113088000.000000,1746000.000000,0.000000,20.855000
MRQ,2001-06-30,2001-06-30,2001-06-30,2001-Q2,70077000.000000,192591000.000000,2019-04-30,-7256000.000000,1118636000.000000,,607562000.000000,511074000.000000,,1.736000,707000.000000,158481000.000000,158481000.000000,277489000.000000,2795000.000000,1.130000,10.707000,251991000.000000,43175000.000000,208816000.000000,251991000.000000,59815000.000000,6138000.000000,0.000000,0.000000,0.000000,10409000.000000,16547000.000000,0.052000,16547000.000000,10409000.000000,4697000.000000,0.050000,0.050000,0.050000,95553000.000000,,95553000.000000,333630000.000000,8.000000,5.524000,16511000.000000,0.300000,1.000000,40838000.000000,0.128000,0.000000,5712000.000000,674661000.000000,,0.000000,221243000.000000,212071000.000000,9172000.000000,1023083000.000000,537485000.000000,485598000.000000,13400000.000000,0.000000,5000.000000,-26357000.000000,0.000000,-26352000.000000,32265000.000000,31558000.000000,15804000.000000,0.000000,2795000.000000,2795000.000000,2795000.000000,982000.000000,0.000000,0.009000,29447000.000000,11391000.000000,285418000.000000,0.000000,2.016000,17.125000,16.667000,164159000.000000,0.000000,3.500000,0.176000,0.176000,69204000.000000,-52708000.000000,318327000.000000,318327000.000000,0.000000,,,,,0.000000,29447000.000000,1.000000,55026000.000000,55030000.000000,56004000.000000,5.785000,1118636000.000000,122986000.000000,1902000.000000,0.000000,20.328000
MRQ,2001-09-30,2001-09-30,2001-09-30,2001-Q3,97606000.000000,231329300.000000,2019-04-30,-2477000.000000,1116200000.000000,,642716000.000000,473484000.000000,,1.693000,-607000.000000,173817000.000000,173817000.000000,290012000.000000,-7554000.000000,1.179000,10.838000,196949000.000000,2754000.000000,194195000.000000,196949000.000000,51146000.000000,6189000.000000,0.000000,0.000000,0.000000,-1368000.000000,4821000.000000,0.015000,4821000.000000,-1368000.000000,-5256000.000000,-0.135000,-0.130000,-0.135000,94289000.000000,,94289000.000000,324839300.000000,10.000000,5.984000,27625000.000000,0.496000,1.000000,40842000.000000,0.123000,0.000000,3888000.000000,594222000.000000,,0.000000,223489000.000000,214212000.000000,9277000.000000,1021911000.000000,545110000.000000,476801000.000000,19579000.000000,0.000000,1530000.000000,-12992000.000000,0.000000,-8596000.000000,4918000.000000,5525000.000000,28232000.000000,0.000000,-7554000.000000,-7554000.000000,-7554000.000000,12126000.000000,0.000000,-0.023000,30084000.000000,10758000.000000,240273000.000000,0.000000,2.453000,226.128000,166.000000,147042000.000000,0.000000,4.150000,0.208000,0.208000,60113000.000000,-60262000.000000,330854000.000000,330854000.000000,0.000000,,,,,0.000000,30084000.000000,1.000000,55742000.000000,55702000.000000,58540000.000000,5.940000,1116200000.000000,112649000.000000,2298000.000000,0.000000,20.039000
MRQ,2001-12-31,2001-12-31,2001-12-31,2001-Q4,65986000.000000,225828000.000000,2019-04-30,-5636000.000000,1064846000.000000,,857090000.000000,207756000.000000,,1.731000,2583000.000000,116835000.000000,116835000.000000,106881000.000000,5040000.000000,1.083000,10.033000,164184000.000000,191000.000000,163993000.000000,164184000.000000,38592000.000000,5745000.000000,0.000000,0.000000,0.000000,7543000.000000,13288000.000000,0.088000,13288000.000000,7543000.000000,6255000.000000,0.095000,0.085000,0.095000,96519000.000000,,96519000.000000,271044000.000000,10.000000,5.360000,11700000.000000,0.210000,1.000000,44210000.000000,0.293000,14782000.000000,1288000.000000,306309000.000000,,0.000000,52498000.000000,52498000.000000,0.000000,968327000.000000,791104000.000000,177223000.000000,-11974000.000000,0.000000,-90000.000000,21068000.000000,0.000000,18112000.000000,-19663000.000000,-22246000.000000,9117000.000000,0.000000,5040000.000000,5040000.000000,5040000.000000,-1374000.000000,0.000000,0.033000,35922000.000000,8288000.000000,181423000.000000,0.000000,2.340000,64.781000,62.308000,136496000.000000,0.000000,4.050000,0.205000,0.205000,55500000.000000,-55222000.000000,151091000.000000,151091000.000000,0.000000,,,,,342000.000000,35922000.000000,1.000000,55760000.000000,55760000.000000,,2.710000,1050064000.000000,96826000.000000,1215000.000000,0.000000,18.832000
MRQ,2002-03-31,2002-03-31,2002-03-31,2002-Q1,146301000.000000,367691880.000000,2019-04-30,-8719000.000000,1011212000.000000,,644660000.000000,366552000.000000,,1.824000,-2780000.000000,127474000.000000,127474000.000000,257686000.000000,7381000.000000,1.294000,8.872000,135633000.000000,1622000.000000,134011000.000000,135633000.000000,29844000.000000,4944000.000000,0.000000,0.000000,0.000000,13898000.000000,18842000.000000,0.062000,18842000.000000,13898000.000000,10840000.000000,0.130000,0.125000,0.130000,102429000.000000,,102429000.000000,409297880.000000,13.000000,7.651000,7881000.000000,0.140000,1.000000,46062000.000000,0.152000,14782000.000000,3058000.000000,506230000.000000,,0.000000,289840000.000000,282062000.000000,7778000.000000,908783000.000000,498359000.000000,410424000.000000,-15574000.000000,0.000000,1445000.000000,5321000.000000,0.000000,6766000.000000,-10260000.000000,-7480000.000000,10661000.000000,0.000000,7381000.000000,7381000.000000,7381000.000000,-239000.000000,0.000000,0.024000,32549000.000000,13513000.000000,264517000.000000,0.000000,3.590000,47.989000,46.714000,95866000.000000,0.000000,6.540000,0.333000,0.333000,71542000.000000,-47841000.000000,303748000.000000,303748000.000000,0.000000,,,,,146000.000000,32549000.000000,1.000000,56222000.000000,56166000.000000,59764000.000000,5.408000,996430000.000000,97280000.000000,3459000.000000,0.000000,17.741000
MRQ,2002-06-30,2002-06-30,2002-06-30,2002-Q2,142159000.000000,628817250.000000,2019-04-30,-4524000.000000,998383000.000000,,668764000.000000,329619000.000000,,2.113000,-1017000.000000,108695000.000000,108695000.000000,265974000.000000,10523000.000000,1.270000,7.376000,95388000.000000,1623000.000000,93765000.000000,95388000.000000,28350000.000000,4718000.000000,0.000000,0.000000,0.000000,17662000.000000,22380000.000000,0.071000,22380000.000000,17662000.000000,15760000.000000,0.185000,0.170000,0.185000,119202000.000000,,119202000.000000,636976250.000000,17.000000,10.736000,34070000.000000,0.604000,1.000000,50994000.000000,0.161000,14782000.000000,1902000.000000,443689000.000000,,0.000000,328656000.000000,323245000.000000,5411000.000000,879181000.000000,526605000.000000,352576000.000000,-23388000.000000,0.000000,1939000.000000,-33540000.000000,0.000000,-31601000.000000,-23020000.000000,-22003000.000000,35087000.000000,0.000000,10523000.000000,10523000.000000,10523000.000000,20000.000000,0.000000,0.033000,33186000.000000,17808000.000000,193163000.000000,0.000000,5.275000,40.859000,40.636000,86914000.000000,0.000000,11.175000,0.570000,0.572000,68623000.000000,-37318000.000000,316968000.000000,316968000.000000,0.000000,,,,,146000.000000,33186000.000000,1.000000,56270000.000000,56414000.000000,61798000.000000,5.619000,983601000.000000,90674000.000000,5237000.000000,0.000000,17.435000
MRQ,2002-09-30,2002-09-30,2002-09-30,2002-Q3,142467000.000000,516582300.000000,2019-04-30,2031000.000000,1029577000.000000,,731903000.000000,297674000.000000,,2.632000,-1238000.000000,128625000.000000,128625000.000000,275587000.000000,14063000.000000,1.242000,5.707000,67852000.000000,51617000.000000,16235000.000000,67852000.000000,30138000.000000,4287000.000000,0.000000,0.000000,0.000000,22937000.000000,27224000.000000,0.082000,27224000.000000,22937000.000000,21303000.000000,0.240000,0.220000,0.240000,153511000.000000,,153511000.000000,503275300.000000,8.000000,6.157000,45470000.000000,0.780000,1.000000,55430000.000000,0.167000,14782000.000000,1634000.000000,364586000.000000,,0.000000,397323000.000000,394596000.000000,2727000.000000,876066000.000000,589436000.000000,286630000.000000,-1662000.000000,0.000000,6809000.000000,4873000.000000,0.000000,11682000.000000,-48745000.000000,-47507000.000000,46708000.000000,0.000000,14063000.000000,14063000.000000,14063000.000000,-1669000.000000,0.000000,0.042000,34405000.000000,21025000.000000,196597000.000000,0.000000,3.365000,13.959000,13.800000,62857000.000000,0.000000,8.970000,0.468000,0.474000,64801000.000000,-27543000.000000,331017000.000000,331017000.000000,0.000000,,,,,146000.000000,34405000.000000,1.000000,57590000.000000,58332000.000000,63512000.000000,5.675000,1014795000.000000,85981000.000000,7240000.000000,0.000000,17.397000
MRQ,2002-12-31,2002-12-31,2002-12-31,2002-Q4,122252000.000000,354847460.000000,2019-04-30,381000.000000,1065966000.000000,,920428000.000000,145538000.000000,,2.650000,-6677000.000000,63335000.000000,63335000.000000,273418000.000000,4481000.000000,1.153000,5.808000,60896000.000000,186000.000000,60710000.000000,60896000.000000,40758000.000000,4296000.000000,0.000000,0.000000,0.000000,11815000.000000,16111000.000000,0.049000,16111000.000000,11815000.000000,10633000.000000,0.075000,0.070000,0.075000,156565000.000000,,156565000.000000,294074460.000000,4.000000,3.483000,37504000.000000,0.635000,1.000000,53484000.000000,0.164000,14782000.000000,1182000.000000,250569000.000000,,0.000000,182452000.000000,182452000.000000,0.000000,909401000.000000,798176000.000000,111225000.000000,-20712000.000000,0.000000,-34000.000000,-7053000.000000,0.000000,9775000.000000,-64641000.000000,-57964000.000000,44181000.000000,0.000000,4481000.000000,4481000.000000,4481000.000000,7748000.000000,0.000000,0.014000,33839000.000000,19645000.000000,192503000.000000,0.000000,2.266000,9.736000,9.457000,64868000.000000,0.000000,6.005000,0.278000,0.278000,58358000.000000,-23061000.000000,326902000.000000,326902000.000000,0.000000,,,,,147000.000000,33839000.000000,1.000000,59092000.000000,59092000.000000,,5.532000,1051184000.000000,65349000.000000,6152000.000000,0.000000,17.789000
MRQ,2003-03-31,2003-03-31,2003-03-31,2003-Q1,150848000.000000,355936800.000000,2019-04-30,892000.000000,1100713000.000000,,939024000.000000,161689000.000000,,2.654000,-5650000.000000,129988000.000000,129988000.000000,292782000.000000,15022000.000000,1.191000,6.516000,115837000.000000,509000.000000,115328000.000000,115837000.000000,11575000.000000,3903000.000000,0.000000,0.000000,0.000000,24858000.000000,28761000.000000,0.082000,28761000.000000,24858000.000000,23238000.000000,0.260000,0.245000,0.260000,146443000.000000,,146443000.000000,353497800.000000,5.000000,3.742000,-6367000.000000,-0.115000,1.000000,59488000.000000,0.169000,14782000.000000,1620000.000000,283604000.000000,,0.000000,133573000.000000,133573000.000000,0.000000,954270000.000000,788176000.000000,166094000.000000,66926000.000000,0.000000,-25977000.000000,50027000.000000,0.000000,24050000.000000,42349000.000000,47999000.000000,-717000.000000,0.000000,15022000.000000,15022000.000000,15022000.000000,406000.000000,0.000000,0.043000,34213000.000000,25275000.000000,199910000.000000,0.000000,2.431000,8.073000,8.487000,62941000.000000,0.000000,6.450000,0.268000,0.268000,70608000.000000,-8039000.000000,352270000.000000,352270000.000000,0.000000,,,,,147000.000000,34213000.000000,1.000000,55184000.000000,55184000.000000,,6.384000,1085931000.000000,60972000.000000,8216000.000000,0.000000,19.678000
MRQ,2003-06-30,2003-06-30,2003-06-30,2003-Q2,174113000.000000,549140000.000000,2019-04-30,552000.000000,1098383000.000000,,939602000.000000,158781000.000000,,3.029000,-3936000.000000,96440000.000000,96440000.000000,303122000.000000,20265000.000000,1.227000,5.604000,115436000.000000,140000.000000,115296000.000000,115436000.000000,12882000.000000,3812000.000000,0.000000,0.000000,0.000000,32719000.000000,36531000.000000,0.099000,36531000.000000,32719000.000000,31189000.000000,0.370000,0.335000,0.370000,166332000.000000,,166332000.000000,534989000.000000,6.000000,4.925000,15062000.000000,0.274000,1.000000,67083000.000000,0.181000,14782000.000000,1530000.000000,337108000.000000,,0.000000,146616000.000000,146616000.000000,0.000000,932051000.000000,765489000.000000,166562000.000000,-33899000.000000,0.000000,-3996000.000000,-624000.000000,0.000000,-4620000.000000,-17248000.000000,-13312000.000000,18998000.000000,0.000000,20265000.000000,20265000.000000,20265000.000000,245000.000000,0.000000,0.055000,33787000.000000,33296000.000000,203132000.000000,0.000000,3.301000,10.201000,10.582000,62275000.000000,0.000000,10.000000,0.398000,0.398000,86294000.000000,11475000.000000,370205000.000000,370205000.000000,0.000000,,,,,146000.000000,33787000.000000,1.000000,54914000.000000,54914000.000000,,6.742000,1083601000.000000,57104000.000000,10924000.000000,0.000000,19.733000
MRQ,2003-09-30,2003-09-30,2003-09-30,2003-Q3,196207000.000000,589928850.000000,2019-04-30,-1414000.000000,1145010000.000000,,991297000.000000,153713000.000000,,3.155000,-4142000.000000,145972000.000000,145972000.000000,320214000.000000,22207000.000000,1.247000,5.321000,116727000.000000,696000.000000,116031000.000000,116727000.000000,12472000.000000,4035000.000000,0.000000,0.000000,0.000000,35308000.000000,39343000.000000,0.101000,39343000.000000,35308000.000000,34013000.000000,0.390000,0.360000,0.390000,181153000.000000,,181153000.000000,608924850.000000,6.000000,5.043000,45613000.000000,0.794000,1.000000,69023000.000000,0.177000,14782000.000000,1295000.000000,305893000.000000,,0.000000,138465000.000000,138465000.000000,0.000000,963857000.000000,795090000.000000,168767000.000000,49745000.000000,0.000000,-10153000.000000,594000.000000,0.000000,-9559000.000000,4777000.000000,8919000.000000,49755000.000000,0.000000,22207000.000000,22207000.000000,22207000.000000,-30000.000000,0.000000,0.057000,33845000.000000,35178000.000000,219706000.000000,0.000000,3.257000,9.519000,9.384000,62398000.000000,0.000000,10.275000,0.410000,0.410000,84371000.000000,33484000.000000,389237000.000000,389237000.000000,0.000000,,,,,92000.000000,33845000.000000,1.000000,57414000.000000,57414000.000000,,6.779000,1130228000.000000,50570000.000000,11806000.000000,0.000000,19.686000
MRQ,2003-12-31,2003-12-31,2003-12-31,2003-Q4,171652000.000000,759486600.000000,2019-04-30,-479000.000000,1134121000.000000,,980457000.000000,153664000.000000,,2.725000,7176000.000000,136119000.000000,136119000.000000,297499000.000000,4832000.000000,1.212000,6.522000,116808000.000000,163000.000000,116645000.000000,116808000.000000,45888000.000000,4179000.000000,0.000000,0.000000,0.000000,21200000.000000,25379000.000000,0.068000,25379000.000000,21200000.000000,20154000.000000,0.095000,-0.050000,0.095000,150764000.000000,,150764000.000000,730241600.000000,6.000000,5.617000,49933000.000000,0.902000,1.000000,76085000.000000,0.204000,14782000.000000,1046000.000000,291223000.000000,,0.000000,197573000.000000,197573000.000000,0.000000,983357000.000000,808805000.000000,174552000.000000,-9961000.000000,0.000000,-40188000.000000,-15033000.000000,0.000000,-71577000.000000,-6154000.000000,-55971000.000000,42757000.000000,0.000000,4832000.000000,4832000.000000,4832000.000000,22262000.000000,0.000000,0.013000,36042000.000000,40043000.000000,218141000.000000,0.000000,5.038000,12.186000,12.365000,63109000.000000,0.000000,13.725000,0.511000,0.511000,59469000.000000,36419000.000000,373584000.000000,373584000.000000,0.000000,,,,,66000.000000,36042000.000000,1.000000,55336000.000000,55336000.000000,,6.751000,1119339000.000000,45209000.000000,15322000.000000,0.000000,20.228000
MRQ,2004-03-31,2004-03-31,2004-03-31,2004-Q1,114503000.000000,984474400.000000,2019-04-30,303000.000000,699115000.000000,,470940000.000000,228175000.000000,,2.983000,-1491000.000000,167349000.000000,167349000.000000,328862000.000000,25829000.000000,1.321000,3.333000,115318000.000000,62000.000000,115256000.000000,115318000.000000,21974000.000000,4075000.000000,0.000000,0.000000,0.000000,41796000.000000,45871000.000000,0.112000,45871000.000000,41796000.000000,40631000.000000,0.480000,0.370000,0.480000,161339000.000000,,161339000.000000,965163400.000000,7.000000,6.560000,30736000.000000,0.568000,1.000000,79328000.000000,0.194000,14782000.000000,1165000.000000,275865000.000000,,0.000000,241808000.000000,179808000.000000,62000000.000000,537776000.000000,356437000.000000,181339000.000000,29963000.000000,0.000000,-22098000.000000,-1490000.000000,0.000000,-23588000.000000,17910000.000000,19401000.000000,32227000.000000,0.000000,25829000.000000,25829000.000000,25829000.000000,486000.000000,0.000000,0.063000,37168000.000000,42160000.000000,222097000.000000,0.000000,6.102000,13.461000,13.633000,62160000.000000,0.000000,18.200000,0.639000,0.639000,56474000.000000,60992000.000000,408190000.000000,408190000.000000,0.000000,,,,,22000.000000,37168000.000000,1.000000,54092000.000000,54092000.000000,,7.546000,684333000.000000,43651000.000000,14802000.000000,0.000000,12.651000
MRQ,2004-06-30,2004-06-30,2004-06-30,2004-Q2,117535000.000000,1202340600.000000,2019-04-30,-831000.000000,681852000.000000,,449375000.000000,232477000.000000,,3.107000,-6401000.000000,196853000.000000,196853000.000000,334833000.000000,38221000.000000,1.354000,3.079000,115331000.000000,43000.000000,115288000.000000,115331000.000000,20202000.000000,4199000.000000,0.000000,0.000000,0.000000,61208000.000000,65407000.000000,0.148000,65407000.000000,61208000.000000,60033000.000000,0.715000,0.550000,0.715000,167164000.000000,,167164000.000000,1150309600.000000,7.000000,6.536000,40161000.000000,0.747000,1.000000,106456000.000000,0.241000,14782000.000000,1175000.000000,253708000.000000,,0.000000,201757000.000000,139757000.000000,62000000.000000,514688000.000000,331840000.000000,182848000.000000,29222000.000000,0.000000,-43741000.000000,-34000.000000,0.000000,-43775000.000000,26129000.000000,32530000.000000,46562000.000000,0.000000,38221000.000000,38221000.000000,38221000.000000,0.000000,0.000000,0.087000,45289000.000000,61167000.000000,198688000.000000,0.000000,7.193000,13.200000,13.304000,64422000.000000,0.000000,22.350000,0.746000,0.746000,55551000.000000,94936000.000000,441289000.000000,441289000.000000,0.000000,,,,,929000.000000,45289000.000000,1.000000,53796000.000000,53796000.000000,,8.203000,667070000.000000,39091000.000000,21812000.000000,0.000000,12.400000
MRQ,2004-09-30,2004-09-30,2004-09-30,2004-Q3,127059000.000000,1284236420.000000,2019-04-30,-112000.000000,676632000.000000,,426561000.000000,250071000.000000,,3.410000,-8875000.000000,214677000.000000,214677000.000000,299962000.000000,30727000.000000,1.424000,2.703000,125430000.000000,78000.000000,125352000.000000,125430000.000000,17502000.000000,4098000.000000,0.000000,0.000000,0.000000,48686000.000000,52784000.000000,0.134000,52784000.000000,48686000.000000,47465000.000000,0.580000,0.450000,0.580000,182718000.000000,,182718000.000000,1202714420.000000,7.000000,6.349000,7341000.000000,0.137000,1.000000,93328000.000000,0.237000,14782000.000000,1221000.000000,273101000.000000,,0.000000,173735000.000000,111735000.000000,62000000.000000,493914000.000000,299502000.000000,194412000.000000,18320000.000000,0.000000,-23752000.000000,9980000.000000,0.000000,-13772000.000000,15876000.000000,24751000.000000,16216000.000000,0.000000,30727000.000000,30727000.000000,30727000.000000,0.000000,0.000000,0.078000,44593000.000000,48735000.000000,173042000.000000,0.000000,7.029000,12.893000,12.816000,69432000.000000,0.000000,23.965000,0.795000,0.795000,49964000.000000,125710000.000000,393290000.000000,393290000.000000,0.000000,,,,,3500000.000000,44593000.000000,1.000000,53588000.000000,53588000.000000,,7.339000,661850000.000000,35206000.000000,16738000.000000,0.000000,12.351000
MRQ,2004-12-31,2004-12-31,2004-12-31,2004-Q4,151166000.000000,1455014220.000000,2019-04-30,-245000.000000,689780000.000000,,449474000.000000,240306000.000000,,3.820000,-6335000.000000,229472000.000000,229472000.000000,231991000.000000,27960000.000000,1.507000,2.420000,125495000.000000,100000.000000,125395000.000000,125495000.000000,50763000.000000,4712000.000000,0.000000,0.000000,0.000000,45898000.000000,50610000.000000,0.152000,50610000.000000,45898000.000000,44775000.000000,0.530000,0.420000,0.530000,201697000.000000,,201697000.000000,1365767220.000000,7.000000,6.360000,53324000.000000,1.010000,1.000000,100758000.000000,0.303000,14782000.000000,1123000.000000,272713000.000000,,0.000000,194575000.000000,147575000.000000,47000000.000000,488083000.000000,298308000.000000,189775000.000000,11594000.000000,0.000000,-17369000.000000,-231000.000000,0.000000,-17600000.000000,-26745000.000000,-33996000.000000,59659000.000000,0.000000,27960000.000000,27960000.000000,27960000.000000,0.000000,0.000000,0.084000,54850000.000000,45908000.000000,143521000.000000,0.000000,7.214000,11.855000,11.980000,71152000.000000,0.000000,27.555000,0.923000,0.923000,40602000.000000,153357000.000000,332749000.000000,332749000.000000,0.000000,,,,,2881000.000000,54850000.000000,1.000000,52804000.000000,52804000.000000,,6.302000,674998000.000000,30830000.000000,16815000.000000,0.000000,12.783000
MRQ,2005-03-31,2005-03-31,2005-03-31,2005-Q1,191725000.000000,1704974880.000000,2019-04-30,-684000.000000,725953000.000000,,493343000.000000,232610000.000000,,4.440000,-2252000.000000,127836000.000000,127836000.000000,249062000.000000,29405000.000000,1.636000,2.061000,125471000.000000,97000.000000,125374000.000000,125471000.000000,13925000.000000,3714000.000000,0.000000,0.000000,0.000000,45423000.000000,49137000.000000,0.146000,49137000.000000,45423000.000000,43792000.000000,0.550000,0.440000,0.550000,237163000.000000,,237163000.000000,1604826880.000000,8.000000,7.364000,23332000.000000,0.437000,1.000000,86797000.000000,0.258000,14782000.000000,1631000.000000,407188000.000000,,0.000000,326525000.000000,279525000.000000,47000000.000000,488790000.000000,301618000.000000,187172000.000000,-94082000.000000,0.000000,-921000.000000,-25000.000000,0.000000,-946000.000000,-118720000.000000,-116468000.000000,25584000.000000,0.000000,29405000.000000,29405000.000000,29405000.000000,0.000000,0.000000,0.088000,41473000.000000,45324000.000000,152661000.000000,0.000000,7.189000,13.498000,13.440000,69669000.000000,0.000000,31.920000,1.134000,1.134000,20058000.000000,182050000.000000,335859000.000000,335859000.000000,0.000000,,,,,1224000.000000,41473000.000000,1.000000,53414000.000000,53414000.000000,,6.288000,711171000.000000,31931000.000000,14387000.000000,0.000000,13.314000
MRQ,2005-06-30,2005-06-30,2005-06-30,2005-Q2,186561000.000000,1909268280.000000,2019-04-30,-395000.000000,650118000.000000,,415370000.000000,234748000.000000,,5.221000,-3700000.000000,129731000.000000,129731000.000000,249499000.000000,33836000.000000,1.815000,1.330000,81465000.000000,97000.000000,81368000.000000,81465000.000000,16201000.000000,3782000.000000,0.000000,0.000000,0.000000,56672000.000000,60454000.000000,0.174000,60454000.000000,56672000.000000,52323000.000000,0.620000,0.510000,0.620000,278984000.000000,,278984000.000000,1906903280.000000,10.000000,8.953000,12306000.000000,0.230000,1.000000,98528000.000000,0.283000,14782000.000000,4349000.000000,358261000.000000,,0.000000,281488000.000000,234488000.000000,47000000.000000,371134000.000000,228809000.000000,142325000.000000,-1115000.000000,0.000000,-36629000.000000,-10028000.000000,0.000000,-46657000.000000,29536000.000000,33236000.000000,16006000.000000,0.000000,33836000.000000,33836000.000000,33836000.000000,0.000000,0.000000,0.097000,42158000.000000,56370000.000000,128254000.000000,0.000000,6.844000,15.659000,15.671000,69302000.000000,0.000000,35.730000,1.354000,1.354000,17573000.000000,212913000.000000,348027000.000000,348027000.000000,0.000000,,,,,1945000.000000,42158000.000000,1.000000,53436000.000000,53436000.000000,,6.513000,635336000.000000,33835000.000000,18487000.000000,0.000000,11.890000
MRQ,2005-09-30,2005-09-30,2005-09-30,2005-Q3,146732000.000000,1962932740.000000,2019-04-30,-1304000.000000,690985000.000000,,462553000.000000,228432000.000000,,4.435000,-2614000.000000,105765000.000000,105765000.000000,259483000.000000,28442000.000000,1.465000,1.733000,62439000.000000,104000.000000,62335000.000000,62439000.000000,91274000.000000,3671000.000000,0.000000,0.000000,0.000000,44936000.000000,48607000.000000,0.140000,48607000.000000,44936000.000000,42945000.000000,0.500000,0.430000,0.500000,252834000.000000,,252834000.000000,1914666740.000000,10.000000,9.170000,108741000.000000,1.908000,1.000000,87960000.000000,0.253000,14782000.000000,1991000.000000,317056000.000000,,0.000000,350056000.000000,303056000.000000,47000000.000000,438151000.000000,315821000.000000,122330000.000000,-23905000.000000,0.000000,-87275000.000000,9969000.000000,0.000000,-77306000.000000,-57954000.000000,-55340000.000000,111355000.000000,0.000000,28442000.000000,28442000.000000,28442000.000000,0.000000,0.000000,0.082000,43451000.000000,44509000.000000,130048000.000000,0.000000,7.764000,16.407000,15.652000,68439000.000000,0.000000,34.435000,1.439000,1.439000,19049000.000000,239269000.000000,347443000.000000,347443000.000000,0.000000,,,,,1708000.000000,43451000.000000,1.000000,57004000.000000,57004000.000000,,6.095000,676203000.000000,35070000.000000,14503000.000000,0.000000,11.862000
MRQ,2005-12-31,2005-12-31,2005-12-31,2005-Q4,171261000.000000,2298210320.000000,2019-04-30,-1750000.000000,668846000.000000,,438355000.000000,230491000.000000,,4.945000,-4461000.000000,106311000.000000,106311000.000000,265102000.000000,28334000.000000,1.641000,1.353000,52413000.000000,106000.000000,52307000.000000,52413000.000000,49067000.000000,3784000.000000,0.000000,0.000000,0.000000,43485000.000000,47269000.000000,0.134000,47269000.000000,43485000.000000,42665000.000000,0.490000,0.430000,0.490000,284252000.000000,,284252000.000000,2254884320.000000,12.000000,10.974000,9426000.000000,0.164000,1.000000,88605000.000000,0.251000,14782000.000000,820000.000000,333072000.000000,,0.000000,328250000.000000,281250000.000000,47000000.000000,384594000.000000,267094000.000000,117500000.000000,-458000.000000,0.000000,-7211000.000000,-10025000.000000,0.000000,-17236000.000000,2891000.000000,7352000.000000,13887000.000000,0.000000,28334000.000000,28334000.000000,28334000.000000,0.000000,0.000000,0.080000,45391000.000000,43214000.000000,138214000.000000,0.000000,8.085000,19.149000,18.509000,71357000.000000,0.000000,39.980000,1.659000,1.659000,14501000.000000,262559000.000000,353707000.000000,353707000.000000,0.000000,,,,,2514000.000000,45391000.000000,1.000000,57484000.000000,57484000.000000,,6.153000,654064000.000000,37215000.000000,14331000.000000,0.000000,11.378000
MRQ,2006-03-31,2006-03-31,2006-03-31,2006-Q1,134038000.000000,2369920300.000000,2019-04-30,-2798000.000000,767355000.000000,,524483000.000000,242872000.000000,,4.119000,-2785000.000000,117121000.000000,117121000.000000,336519000.000000,32671000.000000,1.343000,2.200000,71887000.000000,118000.000000,71769000.000000,71887000.000000,110221000.000000,4318000.000000,0.000000,0.000000,0.000000,50357000.000000,54675000.000000,0.125000,54675000.000000,50357000.000000,49581000.000000,0.570000,0.510000,0.570000,239821000.000000,,239821000.000000,2316022300.000000,12.000000,10.976000,126764000.000000,2.177000,1.000000,101729000.000000,0.232000,14782000.000000,776000.000000,316894000.000000,,0.000000,378253000.000000,331253000.000000,47000000.000000,527534000.000000,390445000.000000,137089000.000000,10895000.000000,0.000000,-83323000.000000,19975000.000000,0.000000,-58239000.000000,-60415000.000000,-57630000.000000,129549000.000000,0.000000,32671000.000000,32671000.000000,32671000.000000,0.000000,0.000000,0.075000,51339000.000000,50390000.000000,165220000.000000,0.000000,9.882000,19.223000,18.670000,69716000.000000,0.000000,40.700000,1.593000,1.593000,15604000.000000,290573000.000000,438248000.000000,438248000.000000,0.000000,,,,,-3449000.000000,51339000.000000,1.000000,58229000.000000,58229000.000000,,7.526000,752573000.000000,40259000.000000,16910000.000000,0.000000,12.924000
MRQ,2006-06-30,2006-06-30,2006-06-30,2006-Q2,115635000.000000,2520869460.000000,2019-04-30,-3875000.000000,754105000.000000,,487797000.000000,266308000.000000,,4.378000,-5394000.000000,114935000.000000,114935000.000000,321545000.000000,33534000.000000,1.311000,2.077000,71860000.000000,110000.000000,71750000.000000,71860000.000000,114157000.000000,3921000.000000,0.000000,0.000000,0.000000,52480000.000000,56401000.000000,0.133000,56401000.000000,52480000.000000,51478000.000000,0.600000,0.540000,0.600000,245073000.000000,,245073000.000000,2475635460.000000,13.000000,11.962000,5154000.000000,0.092000,1.000000,102893000.000000,0.242000,14782000.000000,1002000.000000,324086000.000000,,0.000000,331945000.000000,284945000.000000,47000000.000000,509032000.000000,372162000.000000,136870000.000000,-2099000.000000,0.000000,-33738000.000000,-28000.000000,0.000000,-28615000.000000,15968000.000000,21362000.000000,10548000.000000,0.000000,33534000.000000,33534000.000000,33534000.000000,0.000000,0.000000,0.079000,50422000.000000,52471000.000000,149837000.000000,0.000000,10.286000,20.498000,20.847000,71149000.000000,0.000000,45.030000,1.612000,1.612000,13940000.000000,317197000.000000,424438000.000000,424438000.000000,0.000000,,,,,-3769000.000000,50422000.000000,1.000000,55982000.000000,55982000.000000,,7.582000,739323000.000000,41554000.000000,17944000.000000,0.000000,13.206000
MRQ,2006-09-30,2006-09-30,2006-09-30,2006-Q3,142090000.000000,2126721520.000000,2019-04-30,-2235000.000000,718117000.000000,,455482000.000000,262635000.000000,,5.283000,-5004000.000000,97236000.000000,97236000.000000,323694000.000000,34929000.000000,1.453000,1.418000,43833000.000000,104000.000000,43729000.000000,43833000.000000,52566000.000000,4088000.000000,0.000000,0.000000,0.000000,55026000.000000,59114000.000000,0.137000,59114000.000000,55026000.000000,54011000.000000,0.620000,0.560000,0.620000,296939000.000000,,296939000.000000,2083646520.000000,10.000000,9.582000,-51198000.000000,-0.911000,1.000000,106303000.000000,0.247000,14782000.000000,1015000.000000,336540000.000000,,0.000000,290332000.000000,243332000.000000,47000000.000000,421178000.000000,313392000.000000,107786000.000000,-18930000.000000,0.000000,3344000.000000,-20029000.000000,0.000000,-15500000.000000,42764000.000000,47768000.000000,-46194000.000000,0.000000,34929000.000000,34929000.000000,34929000.000000,0.000000,0.000000,0.081000,51291000.000000,55012000.000000,159428000.000000,0.000000,7.162000,16.427000,16.596000,72001000.000000,0.000000,37.840000,1.292000,1.292000,26445000.000000,350129000.000000,429997000.000000,429997000.000000,0.000000,,,,,1583000.000000,51291000.000000,1.000000,56203000.000000,56203000.000000,,7.651000,703335000.000000,40446000.000000,19082000.000000,0.000000,12.514000
MRQ,2006-12-31,2006-12-31,2006-12-31,2006-Q4,141000000.000000,2058424600.000000,2019-04-30,-8635000.000000,809412000.000000,,543953000.000000,265459000.000000,,3.794000,-3136000.000000,78346000.000000,78346000.000000,314220000.000000,39337000.000000,1.350000,2.735000,118850000.000000,116000.000000,118734000.000000,118850000.000000,52075000.000000,4243000.000000,0.000000,0.000000,0.000000,61531000.000000,65774000.000000,0.154000,65774000.000000,61531000.000000,60423000.000000,0.710000,0.640000,0.710000,216718000.000000,,216718000.000000,2005021600.000000,9.000000,8.497000,93332000.000000,1.634000,1.000000,111989000.000000,0.263000,14782000.000000,1108000.000000,432181000.000000,,0.000000,370846000.000000,323846000.000000,47000000.000000,592694000.000000,402953000.000000,189741000.000000,-19007000.000000,0.000000,-114955000.000000,74971000.000000,0.000000,-41576000.000000,-73899000.000000,-70763000.000000,96468000.000000,0.000000,39337000.000000,39337000.000000,39337000.000000,0.000000,0.000000,0.092000,52428000.000000,59561000.000000,224447000.000000,0.000000,9.498000,14.654000,14.474000,71893000.000000,0.000000,36.040000,1.198000,1.198000,21308000.000000,388895000.000000,426209000.000000,426209000.000000,0.000000,,,,,4981000.000000,52428000.000000,1.000000,57115000.000000,57115000.000000,,7.462000,794630000.000000,48517000.000000,21086000.000000,0.000000,13.913000
MRQ,2007-03-31,2007-03-31,2007-03-31,2007-Q1,112117000.000000,2295433350.000000,2019-04-30,-8559000.000000,890148000.000000,,622295000.000000,267853000.000000,,3.923000,-2233000.000000,96712000.000000,96712000.000000,435311000.000000,-1239000.000000,1.220000,3.070000,70655000.000000,132000.000000,70523000.000000,70655000.000000,121958000.000000,3954000.000000,0.000000,0.000000,0.000000,784000.000000,4738000.000000,0.010000,4738000.000000,784000.000000,-1171000.000000,-0.020000,-0.020000,-0.020000,218735000.000000,,218735000.000000,2335937350.000000,14.000000,12.557000,82944000.000000,1.488000,1.000000,59326000.000000,0.120000,14782000.000000,1955000.000000,339131000.000000,,0.000000,392460000.000000,345460000.000000,47000000.000000,671413000.000000,510178000.000000,161235000.000000,18324000.000000,0.000000,-18607000.000000,-25039000.000000,0.000000,-42591000.000000,-24262000.000000,-22029000.000000,85177000.000000,0.000000,-1239000.000000,-1239000.000000,-1239000.000000,0.000000,0.000000,-0.003000,59192000.000000,134000.000000,221072000.000000,0.000000,10.494000,21.541000,21.555000,70269000.000000,0.000000,41.170000,1.293000,1.293000,24881000.000000,383073000.000000,494637000.000000,494637000.000000,0.000000,,,,,689000.000000,59192000.000000,1.000000,55755000.000000,55755000.000000,,8.872000,875366000.000000,73938000.000000,68000.000000,0.000000,15.700000
MRQ,2007-06-30,2007-06-30,2007-06-30,2007-Q2,145371000.000000,2327107860.000000,2019-04-30,-9530000.000000,873625000.000000,,610645000.000000,262980000.000000,,4.666000,2113000.000000,160881000.000000,160881000.000000,362211000.000000,39360000.000000,1.312000,2.345000,59063000.000000,3558000.000000,55505000.000000,59063000.000000,121934000.000000,4022000.000000,0.000000,0.000000,0.000000,61152000.000000,65174000.000000,0.135000,65174000.000000,61152000.000000,60115000.000000,0.700000,0.670000,0.700000,261143000.000000,,261143000.000000,2301050860.000000,13.000000,11.812000,26452000.000000,0.473000,1.000000,119836000.000000,0.249000,14782000.000000,1037000.000000,291751000.000000,,0.000000,335398000.000000,288398000.000000,47000000.000000,612482000.000000,465274000.000000,147208000.000000,66236000.000000,0.000000,1827000.000000,-15039000.000000,0.000000,-10034000.000000,51931000.000000,49818000.000000,24339000.000000,0.000000,39360000.000000,39360000.000000,39360000.000000,0.000000,0.000000,0.082000,59528000.000000,60308000.000000,193458000.000000,0.000000,8.911000,20.706000,20.687000,64947000.000000,0.000000,41.580000,1.270000,1.270000,31510000.000000,419289000.000000,482047000.000000,482047000.000000,0.000000,,,,,-1928000.000000,59528000.000000,1.000000,55967000.000000,55967000.000000,,8.613000,858843000.000000,72558000.000000,20755000.000000,0.000000,15.346000
MRQ,2007-09-30,2007-09-30,2007-09-30,2007-Q3,148620000.000000,2369052880.000000,2019-04-30,-7408000.000000,795026000.000000,,531005000.000000,264021000.000000,,5.361000,-2847000.000000,70434000.000000,70434000.000000,375075000.000000,34626000.000000,1.389000,1.641000,20688000.000000,153000.000000,20535000.000000,20688000.000000,52207000.000000,3639000.000000,0.000000,0.000000,0.000000,51864000.000000,55503000.000000,0.118000,55503000.000000,51864000.000000,51280000.000000,0.620000,0.590000,0.620000,301044000.000000,,301044000.000000,2267234880.000000,13.000000,11.859000,-61202000.000000,-1.090000,1.000000,93849000.000000,0.200000,14782000.000000,584000.000000,348113000.000000,,0.000000,331420000.000000,284420000.000000,47000000.000000,493982000.000000,382385000.000000,111597000.000000,-90318000.000000,0.000000,2057000.000000,-38416000.000000,0.000000,-36159000.000000,4196000.000000,7043000.000000,-58355000.000000,0.000000,34626000.000000,34626000.000000,34626000.000000,0.000000,0.000000,0.074000,42264000.000000,51585000.000000,193204000.000000,0.000000,7.869000,21.136000,20.990000,64197000.000000,0.000000,42.190000,1.266000,1.266000,30366000.000000,453415000.000000,468924000.000000,468924000.000000,0.000000,,,,,697000.000000,42264000.000000,1.000000,56152000.000000,56152000.000000,,8.351000,780244000.000000,62346000.000000,16654000.000000,0.000000,13.895000
MRT,1995-12-31,1995-12-31,1995-12-31,1995-Q4,,,2019-04-30,,,,,,,,-19797000.000000,,,347994000.000000,21304000.000000,,,,,,,,9505000.000000,,0.000000,0.000000,37239000.000000,46744000.000000,0.100000,46744000.000000,37239000.000000,33502000.000000,0.407000,0.400000,0.407000,,,,,,,14733000.000000,,1.000000,119015000.000000,0.255000,,3737000.000000,,,,,,,,,,18999000.000000,-11023000.000000,3807000.000000,-9306000.000000,0.000000,-5499000.000000,-10032000.000000,20788000.000000,34530000.000000,0.000000,21304000.000000,21304000.000000,21304000.000000,6600000.000000,0.000000,0.046000,75176000.000000,43839000.000000,,0.000000,,,26.003000,,0.000000,10.583000,,,,,467009000.000000,467009000.000000,0.000000,,,,0.080000,0.000000,63562000.000000,,,,,,,,12198000.000000,,
MRT,1996-12-31,1996-12-31,1996-12-31,1996-Q4,76530000.000000,,2019-04-30,487000.000000,629462000.000000,,252935000.000000,376527000.000000,,,-17755000.000000,117235000.000000,117235000.000000,446673000.000000,31143000.000000,1.434000,1.684000,68384000.000000,2195000.000000,66189000.000000,68384000.000000,24210000.000000,10499000.000000,0.000000,0.000000,0.000000,44437000.000000,54936000.000000,0.095000,54936000.000000,44437000.000000,41614000.000000,0.585000,0.575000,0.585000,234482000.000000,,234482000.000000,,,,34691000.000000,,1.000000,128738000.000000,0.224000,44602000.000000,2823000.000000,359604000.000000,,0.000000,244170000.000000,83688000.000000,160482000.000000,394980000.000000,176405000.000000,218575000.000000,46543000.000000,-36310000.000000,3638000.000000,-8601000.000000,0.000000,-4963000.000000,-940000.000000,53125000.000000,52446000.000000,0.000000,31143000.000000,31143000.000000,31143000.000000,0.000000,0.000000,0.054000,84301000.000000,44437000.000000,46969000.000000,0.000000,,,14.031000,99804000.000000,0.000000,8.208000,,,31849000.000000,82001000.000000,575411000.000000,575411000.000000,0.000000,,,,0.077000,0.000000,72237000.000000,1.000000,,,,,584860000.000000,13713000.000000,10471000.000000,0.000000,
MRT,1997-03-31,1997-03-31,1997-03-31,1997-Q1,,,2019-04-30,,,,,,,,,,,,,,,,,,,,,,0.000000,0.000000,,,,,,,,,,,,,,,,,,1.000000,,,,,,,,,,,,,,,,,,,,,,,,,,,,,,,,,,,,,,,8.458000,,,,,,,,,,,,,,1.000000,,53547000.000000,,,,,,,
MRT,1997-06-30,1997-06-30,1997-06-30,1997-Q2,,,2019-04-30,,,,,,,,,,,,,,,,,,,,,,0.000000,0.000000,,,,,,,,,,,,,,,,,,1.000000,,,,,,,,,,,,,,,,,,,,,,,,,,,,,,,,,,,,,,,10.417000,,,,,,,,,,,,,,1.000000,,53908000.000000,,,,,,,
MRT,1997-09-30,1997-09-30,1997-09-30,1997-Q3,,,2019-04-30,,,,,,,,,,,,,,,,,,,,,,0.000000,0.000000,,,,,,,,,,,,,,,,,,1.000000,,,,,,,,,,,,,,,,,,,,,,,,,,,,,,,,,,,,,,,12.208000,,,,,,,,,,,,,,1.000000,,54228000.000000,,,,,,,
MRT,1997-12-31,1997-12-31,1997-12-31,1997-Q4,88377000.000000,614496692.000000,2019-04-30,655000.000000,723936000.000000,676699000.000000,300606000.000000,423330000.000000,1.067000,4.846000,-54870000.000000,113381000.000000,113381000.000000,566547000.000000,24241000.000000,1.416000,1.725000,95567000.000000,4726000.000000,90841000.000000,95567000.000000,29763000.000000,13510000.000000,0.000000,0.000000,0.000000,31908000.000000,45418000.000000,0.063000,45418000.000000,31908000.000000,27475000.000000,0.450000,0.440000,0.450000,265682000.000000,250082000.000000,265682000.000000,,,,-2050000.000000,-0.037000,1.000000,155177000.000000,0.215000,42803000.000000,4433000.000000,451090000.000000,405347000.000000,0.000000,270651000.000000,115498000.000000,155153000.000000,458254000.000000,212229000.000000,246025000.000000,-6746000.000000,-3145000.000000,4787000.000000,22609000.000000,0.000000,27396000.000000,-86962000.000000,-28947000.000000,52820000.000000,0.000000,24241000.000000,24241000.000000,24241000.000000,0.000000,0.000000,0.034000,123269000.000000,31908000.000000,99544000.000000,0.000000,2.313000,25.349000,24.907000,148831000.000000,0.000000,11.208000,0.851000,0.851000,47200000.000000,106242000.000000,721724000.000000,721724000.000000,0.000000,0.036000,0.097000,0.079000,0.044000,0.000000,93919000.000000,1.000000,54825000.000000,54825000.000000,,13.164000,681133000.000000,15496000.000000,3234000.000000,0.000000,12.424000
MRT,1998-03-31,1998-03-31,1998-03-31,1998-Q1,71562000.000000,728715808.000000,2019-04-30,138000.000000,740704000.000000,,282421000.000000,458283000.000000,,5.138000,-54970000.000000,56557000.000000,56557000.000000,599758000.000000,35030000.000000,1.339000,1.630000,102430000.000000,4191000.000000,98239000.000000,102430000.000000,18695000.000000,14295000.000000,0.000000,0.000000,0.000000,46329000.000000,60624000.000000,0.080000,60624000.000000,46329000.000000,42017000.000000,0.645000,0.635000,0.645000,281615000.000000,,281615000.000000,710901808.000000,15.000000,11.726000,-11612000.000000,-0.212000,1.000000,161797000.000000,0.212000,42333000.000000,4312000.000000,533385000.000000,,0.000000,323368000.000000,139668000.000000,183700000.000000,459089000.000000,210859000.000000,248230000.000000,-47639000.000000,-1772000.000000,7538000.000000,10050000.000000,0.000000,17588000.000000,-108585000.000000,-51843000.000000,43358000.000000,0.000000,35030000.000000,35030000.000000,35030000.000000,0.000000,0.000000,0.046000,115468000.000000,46329000.000000,120206000.000000,0.000000,2.588000,20.803000,20.607000,157254000.000000,0.000000,13.292000,0.957000,0.957000,74404000.000000,118429000.000000,761555000.000000,761555000.000000,0.000000,,,,0.061000,0.000000,97118000.000000,1.000000,54825000.000000,54812000.000000,,13.894000,698371000.000000,0.000000,6987000.000000,0.000000,12.741000
MRT,1998-06-30,1998-06-30,1998-06-30,1998-Q2,89363000.000000,693285938.000000,2019-04-30,846000.000000,783288000.000000,,326513000.000000,456775000.000000,,5.375000,-54870000.000000,90447000.000000,90447000.000000,660635000.000000,37020000.000000,1.377000,1.645000,101409000.000000,6079000.000000,95330000.000000,101409000.000000,20750000.000000,15363000.000000,0.000000,0.000000,0.000000,49776000.000000,65139000.000000,0.079000,65139000.000000,49776000.000000,45052000.000000,0.680000,0.665000,0.680000,296139000.000000,,296139000.000000,739158938.000000,15.000000,11.347000,-2050000.000000,-0.037000,1.000000,169144000.000000,0.204000,41870000.000000,4724000.000000,515230000.000000,,0.000000,289180000.000000,120676000.000000,168504000.000000,487149000.000000,237150000.000000,249999000.000000,13877000.000000,-3145000.000000,10258000.000000,9610000.000000,0.000000,27396000.000000,-42562000.000000,8899000.000000,52820000.000000,0.000000,37020000.000000,37020000.000000,37020000.000000,0.000000,0.000000,0.045000,119368000.000000,49776000.000000,138922000.000000,0.000000,2.341000,18.727000,18.520000,161953000.000000,0.000000,12.594000,0.836000,0.836000,106294000.000000,130980000.000000,829779000.000000,829779000.000000,0.000000,,,,0.060000,0.000000,101018000.000000,1.000000,55050000.000000,55092000.000000,,15.062000,741418000.000000,0.000000,8032000.000000,0.000000,13.458000
MRT,1998-09-30,1998-09-30,1998-09-30,1998-Q3,87798000.000000,544575938.000000,2019-04-30,1508000.000000,794004000.000000,760483000.000000,346247000.000000,447757000.000000,1.219000,5.501000,-46365000.000000,102074000.000000,102074000.000000,752749000.000000,49109000.000000,1.340000,1.631000,89480000.000000,7995000.000000,81485000.000000,89480000.000000,18524000.000000,16863000.000000,0.000000,0.000000,0.000000,70754000.000000,87617000.000000,0.095000,87617000.000000,70754000.000000,65763000.000000,0.900000,0.885000,0.900000,301810000.000000,286311500.000000,301810000.000000,555537938.000000,8.000000,6.341000,19351000.000000,0.353000,1.000000,174253000.000000,0.188000,41403000.000000,4991000.000000,481558000.000000,495315750.000000,0.000000,290006000.000000,134022000.000000,155984000.000000,492194000.000000,258449000.000000,233745000.000000,-9886000.000000,1428000.000000,-1061000.000000,-1736000.000000,0.000000,-2797000.000000,-72805000.000000,-65830000.000000,65716000.000000,0.000000,49109000.000000,49109000.000000,49109000.000000,0.000000,0.000000,0.053000,103499000.000000,70754000.000000,157845000.000000,0.000000,1.804000,11.089000,10.938000,165847000.000000,0.000000,9.844000,0.587000,0.583000,101701000.000000,143564000.000000,927002000.000000,927002000.000000,0.000000,0.065000,0.172000,0.143000,0.076000,0.000000,103499000.000000,1.000000,55322000.000000,54866000.000000,,16.896000,752601000.000000,0.000000,16654000.000000,0.000000,13.717000
MRT,1998-12-31,1998-12-31,1998-12-31,1998-Q4,198092000.000000,571425625.000000,2019-04-30,-1027000.000000,1045120000.000000,840779000.000000,544260000.000000,500860000.000000,1.234000,5.597000,-40743000.000000,101668000.000000,101668000.000000,852092000.000000,39596000.000000,1.572000,2.441000,247661000.000000,5263000.000000,242398000.000000,247661000.000000,39968000.000000,19263000.000000,0.000000,0.000000,0.000000,60573000.000000,79836000.000000,0.077000,79836000.000000,60573000.000000,53392000.000000,0.725000,0.715000,0.725000,303714000.000000,295819500.000000,303714000.000000,558831625.000000,9.000000,7.000000,9345000.000000,0.172000,1.000000,185111000.000000,0.178000,142471000.000000,7181000.000000,702474000.000000,558161750.000000,0.000000,290824000.000000,260337000.000000,30487000.000000,741406000.000000,346168000.000000,395238000.000000,-12931000.000000,-110035000.000000,-1166000.000000,113102000.000000,0.000000,111936000.000000,-174955000.000000,-24177000.000000,50088000.000000,0.000000,39596000.000000,39596000.000000,39596000.000000,0.000000,0.000000,0.038000,124538000.000000,60573000.000000,157746000.000000,0.000000,1.881000,14.431000,14.526000,229164000.000000,0.000000,10.531000,0.551000,0.551000,170626000.000000,145838000.000000,1037203000.000000,1037203000.000000,0.000000,0.047000,0.134000,0.109000,0.058000,0.000000,110687000.000000,1.000000,54260000.000000,54260000.000000,,19.115000,902649000.000000,14311000.000000,13796000.000000,0.000000,16.636000
MRT,1999-03-31,1999-03-31,1999-03-31,1999-Q1,24583000.000000,352833000.000000,2019-04-30,0.000000,1034831000.000000,914310750.000000,350856000.000000,683975000.000000,1.252000,5.370000,-45744000.000000,35135000.000000,35135000.000000,960636000.000000,26703000.000000,1.075000,2.544000,267660000.000000,4451000.000000,263209000.000000,267660000.000000,19976000.000000,22038000.000000,0.000000,0.000000,0.000000,45899000.000000,67937000.000000,0.059000,67937000.000000,45899000.000000,35950000.000000,0.490000,0.485000,0.490000,291984000.000000,298411750.000000,291984000.000000,498826000.000000,11.000000,7.342000,-42515000.000000,-0.782000,1.000000,184232000.000000,0.161000,141013000.000000,9949000.000000,800070000.000000,624833000.000000,0.000000,296483000.000000,98543000.000000,197940000.000000,742847000.000000,326273000.000000,416574000.000000,-21312000.000000,-114408000.000000,-10516000.000000,129308000.000000,0.000000,118792000.000000,-143333000.000000,16819000.000000,3229000.000000,0.000000,26703000.000000,26703000.000000,26703000.000000,0.000000,0.000000,0.023000,138333000.000000,45899000.000000,222090000.000000,0.000000,1.208000,13.213000,13.265000,237594000.000000,0.000000,6.500000,0.308000,0.309000,173783000.000000,145132000.000000,1144868000.000000,1144868000.000000,0.000000,0.029000,0.089000,0.073000,0.040000,0.000000,119376000.000000,1.000000,54282000.000000,54372000.000000,,21.056000,893818000.000000,0.000000,9247000.000000,0.000000,16.439000
MRT,1999-06-30,1999-06-30,1999-06-30,1999-Q2,-20118000.000000,386708438.000000,2019-04-30,-10590000.000000,1021568000.000000,973880750.000000,307321000.000000,714247000.000000,1.249000,5.510000,-50516000.000000,46030000.000000,46030000.000000,1025798000.000000,22708000.000000,0.939000,2.460000,250540000.000000,4126000.000000,246414000.000000,250540000.000000,19930000.000000,24575000.000000,0.000000,0.000000,0.000000,44321000.000000,68896000.000000,0.057000,68896000.000000,44321000.000000,31865000.000000,0.420000,-3.535000,0.420000,295281000.000000,298197250.000000,295281000.000000,619233438.000000,14.000000,8.988000,-32066000.000000,-0.598000,1.000000,190343000.000000,0.157000,154932000.000000,12456000.000000,743707000.000000,681952250.000000,0.000000,270848000.000000,78975000.000000,191873000.000000,726287000.000000,327439000.000000,398848000.000000,-44072000.000000,-114408000.000000,-12610000.000000,113209000.000000,0.000000,100599000.000000,-163121000.000000,1803000.000000,18450000.000000,0.000000,22708000.000000,22708000.000000,22708000.000000,0.000000,0.000000,0.019000,146022000.000000,44321000.000000,199690000.000000,0.000000,1.310000,17.030000,17.188000,244593000.000000,0.000000,7.219000,0.318000,0.318000,190988000.000000,153688000.000000,1216141000.000000,1216141000.000000,0.000000,0.023000,0.076000,0.065000,0.036000,0.000000,127065000.000000,1.000000,53570000.000000,53590000.000000,,22.693000,866636000.000000,0.000000,9157000.000000,0.000000,16.172000
MRT,1999-09-30,1999-09-30,1999-09-30,1999-Q3,-20508000.000000,271208250.000000,2019-04-30,-13762000.000000,1088551000.000000,1047517500.000000,332660000.000000,755891000.000000,1.201000,5.624000,-56218000.000000,55818000.000000,55818000.000000,1060953000.000000,18987000.000000,0.942000,2.604000,285411000.000000,4690000.000000,280721000.000000,285411000.000000,20043000.000000,26935000.000000,0.000000,0.000000,0.000000,43544000.000000,70479000.000000,0.056000,70479000.000000,43544000.000000,28126000.000000,0.355000,-7.500000,0.355000,302057000.000000,298259000.000000,302057000.000000,475718250.000000,11.000000,6.750000,-92644000.000000,-1.725000,1.000000,196676000.000000,0.156000,185785000.000000,15418000.000000,779191000.000000,756360500.000000,0.000000,263255000.000000,74882000.000000,188373000.000000,786494000.000000,353168000.000000,433326000.000000,-47332000.000000,-114408000.000000,-3947000.000000,160009000.000000,0.000000,156062000.000000,-166968000.000000,41620000.000000,-36426000.000000,0.000000,18987000.000000,18987000.000000,18987000.000000,0.000000,0.000000,0.015000,153132000.000000,43544000.000000,221116000.000000,0.000000,0.898000,14.284000,14.261000,252750000.000000,0.000000,5.063000,0.216000,0.216000,220503000.000000,162551000.000000,1257629000.000000,1257629000.000000,0.000000,0.018000,0.064000,0.058000,0.035000,0.000000,134175000.000000,1.000000,53572000.000000,53712000.000000,,23.414000,902766000.000000,0.000000,9139000.000000,0.000000,16.808000
MRT,1999-12-31,1999-12-31,1999-12-31,1999-Q4,112105000.000000,179733250.000000,2019-04-30,-16063000.000000,1130112000.000000,1068765500.000000,521958000.000000,608154000.000000,0.972000,5.180000,-48648000.000000,77641000.000000,77641000.000000,907586000.000000,-4631000.000000,1.274000,3.059000,263595000.000000,4741000.000000,258854000.000000,263595000.000000,45333000.000000,20675000.000000,0.000000,0.000000,0.000000,14089000.000000,34764000.000000,0.033000,34764000.000000,14089000.000000,-2422000.000000,-0.085000,-0.085000,-0.085000,278412000.000000,291933500.000000,278412000.000000,409326250.000000,29.000000,11.774000,-56352000.000000,-1.048000,1.000000,131479000.000000,0.127000,159514000.000000,16511000.000000,746699000.000000,767416750.000000,0.000000,233813000.000000,218951000.000000,14862000.000000,851700000.000000,409853000.000000,441847000.000000,-17647000.000000,0.000000,-5636000.000000,16581000.000000,0.000000,10945000.000000,-19193000.000000,29455000.000000,-7704000.000000,0.000000,-4631000.000000,-4631000.000000,-4631000.000000,15154000.000000,0.000000,-0.004000,102236000.000000,29243000.000000,163490000.000000,0.000000,0.646000,-38.811000,-39.338000,264549000.000000,0.000000,3.344000,0.173000,0.173000,194580000.000000,141207000.000000,1039065000.000000,1039065000.000000,0.000000,-0.004000,-0.016000,0.018000,0.014000,0.000000,94428000.000000,1.000000,53752000.000000,53752000.000000,,19.331000,970598000.000000,66033000.000000,2209000.000000,0.000000,18.057000
MRT,2000-03-31,2000-03-31,2000-03-31,2000-Q1,130390000.000000,133514938.000000,2019-04-30,-11989000.000000,1138707000.000000,1094734500.000000,526441000.000000,612266000.000000,0.957000,5.280000,-40734000.000000,61708000.000000,61708000.000000,913523000.000000,-2369000.000000,1.329000,2.996000,277911000.000000,4591000.000000,273320000.000000,277911000.000000,47585000.000000,22545000.000000,0.000000,0.000000,0.000000,19028000.000000,41573000.000000,0.040000,41573000.000000,19028000.000000,978000.000000,-0.040000,-7.895000,-0.040000,284946000.000000,290174000.000000,284946000.000000,319468938.000000,17.000000,7.685000,-40031000.000000,-0.742000,1.000000,134644000.000000,0.128000,158300000.000000,18050000.000000,800559000.000000,767539000.000000,0.000000,224223000.000000,203592000.000000,20631000.000000,853761000.000000,396051000.000000,457710000.000000,31817000.000000,0.000000,821000.000000,10898000.000000,0.000000,11719000.000000,21090000.000000,58824000.000000,703000.000000,0.000000,-2369000.000000,-2369000.000000,-2369000.000000,15154000.000000,0.000000,-0.002000,100462000.000000,34182000.000000,233443000.000000,0.000000,0.469000,-56.359000,-61.719000,261858000.000000,0.000000,2.469000,0.127000,0.127000,140627004.000000,142763000.000000,1048167000.000000,1048167000.000000,0.000000,-0.002000,-0.008000,0.025000,0.018000,0.000000,94860000.000000,1.000000,54082000.000000,53970000.000000,,19.421000,980407000.000000,0.000000,3347000.000000,0.000000,18.166000
MRT,2000-06-30,2000-06-30,2000-06-30,2000-Q2,-113442000.000000,86193188.000000,2019-04-30,-12213000.000000,1037287000.000000,1098664250.000000,555791000.000000,481496000.000000,0.973000,1.442000,-32558000.000000,87081000.000000,87081000.000000,1013326000.000000,-217642000.000000,0.830000,12.298000,283168000.000000,223470000.000000,59698000.000000,283168000.000000,50066000.000000,24581000.000000,0.000000,0.000000,0.000000,-277089000.000000,-252508000.000000,-0.236000,-252508000.000000,-277089000.000000,-296162000.000000,-4.020000,-7.920000,-4.020000,78001000.000000,235854000.000000,78001000.000000,302396188.000000,-1.000000,-1.198000,-32495000.000000,-0.601000,1.000000,56077000.000000,0.052000,15578000.000000,19073000.000000,548563000.000000,718753000.000000,0.000000,219862000.000000,199182000.000000,20680000.000000,959286000.000000,669233000.000000,290053000.000000,43612000.000000,0.000000,1984000.000000,33275000.000000,0.000000,35259000.000000,9985000.000000,39543000.000000,63000.000000,0.000000,-217642000.000000,-217642000.000000,-217642000.000000,15154000.000000,0.000000,-0.204000,318012000.000000,-261935000.000000,259687000.000000,0.000000,1.105000,-0.396000,-0.396000,186864000.000000,0.000000,1.594000,0.081000,0.081000,143005003.000000,-63954000.000000,1069403000.000000,1069403000.000000,0.000000,-0.198000,-0.923000,-0.386000,-0.259000,0.000000,94870000.000000,1.000000,54082000.000000,54082000.000000,,19.774000,1021709000.000000,0.000000,-78520000.000000,0.000000,18.892000
MRT,2000-09-30,2000-09-30,2000-09-30,2000-Q3,-153167000.000000,127931250.000000,2019-04-30,-11292000.000000,1062578000.000000,1092171000.000000,585096000.000000,477482000.000000,0.972000,1.510000,-19350000.000000,78724000.000000,78724000.000000,1022372000.000000,-223836000.000000,0.793000,11.917000,281558000.000000,270228000.000000,11330000.000000,281558000.000000,21745000.000000,19102000.000000,0.000000,0.000000,0.000000,-285294000.000000,-266192000.000000,-0.251000,-266192000.000000,-285294000.000000,-305052000.000000,-4.135000,-4.135000,-4.135000,82263000.000000,180905500.000000,82263000.000000,324018250.000000,-1.000000,-1.217000,-33012000.000000,-0.606000,1.000000,39761000.000000,0.037000,15594000.000000,19758000.000000,511555000.000000,651844000.000000,0.000000,215466000.000000,195291000.000000,20175000.000000,980315000.000000,738263000.000000,242052000.000000,33871000.000000,0.000000,1572000.000000,-2735000.000000,0.000000,-1163000.000000,28316000.000000,44666000.000000,-13662000.000000,0.000000,-223836000.000000,-223836000.000000,-223836000.000000,16026000.000000,0.000000,-0.211000,309029000.000000,-269268000.000000,286158000.000000,0.000000,1.555000,-0.572000,-0.567000,183899000.000000,0.000000,2.344000,0.120000,0.120000,187927000.000000,-61295000.000000,1062133000.000000,1062133000.000000,0.000000,-0.205000,-1.237000,-0.438000,-0.269000,0.000000,85887000.000000,1.000000,54584000.000000,54496000.000000,,19.490000,1046984000.000000,0.000000,-81216000.000000,0.000000,19.212000
MRT,2000-12-31,2000-12-31,2000-12-31,2000-Q4,78317000.000000,103709600.000000,2019-04-30,-5667000.000000,1165100000.000000,1100918000.000000,671291000.000000,493809000.000000,0.926000,1.658000,-3732000.000000,182025000.000000,182025000.000000,900003000.000000,-199915000.000000,1.132000,11.878000,278963000.000000,53993000.000000,224970000.000000,278963000.000000,41499000.000000,24145000.000000,0.000000,0.000000,0.000000,-191255000.000000,-167110000.000000,-0.164000,-167110000.000000,-191255000.000000,-209120000.000000,-3.685000,-3.685000,-3.685000,90473000.000000,133920750.000000,90473000.000000,306543600.000000,-2.000000,-1.834000,-6243000.000000,-0.114000,1.000000,119613000.000000,0.117000,15587000.000000,17865000.000000,653477000.000000,628538500.000000,0.000000,225028000.000000,206935000.000000,18093000.000000,1074627000.000000,592974000.000000,481653000.000000,91910000.000000,0.000000,1580000.000000,52234000.000000,0.000000,53814000.000000,16041000.000000,19773000.000000,-2511000.000000,0.000000,-199915000.000000,-199915000.000000,-199915000.000000,168896000.000000,0.000000,-0.196000,143056000.000000,-23443000.000000,187674000.000000,0.000000,1.146000,-0.519000,-0.516000,171032000.000000,0.000000,1.900000,0.102000,0.102000,273981000.000000,-58708000.000000,1019616000.000000,1019616000.000000,0.000000,-0.182000,-1.493000,-0.304000,-0.188000,0.000000,112220000.000000,1.000000,54584000.000000,54584000.000000,,18.680000,1149513000.000000,114955000.000000,-9205000.000000,0.000000,21.060000
MRT,2001-03-31,2001-03-31,2001-03-31,2001-Q1,49523000.000000,125459280.000000,2019-04-30,-4698000.000000,1146502000.000000,1102866750.000000,644833000.000000,501669000.000000,1.012000,1.733000,-40000.000000,137472000.000000,137472000.000000,1020540000.000000,-198266000.000000,1.083000,11.032000,278511000.000000,87945000.000000,190566000.000000,278511000.000000,55272000.000000,21564000.000000,0.000000,0.000000,0.000000,-247882000.000000,-226318000.000000,-0.203000,-226318000.000000,-247882000.000000,-266791000.000000,-3.660000,-3.660000,-3.660000,95291000.000000,86507000.000000,95291000.000000,253007280.000000,-1.000000,-1.118000,83830000.000000,1.525000,1.000000,95539000.000000,0.086000,0.000000,18909000.000000,692231000.000000,601456500.000000,0.000000,258389000.000000,249321000.000000,9068000.000000,1051211000.000000,595310000.000000,455901000.000000,65382000.000000,0.000000,1321000.000000,3012000.000000,0.000000,4333000.000000,-34265000.000000,-34225000.000000,83870000.000000,0.000000,-198266000.000000,-198266000.000000,-198266000.000000,10153000.000000,0.000000,-0.178000,334352000.000000,-238813000.000000,303893000.000000,0.000000,1.317000,-0.633000,-0.623000,168042000.000000,0.000000,2.280000,0.112000,0.112000,88527000.000000,-55503000.000000,1116079000.000000,1116079000.000000,0.000000,-0.180000,-2.292000,-0.412000,-0.222000,0.000000,119812000.000000,1.000000,55026000.000000,54976000.000000,,20.301000,1146502000.000000,113088000.000000,-68525000.000000,0.000000,20.855000
MRT,2001-06-30,2001-06-30,2001-06-30,2001-Q2,70077000.000000,192591000.000000,2019-04-30,-7256000.000000,1118636000.000000,1123204000.000000,607562000.000000,511074000.000000,0.977000,1.736000,5315000.000000,158481000.000000,158481000.000000,934026000.000000,11246000.000000,1.130000,10.707000,251991000.000000,43175000.000000,208816000.000000,251991000.000000,59815000.000000,18722000.000000,0.000000,0.000000,0.000000,41672000.000000,60394000.000000,0.055000,60394000.000000,41672000.000000,22200000.000000,0.210000,0.210000,0.210000,95553000.000000,90895000.000000,95553000.000000,333630000.000000,8.000000,5.524000,83662000.000000,1.520000,1.000000,163326000.000000,0.149000,0.000000,19472000.000000,674661000.000000,632981000.000000,0.000000,221243000.000000,212071000.000000,9172000.000000,1023083000.000000,537485000.000000,485598000.000000,55912000.000000,0.000000,1330000.000000,-28602000.000000,0.000000,-27272000.000000,1710000.000000,-3605000.000000,78347000.000000,0.000000,11246000.000000,11246000.000000,11246000.000000,11135000.000000,0.000000,0.010000,111603000.000000,51723000.000000,285418000.000000,0.000000,2.016000,17.125000,16.667000,164159000.000000,0.000000,3.500000,0.176000,0.176000,69204000.000000,-52708000.000000,1097352000.000000,1097352000.000000,0.000000,0.010000,0.124000,0.066000,0.038000,0.000000,114603000.000000,1.000000,55026000.000000,55030000.000000,,19.941000,1118636000.000000,122986000.000000,10954000.000000,0.000000,20.328000
MRT,2001-09-30,2001-09-30,2001-09-30,2001-Q3,97606000.000000,231329300.000000,2019-04-30,-2477000.000000,1116200000.000000,1136609500.000000,642716000.000000,473484000.000000,0.979000,1.693000,5588000.000000,173817000.000000,173817000.000000,944104000.000000,1023000.000000,1.179000,10.838000,196949000.000000,2754000.000000,194195000.000000,196949000.000000,51146000.000000,23211000.000000,0.000000,0.000000,0.000000,31073000.000000,54284000.000000,0.049000,54284000.000000,31073000.000000,12567000.000000,0.025000,0.030000,0.025000,94289000.000000,93901500.000000,94289000.000000,324839300.000000,10.000000,5.984000,141411000.000000,2.539000,1.000000,168802000.000000,0.152000,0.000000,18506000.000000,594222000.000000,653647750.000000,0.000000,223489000.000000,214212000.000000,9277000.000000,1021911000.000000,545110000.000000,476801000.000000,77586000.000000,0.000000,2188000.000000,-40455000.000000,0.000000,-35401000.000000,1087000.000000,-4501000.000000,135823000.000000,0.000000,1023000.000000,1023000.000000,1023000.000000,22389000.000000,0.000000,0.001000,116424000.000000,52378000.000000,240273000.000000,0.000000,2.453000,226.128000,166.000000,147042000.000000,0.000000,4.150000,0.208000,0.208000,60113000.000000,-60262000.000000,1112906000.000000,1112906000.000000,0.000000,0.001000,0.011000,0.048000,0.028000,0.000000,119424000.000000,1.000000,55742000.000000,55702000.000000,,19.980000,1116200000.000000,112649000.000000,11544000.000000,0.000000,20.039000
MRT,2001-12-31,2001-12-31,2001-12-31,2001-Q4,65986000.000000,225828000.000000,2019-04-30,-5636000.000000,1064846000.000000,1111546000.000000,857090000.000000,207756000.000000,0.993000,1.731000,129000.000000,116835000.000000,116835000.000000,940378000.000000,3486000.000000,1.083000,10.033000,164184000.000000,191000.000000,163993000.000000,164184000.000000,38592000.000000,24184000.000000,0.000000,0.000000,0.000000,26385000.000000,50569000.000000,0.046000,50569000.000000,26385000.000000,10647000.000000,0.065000,0.060000,0.065000,96519000.000000,95413000.000000,96519000.000000,271044000.000000,10.000000,5.360000,98293000.000000,1.763000,1.000000,163122000.000000,0.148000,14782000.000000,15738000.000000,306309000.000000,566855750.000000,0.000000,52498000.000000,52498000.000000,0.000000,968327000.000000,791104000.000000,177223000.000000,-21843000.000000,0.000000,2090000.000000,-53187000.000000,0.000000,-51097000.000000,-22956000.000000,-23085000.000000,98164000.000000,0.000000,3486000.000000,3486000.000000,3486000.000000,11995000.000000,0.000000,0.003000,122623000.000000,40499000.000000,181423000.000000,0.000000,2.340000,64.781000,62.308000,136496000.000000,0.000000,4.050000,0.205000,0.205000,55500000.000000,-55222000.000000,1103500000.000000,1103500000.000000,0.000000,0.003000,0.037000,0.047000,0.024000,342000.000000,122623000.000000,1.000000,55760000.000000,55760000.000000,,19.790000,1050064000.000000,96826000.000000,7161000.000000,0.000000,18.832000
MRT,2002-03-31,2002-03-31,2002-03-31,2002-Q1,146301000.000000,367691880.000000,2019-04-30,-8719000.000000,1011212000.000000,1077723500.000000,644660000.000000,366552000.000000,1.024000,1.824000,-97000.000000,127474000.000000,127474000.000000,932068000.000000,7662000.000000,1.294000,8.872000,135633000.000000,1622000.000000,134011000.000000,135633000.000000,29844000.000000,23016000.000000,0.000000,0.000000,0.000000,30482000.000000,53498000.000000,0.048000,53498000.000000,30482000.000000,16536000.000000,0.140000,0.130000,0.140000,102429000.000000,97197500.000000,102429000.000000,409297880.000000,13.000000,7.651000,63717000.000000,1.134000,1.000000,171952000.000000,0.156000,14782000.000000,13946000.000000,506230000.000000,520355500.000000,0.000000,289840000.000000,282062000.000000,7778000.000000,908783000.000000,498359000.000000,410424000.000000,5431000.000000,0.000000,2890000.000000,-12960000.000000,0.000000,-10070000.000000,7260000.000000,7357000.000000,63814000.000000,0.000000,7662000.000000,7662000.000000,7662000.000000,11495000.000000,0.000000,0.007000,128002000.000000,43950000.000000,264517000.000000,0.000000,3.590000,47.989000,46.714000,95866000.000000,0.000000,6.540000,0.333000,0.333000,71542000.000000,-47841000.000000,1104020000.000000,1104020000.000000,0.000000,0.007000,0.079000,0.059000,0.028000,488000.000000,128002000.000000,1.000000,56222000.000000,56166000.000000,,19.656000,996430000.000000,97280000.000000,8874000.000000,0.000000,17.741000
MRT,2002-06-30,2002-06-30,2002-06-30,2002-Q2,142159000.000000,628817250.000000,2019-04-30,-4524000.000000,998383000.000000,1047660250.000000,668764000.000000,329619000.000000,1.052000,2.113000,-1821000.000000,108695000.000000,108695000.000000,920553000.000000,15390000.000000,1.270000,7.376000,95388000.000000,1623000.000000,93765000.000000,95388000.000000,28350000.000000,21596000.000000,0.000000,0.000000,0.000000,37735000.000000,59331000.000000,0.054000,59331000.000000,37735000.000000,27599000.000000,0.275000,0.250000,0.275000,119202000.000000,103109750.000000,119202000.000000,636976250.000000,17.000000,10.736000,81276000.000000,1.441000,1.000000,182108000.000000,0.165000,14782000.000000,10136000.000000,443689000.000000,462612500.000000,0.000000,328656000.000000,323245000.000000,5411000.000000,879181000.000000,526605000.000000,352576000.000000,-31357000.000000,0.000000,4824000.000000,-20143000.000000,0.000000,-15319000.000000,-48025000.000000,-46204000.000000,83097000.000000,0.000000,15390000.000000,15390000.000000,15390000.000000,10533000.000000,0.000000,0.014000,131741000.000000,50367000.000000,193163000.000000,0.000000,5.275000,40.859000,40.636000,86914000.000000,0.000000,11.175000,0.570000,0.572000,68623000.000000,-37318000.000000,1102661000.000000,1102661000.000000,0.000000,0.015000,0.149000,0.082000,0.034000,634000.000000,131741000.000000,1.000000,56270000.000000,56414000.000000,,19.546000,983601000.000000,90674000.000000,12209000.000000,0.000000,17.435000
MRT,2002-09-30,2002-09-30,2002-09-30,2002-Q3,142467000.000000,516582300.000000,2019-04-30,2031000.000000,1029577000.000000,1026004500.000000,731903000.000000,297674000.000000,1.075000,2.632000,-2452000.000000,128625000.000000,128625000.000000,906128000.000000,37007000.000000,1.242000,5.707000,67852000.000000,51617000.000000,16235000.000000,67852000.000000,30138000.000000,19694000.000000,0.000000,0.000000,0.000000,62040000.000000,81734000.000000,0.074000,81734000.000000,62040000.000000,54158000.000000,0.650000,0.600000,0.650000,153511000.000000,117915250.000000,153511000.000000,503275300.000000,8.000000,6.157000,99121000.000000,1.699000,1.000000,196696000.000000,0.178000,14782000.000000,7882000.000000,364586000.000000,405203500.000000,0.000000,397323000.000000,394596000.000000,2727000.000000,876066000.000000,589436000.000000,286630000.000000,-52598000.000000,0.000000,10103000.000000,-2278000.000000,0.000000,4959000.000000,-101688000.000000,-99236000.000000,101573000.000000,0.000000,37007000.000000,37007000.000000,37007000.000000,-3262000.000000,0.000000,0.034000,136062000.000000,60634000.000000,196597000.000000,0.000000,3.365000,13.959000,13.800000,62857000.000000,0.000000,8.970000,0.468000,0.474000,64801000.000000,-27543000.000000,1102824000.000000,1102824000.000000,0.000000,0.036000,0.314000,0.153000,0.056000,780000.000000,136062000.000000,1.000000,57590000.000000,58332000.000000,,18.906000,1014795000.000000,85981000.000000,17151000.000000,0.000000,17.397000
MRT,2002-12-31,2002-12-31,2002-12-31,2002-Q4,122252000.000000,354847460.000000,2019-04-30,381000.000000,1065966000.000000,1026284500.000000,920428000.000000,145538000.000000,1.246000,2.650000,-11712000.000000,63335000.000000,63335000.000000,1072665000.000000,36448000.000000,1.153000,5.808000,60896000.000000,186000.000000,60710000.000000,60896000.000000,40758000.000000,18245000.000000,0.000000,0.000000,0.000000,66186000.000000,84431000.000000,0.066000,84431000.000000,66186000.000000,58536000.000000,0.635000,0.585000,0.635000,156565000.000000,132926750.000000,156565000.000000,294074460.000000,4.000000,3.483000,124925000.000000,2.114000,1.000000,205970000.000000,0.161000,14782000.000000,7650000.000000,250569000.000000,391268500.000000,0.000000,182452000.000000,182452000.000000,0.000000,909401000.000000,798176000.000000,111225000.000000,-61336000.000000,0.000000,10159000.000000,-30399000.000000,0.000000,-3378000.000000,-146666000.000000,-134954000.000000,136637000.000000,0.000000,36448000.000000,36448000.000000,36448000.000000,5860000.000000,0.000000,0.029000,133979000.000000,71991000.000000,192503000.000000,0.000000,2.266000,9.736000,9.457000,64868000.000000,0.000000,6.005000,0.278000,0.278000,58358000.000000,-23061000.000000,1278635000.000000,1278635000.000000,0.000000,0.036000,0.274000,0.169000,0.052000,585000.000000,133979000.000000,1.000000,59092000.000000,59092000.000000,,21.638000,1051184000.000000,65349000.000000,22088000.000000,0.000000,17.789000
MRT,2003-03-31,2003-03-31,2003-03-31,2003-Q1,150848000.000000,355936800.000000,2019-04-30,892000.000000,1100713000.000000,1048659750.000000,939024000.000000,161689000.000000,1.266000,2.654000,-14582000.000000,129988000.000000,129988000.000000,1107761000.000000,44089000.000000,1.191000,6.516000,115837000.000000,509000.000000,115328000.000000,115837000.000000,11575000.000000,17204000.000000,0.000000,0.000000,0.000000,77272000.000000,94476000.000000,0.071000,94476000.000000,77272000.000000,70934000.000000,0.760000,0.705000,0.760000,146443000.000000,143930250.000000,146443000.000000,353497800.000000,5.000000,3.742000,110677000.000000,2.006000,1.000000,219396000.000000,0.165000,14782000.000000,6338000.000000,283604000.000000,335612000.000000,0.000000,133573000.000000,133573000.000000,0.000000,954270000.000000,788176000.000000,166094000.000000,21164000.000000,0.000000,-17263000.000000,14307000.000000,0.000000,13906000.000000,-94057000.000000,-79475000.000000,125259000.000000,0.000000,44089000.000000,44089000.000000,44089000.000000,6505000.000000,0.000000,0.033000,135643000.000000,83753000.000000,199910000.000000,0.000000,2.431000,8.073000,8.487000,62941000.000000,0.000000,6.450000,0.268000,0.268000,70608000.000000,-8039000.000000,1327157000.000000,1327157000.000000,0.000000,0.042000,0.306000,0.230000,0.058000,586000.000000,135643000.000000,1.000000,55184000.000000,55184000.000000,,24.050000,1085931000.000000,60972000.000000,26845000.000000,0.000000,19.678000
MRT,2003-06-30,2003-06-30,2003-06-30,2003-Q2,174113000.000000,549140000.000000,2019-04-30,552000.000000,1098383000.000000,1073659750.000000,939602000.000000,158781000.000000,1.286000,3.029000,-17501000.000000,96440000.000000,96440000.000000,1144909000.000000,53831000.000000,1.227000,5.604000,115436000.000000,140000.000000,115296000.000000,115436000.000000,12882000.000000,16298000.000000,0.000000,0.000000,0.000000,92329000.000000,108627000.000000,0.079000,108627000.000000,92329000.000000,86363000.000000,0.945000,0.870000,0.945000,166332000.000000,155712750.000000,166332000.000000,534989000.000000,6.000000,4.925000,91669000.000000,1.669000,1.000000,235485000.000000,0.171000,14782000.000000,5966000.000000,337108000.000000,308966750.000000,0.000000,146616000.000000,146616000.000000,0.000000,932051000.000000,765489000.000000,166562000.000000,10653000.000000,0.000000,-23198000.000000,47223000.000000,0.000000,40887000.000000,-88285000.000000,-70784000.000000,109170000.000000,0.000000,53831000.000000,53831000.000000,53831000.000000,6730000.000000,0.000000,0.039000,136244000.000000,99241000.000000,203132000.000000,0.000000,3.301000,10.201000,10.582000,62275000.000000,0.000000,10.000000,0.398000,0.398000,86294000.000000,11475000.000000,1380394000.000000,1380394000.000000,0.000000,0.050000,0.346000,0.299000,0.067000,586000.000000,136244000.000000,1.000000,54914000.000000,54914000.000000,,25.137000,1083601000.000000,57104000.000000,32532000.000000,0.000000,19.733000
MRT,2003-09-30,2003-09-30,2003-09-30,2003-Q3,196207000.000000,589928850.000000,2019-04-30,-1414000.000000,1145010000.000000,1102518000.000000,991297000.000000,153713000.000000,1.305000,3.155000,-20405000.000000,145972000.000000,145972000.000000,1189536000.000000,61975000.000000,1.247000,5.321000,116727000.000000,696000.000000,116031000.000000,116727000.000000,12472000.000000,16046000.000000,0.000000,0.000000,0.000000,104700000.000000,120746000.000000,0.084000,120746000.000000,104700000.000000,99073000.000000,1.095000,1.010000,1.095000,181153000.000000,162623250.000000,181153000.000000,608924850.000000,6.000000,5.043000,91812000.000000,1.599000,1.000000,249078000.000000,0.173000,14782000.000000,5627000.000000,305893000.000000,294293500.000000,0.000000,138465000.000000,138465000.000000,0.000000,963857000.000000,795090000.000000,168767000.000000,62060000.000000,0.000000,-40160000.000000,42944000.000000,0.000000,19646000.000000,-34763000.000000,-14358000.000000,112217000.000000,0.000000,61975000.000000,61975000.000000,61975000.000000,8369000.000000,0.000000,0.043000,135684000.000000,113394000.000000,219706000.000000,0.000000,3.257000,9.519000,9.384000,62398000.000000,0.000000,10.275000,0.410000,0.410000,84371000.000000,33484000.000000,1438614000.000000,1438614000.000000,0.000000,0.056000,0.381000,0.356000,0.073000,532000.000000,135684000.000000,1.000000,57414000.000000,57414000.000000,,25.057000,1130228000.000000,50570000.000000,37098000.000000,0.000000,19.686000
MRT,2003-12-31,2003-12-31,2003-12-31,2003-Q4,171652000.000000,759486600.000000,2019-04-30,-479000.000000,1134121000.000000,1119556750.000000,980457000.000000,153664000.000000,1.327000,2.725000,-6552000.000000,136119000.000000,136119000.000000,1213617000.000000,62326000.000000,1.212000,6.522000,116808000.000000,163000.000000,116645000.000000,116808000.000000,45888000.000000,15929000.000000,0.000000,0.000000,0.000000,114085000.000000,130014000.000000,0.088000,130014000.000000,114085000.000000,108594000.000000,1.110000,0.890000,1.110000,150764000.000000,161173000.000000,150764000.000000,730241600.000000,6.000000,5.617000,104241000.000000,1.884000,1.000000,271679000.000000,0.183000,14782000.000000,5491000.000000,291223000.000000,304457000.000000,0.000000,197573000.000000,197573000.000000,0.000000,983357000.000000,808805000.000000,174552000.000000,72811000.000000,0.000000,-80314000.000000,34964000.000000,0.000000,-61706000.000000,23724000.000000,-12365000.000000,110793000.000000,0.000000,62326000.000000,62326000.000000,62326000.000000,22883000.000000,0.000000,0.042000,137887000.000000,133792000.000000,218141000.000000,0.000000,5.038000,12.186000,12.365000,63109000.000000,0.000000,13.725000,0.511000,0.511000,59469000.000000,36419000.000000,1485296000.000000,1485296000.000000,0.000000,0.056000,0.387000,0.375000,0.077000,451000.000000,137887000.000000,1.000000,55336000.000000,55336000.000000,,26.841000,1119339000.000000,45209000.000000,46268000.000000,0.000000,20.228000
MRT,2004-03-31,2004-03-31,2004-03-31,2004-Q1,114503000.000000,984474400.000000,2019-04-30,303000.000000,699115000.000000,1019157250.000000,470940000.000000,228175000.000000,1.512000,2.983000,-2393000.000000,167349000.000000,167349000.000000,1249697000.000000,73133000.000000,1.321000,3.333000,115318000.000000,62000.000000,115256000.000000,115318000.000000,21974000.000000,16101000.000000,0.000000,0.000000,0.000000,131023000.000000,147124000.000000,0.095000,147124000.000000,131023000.000000,125987000.000000,1.335000,1.015000,1.335000,161339000.000000,164897000.000000,161339000.000000,965163400.000000,7.000000,6.560000,141344000.000000,2.613000,1.000000,291519000.000000,0.189000,14782000.000000,5036000.000000,275865000.000000,302522250.000000,0.000000,241808000.000000,179808000.000000,62000000.000000,537776000.000000,356437000.000000,181339000.000000,35848000.000000,0.000000,-76435000.000000,-16553000.000000,0.000000,-109344000.000000,-715000.000000,-40963000.000000,143737000.000000,0.000000,73133000.000000,73133000.000000,73133000.000000,22963000.000000,0.000000,0.047000,140842000.000000,150677000.000000,222097000.000000,0.000000,6.102000,13.461000,13.633000,62160000.000000,0.000000,18.200000,0.639000,0.639000,56474000.000000,60992000.000000,1541216000.000000,1541216000.000000,0.000000,0.072000,0.444000,0.433000,0.085000,326000.000000,140842000.000000,1.000000,54092000.000000,54092000.000000,,28.492000,684333000.000000,43651000.000000,52854000.000000,0.000000,12.651000
MRT,2004-06-30,2004-06-30,2004-06-30,2004-Q2,117535000.000000,1202340600.000000,2019-04-30,-831000.000000,681852000.000000,915024500.000000,449375000.000000,232477000.000000,1.762000,3.107000,-4858000.000000,196853000.000000,196853000.000000,1281408000.000000,91089000.000000,1.354000,3.079000,115331000.000000,43000.000000,115288000.000000,115331000.000000,20202000.000000,16488000.000000,0.000000,0.000000,0.000000,159512000.000000,176000000.000000,0.109000,176000000.000000,159512000.000000,154831000.000000,1.680000,1.230000,1.680000,167164000.000000,165105000.000000,167164000.000000,1150309600.000000,7.000000,6.536000,166443000.000000,3.094000,1.000000,330892000.000000,0.205000,14782000.000000,4681000.000000,253708000.000000,281672250.000000,0.000000,201757000.000000,139757000.000000,62000000.000000,514688000.000000,331840000.000000,182848000.000000,98969000.000000,0.000000,-116180000.000000,-15963000.000000,0.000000,-148499000.000000,42662000.000000,4879000.000000,171301000.000000,0.000000,91089000.000000,91089000.000000,91089000.000000,22718000.000000,0.000000,0.056000,152344000.000000,178548000.000000,198688000.000000,0.000000,7.193000,13.200000,13.304000,64422000.000000,0.000000,22.350000,0.746000,0.746000,55551000.000000,94936000.000000,1612300000.000000,1612300000.000000,0.000000,0.100000,0.552000,0.566000,0.099000,1109000.000000,152344000.000000,1.000000,53796000.000000,53796000.000000,,29.971000,667070000.000000,39091000.000000,63742000.000000,0.000000,12.400000
MRT,2004-09-30,2004-09-30,2004-09-30,2004-Q3,127059000.000000,1284236420.000000,2019-04-30,-112000.000000,676632000.000000,797930000.000000,426561000.000000,250071000.000000,2.026000,3.410000,-9591000.000000,214677000.000000,214677000.000000,1261156000.000000,99609000.000000,1.424000,2.703000,125430000.000000,78000.000000,125352000.000000,125430000.000000,17502000.000000,16551000.000000,0.000000,0.000000,0.000000,172890000.000000,189441000.000000,0.117000,189441000.000000,172890000.000000,168283000.000000,1.870000,1.320000,1.870000,182718000.000000,165496250.000000,182718000.000000,1202714420.000000,7.000000,6.349000,128171000.000000,2.392000,1.000000,355197000.000000,0.220000,14782000.000000,4607000.000000,273101000.000000,273474250.000000,0.000000,173735000.000000,111735000.000000,62000000.000000,493914000.000000,299502000.000000,194412000.000000,67544000.000000,0.000000,-129779000.000000,-6577000.000000,0.000000,-152712000.000000,53761000.000000,20711000.000000,137762000.000000,0.000000,99609000.000000,99609000.000000,99609000.000000,22748000.000000,0.000000,0.062000,163092000.000000,192105000.000000,173042000.000000,0.000000,7.029000,12.893000,12.816000,69432000.000000,0.000000,23.965000,0.795000,0.795000,49964000.000000,125710000.000000,1616353000.000000,1616353000.000000,0.000000,0.125000,0.602000,0.632000,0.107000,4517000.000000,163092000.000000,1.000000,53588000.000000,53588000.000000,,30.163000,661850000.000000,35206000.000000,68674000.000000,0.000000,12.351000
MRT,2004-12-31,2004-12-31,2004-12-31,2004-Q4,151166000.000000,1455014220.000000,2019-04-30,-245000.000000,689780000.000000,686844750.000000,449474000.000000,240306000.000000,2.294000,3.820000,-23102000.000000,229472000.000000,229472000.000000,1195473000.000000,122737000.000000,1.507000,2.420000,125495000.000000,100000.000000,125395000.000000,125495000.000000,50763000.000000,17084000.000000,0.000000,0.000000,0.000000,197666000.000000,214750000.000000,0.136000,214750000.000000,197666000.000000,192982000.000000,2.300000,1.790000,2.300000,201697000.000000,178229500.000000,201697000.000000,1365767220.000000,7.000000,6.360000,131562000.000000,2.492000,1.000000,380081000.000000,0.241000,14782000.000000,4684000.000000,272713000.000000,268846750.000000,0.000000,194575000.000000,147575000.000000,47000000.000000,488083000.000000,298308000.000000,189775000.000000,89099000.000000,0.000000,-106960000.000000,8225000.000000,0.000000,-98735000.000000,33170000.000000,42686000.000000,154664000.000000,0.000000,122737000.000000,122737000.000000,122737000.000000,682000.000000,0.000000,0.078000,181764000.000000,198317000.000000,143521000.000000,0.000000,7.214000,11.855000,11.980000,71152000.000000,0.000000,27.555000,0.923000,0.923000,40602000.000000,153357000.000000,1575554000.000000,1575554000.000000,0.000000,0.179000,0.689000,0.735000,0.125000,7332000.000000,181764000.000000,1.000000,52804000.000000,52804000.000000,,29.838000,674998000.000000,30830000.000000,70245000.000000,0.000000,12.783000
MRT,2005-03-31,2005-03-31,2005-03-31,2005-Q1,191725000.000000,1704974880.000000,2019-04-30,-684000.000000,725953000.000000,693554250.000000,493343000.000000,232610000.000000,2.167000,4.440000,-23863000.000000,127836000.000000,127836000.000000,1115848000.000000,126313000.000000,1.636000,2.061000,125471000.000000,97000.000000,125374000.000000,125471000.000000,13925000.000000,16723000.000000,0.000000,0.000000,0.000000,201215000.000000,217938000.000000,0.145000,217938000.000000,201215000.000000,196065000.000000,2.375000,1.860000,2.375000,237163000.000000,197185500.000000,237163000.000000,1604826880.000000,8.000000,7.364000,124158000.000000,2.324000,1.000000,387339000.000000,0.258000,14782000.000000,5150000.000000,407188000.000000,301677500.000000,0.000000,326525000.000000,279525000.000000,47000000.000000,488790000.000000,301618000.000000,187172000.000000,-34946000.000000,0.000000,-85783000.000000,9690000.000000,0.000000,-76093000.000000,-103460000.000000,-93183000.000000,148021000.000000,0.000000,126313000.000000,126313000.000000,126313000.000000,0.000000,0.000000,0.084000,186205000.000000,201134000.000000,152661000.000000,0.000000,7.189000,13.498000,13.440000,69669000.000000,0.000000,31.920000,1.134000,1.134000,20058000.000000,182050000.000000,1503187000.000000,1503187000.000000,0.000000,0.182000,0.641000,0.667000,0.134000,8534000.000000,186205000.000000,1.000000,53414000.000000,53414000.000000,,28.142000,711171000.000000,31931000.000000,69752000.000000,0.000000,13.314000
MRT,2005-06-30,2005-06-30,2005-06-30,2005-Q2,186561000.000000,1909268280.000000,2019-04-30,-395000.000000,650118000.000000,685620750.000000,415370000.000000,234748000.000000,2.056000,5.221000,-21162000.000000,129731000.000000,129731000.000000,1030514000.000000,121928000.000000,1.815000,1.330000,81465000.000000,97000.000000,81368000.000000,81465000.000000,16201000.000000,16306000.000000,0.000000,0.000000,0.000000,196679000.000000,212985000.000000,0.151000,212985000.000000,196679000.000000,188355000.000000,2.280000,1.820000,2.280000,278984000.000000,225140500.000000,278984000.000000,1906903280.000000,10.000000,8.953000,96303000.000000,1.802000,1.000000,379411000.000000,0.269000,14782000.000000,8324000.000000,358261000.000000,327815750.000000,0.000000,281488000.000000,234488000.000000,47000000.000000,371134000.000000,228809000.000000,142325000.000000,-65283000.000000,0.000000,-78671000.000000,-304000.000000,0.000000,-78975000.000000,-100053000.000000,-92477000.000000,117465000.000000,0.000000,121928000.000000,121928000.000000,121928000.000000,0.000000,0.000000,0.086000,183074000.000000,196337000.000000,128254000.000000,0.000000,6.844000,15.659000,15.671000,69302000.000000,0.000000,35.730000,1.354000,1.354000,17573000.000000,212913000.000000,1409925000.000000,1409925000.000000,0.000000,0.178000,0.542000,0.600000,0.139000,9550000.000000,183074000.000000,1.000000,53436000.000000,53436000.000000,,26.385000,635336000.000000,33835000.000000,66427000.000000,0.000000,11.890000
MRT,2005-09-30,2005-09-30,2005-09-30,2005-Q3,146732000.000000,1962932740.000000,2019-04-30,-1304000.000000,690985000.000000,689209000.000000,462553000.000000,228432000.000000,1.979000,4.435000,-14901000.000000,105765000.000000,105765000.000000,990035000.000000,119643000.000000,1.465000,1.733000,62439000.000000,104000.000000,62335000.000000,62439000.000000,91274000.000000,15879000.000000,0.000000,0.000000,0.000000,192929000.000000,208808000.000000,0.153000,208808000.000000,192929000.000000,183835000.000000,2.200000,1.800000,2.200000,252834000.000000,242669500.000000,252834000.000000,1914666740.000000,10.000000,9.170000,197703000.000000,3.468000,1.000000,374043000.000000,0.274000,14782000.000000,9094000.000000,317056000.000000,338804500.000000,0.000000,350056000.000000,303056000.000000,47000000.000000,438151000.000000,315821000.000000,122330000.000000,-107508000.000000,0.000000,-142194000.000000,-315000.000000,0.000000,-142509000.000000,-173883000.000000,-172568000.000000,212604000.000000,0.000000,119643000.000000,119643000.000000,119643000.000000,0.000000,0.000000,0.088000,181932000.000000,192111000.000000,130048000.000000,0.000000,7.764000,16.407000,15.652000,68439000.000000,0.000000,34.435000,1.439000,1.439000,19049000.000000,239269000.000000,1364078000.000000,1364078000.000000,0.000000,0.174000,0.493000,0.569000,0.141000,7758000.000000,181932000.000000,1.000000,57004000.000000,57004000.000000,,23.930000,676203000.000000,35070000.000000,64192000.000000,0.000000,11.862000
MRT,2005-12-31,2005-12-31,2005-12-31,2005-Q4,171261000.000000,2298210320.000000,2019-04-30,-1750000.000000,668846000.000000,683975500.000000,438355000.000000,230491000.000000,2.025000,4.945000,-13027000.000000,106311000.000000,106311000.000000,1023146000.000000,120017000.000000,1.641000,1.353000,52413000.000000,106000.000000,52307000.000000,52413000.000000,49067000.000000,14951000.000000,0.000000,0.000000,0.000000,190516000.000000,205467000.000000,0.148000,205467000.000000,190516000.000000,181725000.000000,2.160000,1.810000,2.160000,284252000.000000,263308250.000000,284252000.000000,2254884320.000000,12.000000,10.974000,153805000.000000,2.676000,1.000000,361890000.000000,0.261000,14782000.000000,8791000.000000,333072000.000000,353894250.000000,0.000000,328250000.000000,281250000.000000,47000000.000000,384594000.000000,267094000.000000,117500000.000000,-119560000.000000,0.000000,-132036000.000000,-10109000.000000,0.000000,-142145000.000000,-144247000.000000,-131220000.000000,166832000.000000,0.000000,120017000.000000,120017000.000000,120017000.000000,0.000000,0.000000,0.087000,172473000.000000,189417000.000000,138214000.000000,0.000000,8.085000,19.149000,18.509000,71357000.000000,0.000000,39.980000,1.659000,1.659000,14501000.000000,262559000.000000,1385036000.000000,1385036000.000000,0.000000,0.175000,0.456000,0.538000,0.138000,7391000.000000,172473000.000000,1.000000,57484000.000000,57484000.000000,,24.094000,654064000.000000,37215000.000000,61708000.000000,0.000000,11.378000
MRT,2006-03-31,2006-03-31,2006-03-31,2006-Q1,134038000.000000,2369920300.000000,2019-04-30,-2798000.000000,767355000.000000,694326000.000000,524483000.000000,242872000.000000,2.142000,4.119000,-13560000.000000,117121000.000000,117121000.000000,1110603000.000000,123283000.000000,1.343000,2.200000,71887000.000000,118000.000000,71769000.000000,71887000.000000,110221000.000000,15555000.000000,0.000000,0.000000,0.000000,195450000.000000,211005000.000000,0.142000,211005000.000000,195450000.000000,187514000.000000,2.180000,1.880000,2.180000,239821000.000000,263972750.000000,239821000.000000,2316022300.000000,12.000000,10.976000,257237000.000000,4.418000,1.000000,376822000.000000,0.253000,14782000.000000,7936000.000000,316894000.000000,331320750.000000,0.000000,378253000.000000,331253000.000000,47000000.000000,527534000.000000,390445000.000000,137089000.000000,-14583000.000000,0.000000,-214438000.000000,9891000.000000,0.000000,-199438000.000000,-85942000.000000,-72382000.000000,270797000.000000,0.000000,123283000.000000,123283000.000000,123283000.000000,0.000000,0.000000,0.083000,182339000.000000,194483000.000000,165220000.000000,0.000000,9.882000,19.223000,18.670000,69716000.000000,0.000000,40.700000,1.593000,1.593000,15604000.000000,290573000.000000,1487425000.000000,1487425000.000000,0.000000,0.178000,0.467000,0.590000,0.131000,2718000.000000,182339000.000000,1.000000,58229000.000000,58229000.000000,,25.544000,752573000.000000,40259000.000000,64231000.000000,0.000000,12.924000
MRT,2006-06-30,2006-06-30,2006-06-30,2006-Q2,115635000.000000,2520869460.000000,2019-04-30,-3875000.000000,754105000.000000,720322750.000000,487797000.000000,266308000.000000,2.171000,4.378000,-15254000.000000,114935000.000000,114935000.000000,1182649000.000000,122981000.000000,1.311000,2.077000,71860000.000000,110000.000000,71750000.000000,71860000.000000,114157000.000000,15694000.000000,0.000000,0.000000,0.000000,191258000.000000,206952000.000000,0.132000,206952000.000000,191258000.000000,186669000.000000,2.160000,1.910000,2.160000,245073000.000000,255495000.000000,245073000.000000,2475635460.000000,13.000000,11.962000,250085000.000000,4.467000,1.000000,381187000.000000,0.244000,14782000.000000,4589000.000000,324086000.000000,322777000.000000,0.000000,331945000.000000,284945000.000000,47000000.000000,509032000.000000,372162000.000000,136870000.000000,-15567000.000000,0.000000,-211547000.000000,19891000.000000,0.000000,-181396000.000000,-99510000.000000,-84256000.000000,265339000.000000,0.000000,122981000.000000,122981000.000000,122981000.000000,0.000000,0.000000,0.079000,190603000.000000,190584000.000000,149837000.000000,0.000000,10.286000,20.498000,20.847000,71149000.000000,0.000000,45.030000,1.612000,1.612000,13940000.000000,317197000.000000,1563836000.000000,1563836000.000000,0.000000,0.171000,0.481000,0.593000,0.122000,-2996000.000000,190603000.000000,1.000000,55982000.000000,55982000.000000,,27.935000,739323000.000000,41554000.000000,63688000.000000,0.000000,13.206000
MRT,2006-09-30,2006-09-30,2006-09-30,2006-Q3,142090000.000000,2126721520.000000,2019-04-30,-2235000.000000,718117000.000000,727105750.000000,455482000.000000,262635000.000000,2.264000,5.283000,-17644000.000000,97236000.000000,97236000.000000,1246860000.000000,129468000.000000,1.453000,1.418000,43833000.000000,104000.000000,43729000.000000,43833000.000000,52566000.000000,16111000.000000,0.000000,0.000000,0.000000,201348000.000000,217459000.000000,0.132000,217459000.000000,201348000.000000,197735000.000000,2.280000,2.040000,2.280000,296939000.000000,266521250.000000,296939000.000000,2083646520.000000,10.000000,9.582000,90146000.000000,1.604000,1.000000,399530000.000000,0.243000,14782000.000000,3613000.000000,336540000.000000,327648000.000000,0.000000,290332000.000000,243332000.000000,47000000.000000,421178000.000000,313392000.000000,107786000.000000,-10592000.000000,0.000000,-120928000.000000,-10107000.000000,0.000000,-119590000.000000,1208000.000000,18852000.000000,107790000.000000,0.000000,129468000.000000,129468000.000000,129468000.000000,0.000000,0.000000,0.079000,198443000.000000,201087000.000000,159428000.000000,0.000000,7.162000,16.427000,16.596000,72001000.000000,0.000000,37.840000,1.292000,1.292000,26445000.000000,350129000.000000,1646390000.000000,1646390000.000000,0.000000,0.178000,0.486000,0.615000,0.122000,-3121000.000000,198443000.000000,1.000000,56203000.000000,56203000.000000,,29.294000,703335000.000000,40446000.000000,68267000.000000,0.000000,12.514000
MRT,2006-12-31,2006-12-31,2006-12-31,2006-Q4,141000000.000000,2058424600.000000,2019-04-30,-8635000.000000,809412000.000000,762247250.000000,543953000.000000,265459000.000000,2.255000,3.794000,-16319000.000000,78346000.000000,78346000.000000,1296116000.000000,140471000.000000,1.350000,2.735000,118850000.000000,116000.000000,118734000.000000,118850000.000000,52075000.000000,16570000.000000,0.000000,0.000000,0.000000,219394000.000000,235964000.000000,0.137000,235964000.000000,219394000.000000,215493000.000000,2.490000,2.250000,2.490000,216718000.000000,249637750.000000,216718000.000000,2005021600.000000,9.000000,8.497000,174052000.000000,3.047000,1.000000,422776000.000000,0.246000,14782000.000000,3901000.000000,432181000.000000,352425250.000000,0.000000,370846000.000000,323846000.000000,47000000.000000,592694000.000000,402953000.000000,189741000.000000,-29141000.000000,0.000000,-228672000.000000,74889000.000000,0.000000,-143930000.000000,-75582000.000000,-59263000.000000,190371000.000000,0.000000,140471000.000000,140471000.000000,140471000.000000,0.000000,0.000000,0.082000,205342000.000000,217434000.000000,224447000.000000,0.000000,9.498000,14.654000,14.474000,71893000.000000,0.000000,36.040000,1.198000,1.198000,21308000.000000,388895000.000000,1718892000.000000,1718892000.000000,0.000000,0.184000,0.563000,0.623000,0.128000,-654000.000000,205342000.000000,1.000000,57115000.000000,57115000.000000,,30.095000,794630000.000000,48517000.000000,75022000.000000,0.000000,13.913000
MRT,2007-03-31,2007-03-31,2007-03-31,2007-Q1,112117000.000000,2295433350.000000,2019-04-30,-8559000.000000,890148000.000000,792945500.000000,622295000.000000,267853000.000000,2.239000,3.923000,-15767000.000000,96712000.000000,96712000.000000,1394770000.000000,106561000.000000,1.220000,3.070000,70655000.000000,132000.000000,70523000.000000,70655000.000000,121958000.000000,16206000.000000,0.000000,0.000000,0.000000,169821000.000000,186027000.000000,0.105000,186027000.000000,169821000.000000,164741000.000000,1.910000,1.720000,1.910000,218735000.000000,244366250.000000,218735000.000000,2335937350.000000,14.000000,12.557000,130232000.000000,2.336000,1.000000,380511000.000000,0.214000,14782000.000000,5080000.000000,339131000.000000,357984500.000000,0.000000,392460000.000000,345460000.000000,47000000.000000,671413000.000000,510178000.000000,161235000.000000,-21712000.000000,0.000000,-163956000.000000,29875000.000000,0.000000,-128282000.000000,-39429000.000000,-23662000.000000,145999000.000000,0.000000,106561000.000000,106561000.000000,106561000.000000,0.000000,0.000000,0.060000,213333000.000000,167178000.000000,221072000.000000,0.000000,10.494000,21.541000,21.555000,70269000.000000,0.000000,41.170000,1.293000,1.293000,24881000.000000,383073000.000000,1775281000.000000,1775281000.000000,0.000000,0.134000,0.436000,0.474000,0.096000,3484000.000000,213333000.000000,1.000000,55755000.000000,55755000.000000,,31.841000,875366000.000000,73938000.000000,58180000.000000,0.000000,15.700000
MRT,2007-06-30,2007-06-30,2007-06-30,2007-Q2,145371000.000000,2327107860.000000,2019-04-30,-9530000.000000,873625000.000000,822825500.000000,610645000.000000,262980000.000000,2.228000,4.666000,-8260000.000000,160881000.000000,160881000.000000,1435436000.000000,112387000.000000,1.312000,2.345000,59063000.000000,3558000.000000,55505000.000000,59063000.000000,121934000.000000,16307000.000000,0.000000,0.000000,0.000000,178493000.000000,194800000.000000,0.106000,194800000.000000,178493000.000000,173378000.000000,2.010000,1.850000,2.010000,261143000.000000,248383750.000000,261143000.000000,2301050860.000000,13.000000,11.812000,151530000.000000,2.707000,1.000000,397454000.000000,0.217000,14782000.000000,5115000.000000,291751000.000000,349900750.000000,0.000000,335398000.000000,288398000.000000,47000000.000000,612482000.000000,465274000.000000,147208000.000000,46623000.000000,0.000000,-128391000.000000,14864000.000000,0.000000,-109701000.000000,-3466000.000000,4794000.000000,159790000.000000,0.000000,112387000.000000,112387000.000000,112387000.000000,0.000000,0.000000,0.061000,222439000.000000,175015000.000000,193458000.000000,0.000000,8.911000,20.706000,20.687000,64947000.000000,0.000000,41.580000,1.270000,1.270000,31510000.000000,419289000.000000,1832890000.000000,1832890000.000000,0.000000,0.137000,0.452000,0.510000,0.097000,5325000.000000,222439000.000000,1.000000,55967000.000000,55967000.000000,,32.749000,858843000.000000,72558000.000000,60991000.000000,0.000000,15.346000
MRT,2007-09-30,2007-09-30,2007-09-30,2007-Q3,148620000.000000,2369052880.000000,2019-04-30,-7408000.000000,795026000.000000,842052750.000000,531005000.000000,264021000.000000,2.223000,5.361000,-6103000.000000,70434000.000000,70434000.000000,1486817000.000000,112084000.000000,1.389000,1.641000,20688000.000000,153000.000000,20535000.000000,20688000.000000,52207000.000000,15858000.000000,0.000000,0.000000,0.000000,175331000.000000,191189000.000000,0.102000,191189000.000000,175331000.000000,170647000.000000,2.010000,1.880000,2.010000,301044000.000000,249410000.000000,301044000.000000,2267234880.000000,13.000000,11.859000,141526000.000000,2.520000,1.000000,385000000.000000,0.206000,14782000.000000,4684000.000000,348113000.000000,352794000.000000,0.000000,331420000.000000,284420000.000000,47000000.000000,493982000.000000,382385000.000000,111597000.000000,-24765000.000000,0.000000,-129678000.000000,-3523000.000000,0.000000,-130360000.000000,-42034000.000000,-35931000.000000,147629000.000000,0.000000,112084000.000000,112084000.000000,112084000.000000,0.000000,0.000000,0.060000,213412000.000000,171588000.000000,193204000.000000,0.000000,7.869000,21.136000,20.990000,64197000.000000,0.000000,42.190000,1.266000,1.266000,30366000.000000,453415000.000000,1871817000.000000,1871817000.000000,0.000000,0.133000,0.449000,0.497000,0.094000,4439000.000000,213412000.000000,1.000000,56152000.000000,56152000.000000,,33.335000,780244000.000000,62346000.000000,58563000.000000,0.000000,13.895000
MRY,1995-12-31,1995-12-31,1995-12-31,1995-FY,,,2019-04-30,,,,,,,,-19797000.000000,,,347994000.000000,21304000.000000,,,,,,,,9505000.000000,,0.000000,0.000000,37239000.000000,46744000.000000,0.100000,46744000.000000,37239000.000000,33502000.000000,0.407000,0.400000,0.407000,,,,,,,14733000.000000,,1.000000,119015000.000000,0.255000,,3737000.000000,,,,,,,,,,18999000.000000,-11023000.000000,3807000.000000,-9306000.000000,0.000000,-5499000.000000,-10032000.000000,20788000.000000,34530000.000000,0.000000,21304000.000000,21304000.000000,21304000.000000,6600000.000000,0.000000,0.046000,75176000.000000,43839000.000000,,0.000000,,,26.003000,,0.000000,10.583000,,,,,467009000.000000,467009000.000000,0.000000,,,,0.080000,0.000000,63562000.000000,,,,,,,,12198000.000000,,
MRY,1996-12-31,1996-12-31,1996-12-31,1996-FY,76530000.000000,,2019-04-30,487000.000000,629462000.000000,,252935000.000000,376527000.000000,,,-17755000.000000,117235000.000000,117235000.000000,446673000.000000,31143000.000000,1.434000,1.684000,68384000.000000,2195000.000000,66189000.000000,68384000.000000,24210000.000000,10499000.000000,0.000000,0.000000,0.000000,44437000.000000,54936000.000000,0.095000,54936000.000000,44437000.000000,41614000.000000,0.585000,0.575000,0.585000,234482000.000000,,234482000.000000,,,,34691000.000000,,1.000000,128738000.000000,0.224000,44602000.000000,2823000.000000,359604000.000000,,0.000000,244170000.000000,83688000.000000,160482000.000000,394980000.000000,176405000.000000,218575000.000000,46543000.000000,-36310000.000000,3638000.000000,-8601000.000000,0.000000,-4963000.000000,-940000.000000,53125000.000000,52446000.000000,0.000000,31143000.000000,31143000.000000,31143000.000000,0.000000,0.000000,0.054000,84301000.000000,44437000.000000,46969000.000000,0.000000,,,14.031000,99804000.000000,0.000000,8.208000,,,31849000.000000,82001000.000000,575411000.000000,575411000.000000,0.000000,,,,0.077000,0.000000,72237000.000000,1.000000,,,,,584860000.000000,13713000.000000,10471000.000000,0.000000,
MRY,1997-12-31,1997-12-31,1997-12-31,1997-FY,88377000.000000,614496692.000000,2019-04-30,655000.000000,723936000.000000,676699000.000000,300606000.000000,423330000.000000,1.067000,4.846000,-54870000.000000,113381000.000000,113381000.000000,566547000.000000,24241000.000000,1.416000,1.725000,95567000.000000,4726000.000000,90841000.000000,95567000.000000,29763000.000000,13510000.000000,0.000000,0.000000,0.000000,31908000.000000,45418000.000000,0.063000,45418000.000000,31908000.000000,27475000.000000,0.450000,0.440000,0.450000,265682000.000000,250082000.000000,265682000.000000,,,,-2050000.000000,-0.037000,1.000000,155177000.000000,0.215000,42803000.000000,4433000.000000,451090000.000000,405347000.000000,0.000000,270651000.000000,115498000.000000,155153000.000000,458254000.000000,212229000.000000,246025000.000000,-6746000.000000,-3145000.000000,4787000.000000,22609000.000000,0.000000,27396000.000000,-86962000.000000,-28947000.000000,52820000.000000,0.000000,24241000.000000,24241000.000000,24241000.000000,0.000000,0.000000,0.034000,123269000.000000,31908000.000000,99544000.000000,0.000000,2.313000,25.349000,24.907000,148831000.000000,0.000000,11.208000,0.851000,0.851000,47200000.000000,106242000.000000,721724000.000000,721724000.000000,0.000000,0.036000,0.097000,0.079000,0.044000,0.000000,93919000.000000,1.000000,54825000.000000,54825000.000000,,13.164000,681133000.000000,15496000.000000,3234000.000000,0.000000,12.424000
MRY,1998-12-31,1998-12-31,1998-12-31,1998-FY,198092000.000000,571425625.000000,2019-04-30,-1027000.000000,1045120000.000000,840779000.000000,544260000.000000,500860000.000000,1.234000,5.597000,-40743000.000000,101668000.000000,101668000.000000,852092000.000000,39596000.000000,1.572000,2.441000,247661000.000000,5263000.000000,242398000.000000,247661000.000000,39968000.000000,19263000.000000,0.000000,0.000000,0.000000,60573000.000000,79836000.000000,0.077000,79836000.000000,60573000.000000,53392000.000000,0.725000,0.715000,0.725000,303714000.000000,295819500.000000,303714000.000000,558831625.000000,9.000000,7.000000,9345000.000000,0.172000,1.000000,185111000.000000,0.178000,142471000.000000,7181000.000000,702474000.000000,558161750.000000,0.000000,290824000.000000,260337000.000000,30487000.000000,741406000.000000,346168000.000000,395238000.000000,-12931000.000000,-110035000.000000,-1166000.000000,113102000.000000,0.000000,111936000.000000,-174955000.000000,-24177000.000000,50088000.000000,0.000000,39596000.000000,39596000.000000,39596000.000000,0.000000,0.000000,0.038000,124538000.000000,60573000.000000,157746000.000000,0.000000,1.881000,14.431000,14.526000,229164000.000000,0.000000,10.531000,0.551000,0.551000,170626000.000000,145838000.000000,1037203000.000000,1037203000.000000,0.000000,0.047000,0.134000,0.109000,0.058000,0.000000,110687000.000000,1.000000,54260000.000000,54260000.000000,,19.115000,902649000.000000,14311000.000000,13796000.000000,0.000000,16.636000
MRY,1999-12-31,1999-12-31,1999-12-31,1999-FY,112105000.000000,179733250.000000,2019-04-30,-16063000.000000,1130112000.000000,1068765500.000000,521958000.000000,608154000.000000,0.972000,5.180000,-48648000.000000,77641000.000000,77641000.000000,907586000.000000,-4631000.000000,1.274000,3.059000,263595000.000000,4741000.000000,258854000.000000,263595000.000000,45333000.000000,20675000.000000,0.000000,0.000000,0.000000,14089000.000000,34764000.000000,0.033000,34764000.000000,14089000.000000,-2422000.000000,-0.085000,-0.085000,-0.085000,278412000.000000,291933500.000000,278412000.000000,409326250.000000,29.000000,11.774000,-56352000.000000,-1.048000,1.000000,131479000.000000,0.127000,159514000.000000,16511000.000000,746699000.000000,767416750.000000,0.000000,233813000.000000,218951000.000000,14862000.000000,851700000.000000,409853000.000000,441847000.000000,-17647000.000000,0.000000,-5636000.000000,16581000.000000,0.000000,10945000.000000,-19193000.000000,29455000.000000,-7704000.000000,0.000000,-4631000.000000,-4631000.000000,-4631000.000000,15154000.000000,0.000000,-0.004000,102236000.000000,29243000.000000,163490000.000000,0.000000,0.646000,-38.811000,-39.338000,264549000.000000,0.000000,3.344000,0.173000,0.173000,194580000.000000,141207000.000000,1039065000.000000,1039065000.000000,0.000000,-0.004000,-0.016000,0.018000,0.014000,0.000000,94428000.000000,1.000000,53752000.000000,53752000.000000,,19.331000,970598000.000000,66033000.000000,2209000.000000,0.000000,18.057000
MRY,2000-12-31,2000-12-31,2000-12-31,2000-FY,78317000.000000,103709600.000000,2019-04-30,-5667000.000000,1165100000.000000,1100918000.000000,671291000.000000,493809000.000000,0.926000,1.658000,-3732000.000000,182025000.000000,182025000.000000,900003000.000000,-199915000.000000,1.132000,11.878000,278963000.000000,53993000.000000,224970000.000000,278963000.000000,41499000.000000,24145000.000000,0.000000,0.000000,0.000000,-191255000.000000,-167110000.000000,-0.164000,-167110000.000000,-191255000.000000,-209120000.000000,-3.685000,-3.685000,-3.685000,90473000.000000,133920750.000000,90473000.000000,306543600.000000,-2.000000,-1.834000,-6243000.000000,-0.114000,1.000000,119613000.000000,0.117000,15587000.000000,17865000.000000,653477000.000000,628538500.000000,0.000000,225028000.000000,206935000.000000,18093000.000000,1074627000.000000,592974000.000000,481653000.000000,91910000.000000,0.000000,1580000.000000,52234000.000000,0.000000,53814000.000000,16041000.000000,19773000.000000,-2511000.000000,0.000000,-199915000.000000,-199915000.000000,-199915000.000000,168896000.000000,0.000000,-0.196000,143056000.000000,-23443000.000000,187674000.000000,0.000000,1.146000,-0.519000,-0.516000,171032000.000000,0.000000,1.900000,0.102000,0.102000,273981000.000000,-58708000.000000,1019616000.000000,1019616000.000000,0.000000,-0.182000,-1.493000,-0.304000,-0.188000,0.000000,112220000.000000,1.000000,54584000.000000,54584000.000000,,18.680000,1149513000.000000,114955000.000000,-9205000.000000,0.000000,21.060000
MRY,2001-12-31,2001-12-31,2001-12-31,2001-FY,65986000.000000,225828000.000000,2019-04-30,-5636000.000000,1064846000.000000,1111546000.000000,857090000.000000,207756000.000000,0.993000,1.731000,129000.000000,116835000.000000,116835000.000000,940378000.000000,3486000.000000,1.083000,10.033000,164184000.000000,191000.000000,163993000.000000,164184000.000000,38592000.000000,24184000.000000,0.000000,0.000000,0.000000,26385000.000000,50569000.000000,0.046000,50569000.000000,26385000.000000,10647000.000000,0.065000,0.060000,0.065000,96519000.000000,95413000.000000,96519000.000000,271044000.000000,10.000000,5.360000,98293000.000000,1.763000,1.000000,163122000.000000,0.148000,14782000.000000,15738000.000000,306309000.000000,566855750.000000,0.000000,52498000.000000,52498000.000000,0.000000,968327000.000000,791104000.000000,177223000.000000,-21843000.000000,0.000000,2090000.000000,-53187000.000000,0.000000,-51097000.000000,-22956000.000000,-23085000.000000,98164000.000000,0.000000,3486000.000000,3486000.000000,3486000.000000,11995000.000000,0.000000,0.003000,122623000.000000,40499000.000000,181423000.000000,0.000000,2.340000,64.781000,62.308000,136496000.000000,0.000000,4.050000,0.205000,0.205000,55500000.000000,-55222000.000000,1103500000.000000,1103500000.000000,0.000000,0.003000,0.037000,0.047000,0.024000,342000.000000,122623000.000000,1.000000,55760000.000000,55760000.000000,,19.790000,1050064000.000000,96826000.000000,7161000.000000,0.000000,18.832000
MRY,2002-12-31,2002-12-31,2002-12-31,2002-FY,122252000.000000,354847460.000000,2019-04-30,381000.000000,1065966000.000000,1026284500.000000,920428000.000000,145538000.000000,1.246000,2.650000,-11712000.000000,63335000.000000,63335000.000000,1072665000.000000,36448000.000000,1.153000,5.808000,60896000.000000,186000.000000,60710000.000000,60896000.000000,40758000.000000,18245000.000000,0.000000,0.000000,0.000000,66186000.000000,84431000.000000,0.066000,84431000.000000,66186000.000000,58536000.000000,0.635000,0.585000,0.635000,156565000.000000,132926750.000000,156565000.000000,294074460.000000,4.000000,3.483000,124925000.000000,2.114000,1.000000,205970000.000000,0.161000,14782000.000000,7650000.000000,250569000.000000,391268500.000000,0.000000,182452000.000000,182452000.000000,0.000000,909401000.000000,798176000.000000,111225000.000000,-61336000.000000,0.000000,10159000.000000,-30399000.000000,0.000000,-3378000.000000,-146666000.000000,-134954000.000000,136637000.000000,0.000000,36448000.000000,36448000.000000,36448000.000000,5860000.000000,0.000000,0.029000,133979000.000000,71991000.000000,192503000.000000,0.000000,2.266000,9.736000,9.457000,64868000.000000,0.000000,6.005000,0.278000,0.278000,58358000.000000,-23061000.000000,1278635000.000000,1278635000.000000,0.000000,0.036000,0.274000,0.169000,0.052000,585000.000000,133979000.000000,1.000000,59092000.000000,59092000.000000,,21.638000,1051184000.000000,65349000.000000,22088000.000000,0.000000,17.789000
MRY,2003-12-31,2003-12-31,2003-12-31,2003-FY,171652000.000000,759486600.000000,2019-04-30,-479000.000000,1134121000.000000,1119556750.000000,980457000.000000,153664000.000000,1.327000,2.725000,-6552000.000000,136119000.000000,136119000.000000,1213617000.000000,62326000.000000,1.212000,6.522000,116808000.000000,163000.000000,116645000.000000,116808000.000000,45888000.000000,15929000.000000,0.000000,0.000000,0.000000,114085000.000000,130014000.000000,0.088000,130014000.000000,114085000.000000,108594000.000000,1.110000,0.890000,1.110000,150764000.000000,161173000.000000,150764000.000000,730241600.000000,6.000000,5.617000,104241000.000000,1.884000,1.000000,271679000.000000,0.183000,14782000.000000,5491000.000000,291223000.000000,304457000.000000,0.000000,197573000.000000,197573000.000000,0.000000,983357000.000000,808805000.000000,174552000.000000,72811000.000000,0.000000,-80314000.000000,34964000.000000,0.000000,-61706000.000000,23724000.000000,-12365000.000000,110793000.000000,0.000000,62326000.000000,62326000.000000,62326000.000000,22883000.000000,0.000000,0.042000,137887000.000000,133792000.000000,218141000.000000,0.000000,5.038000,12.186000,12.365000,63109000.000000,0.000000,13.725000,0.511000,0.511000,59469000.000000,36419000.000000,1485296000.000000,1485296000.000000,0.000000,0.056000,0.387000,0.375000,0.077000,451000.000000,137887000.000000,1.000000,55336000.000000,55336000.000000,,26.841000,1119339000.000000,45209000.000000,46268000.000000,0.000000,20.228000
MRY,2004-12-31,2004-12-31,2004-12-31,2004-FY,151166000.000000,1455014220.000000,2019-04-30,-245000.000000,689780000.000000,686844750.000000,449474000.000000,240306000.000000,2.294000,3.820000,-23102000.000000,229472000.000000,229472000.000000,1195473000.000000,122737000.000000,1.507000,2.420000,125495000.000000,100000.000000,125395000.000000,125495000.000000,50763000.000000,17084000.000000,0.000000,0.000000,0.000000,197666000.000000,214750000.000000,0.136000,214750000.000000,197666000.000000,192982000.000000,2.300000,1.790000,2.300000,201697000.000000,178229500.000000,201697000.000000,1365767220.000000,7.000000,6.360000,131562000.000000,2.492000,1.000000,380081000.000000,0.241000,14782000.000000,4684000.000000,272713000.000000,268846750.000000,0.000000,194575000.000000,147575000.000000,47000000.000000,488083000.000000,298308000.000000,189775000.000000,89099000.000000,0.000000,-106960000.000000,8225000.000000,0.000000,-98735000.000000,33170000.000000,42686000.000000,154664000.000000,0.000000,122737000.000000,122737000.000000,122737000.000000,682000.000000,0.000000,0.078000,181764000.000000,198317000.000000,143521000.000000,0.000000,7.214000,11.855000,11.980000,71152000.000000,0.000000,27.555000,0.923000,0.923000,40602000.000000,153357000.000000,1575554000.000000,1575554000.000000,0.000000,0.179000,0.689000,0.735000,0.125000,7332000.000000,181764000.000000,1.000000,52804000.000000,52804000.000000,,29.838000,674998000.000000,30830000.000000,70245000.000000,0.000000,12.783000
MRY,2005-12-31,2005-12-31,2005-12-31,2005-FY,171261000.000000,2298210320.000000,2019-04-30,-1750000.000000,668846000.000000,683975500.000000,438355000.000000,230491000.000000,2.025000,4.945000,-13027000.000000,106311000.000000,106311000.000000,1023146000.000000,120017000.000000,1.641000,1.353000,52413000.000000,106000.000000,52307000.000000,52413000.000000,49067000.000000,14951000.000000,0.000000,0.000000,0.000000,190516000.000000,205467000.000000,0.148000,205467000.000000,190516000.000000,181725000.000000,2.160000,1.810000,2.160000,284252000.000000,263308250.000000,284252000.000000,2254884320.000000,12.000000,10.974000,153805000.000000,2.676000,1.000000,361890000.000000,0.261000,14782000.000000,8791000.000000,333072000.000000,353894250.000000,0.000000,328250000.000000,281250000.000000,47000000.000000,384594000.000000,267094000.000000,117500000.000000,-119560000.000000,0.000000,-132036000.000000,-10109000.000000,0.000000,-142145000.000000,-144247000.000000,-131220000.000000,166832000.000000,0.000000,120017000.000000,120017000.000000,120017000.000000,0.000000,0.000000,0.087000,172473000.000000,189417000.000000,138214000.000000,0.000000,8.085000,19.149000,18.509000,71357000.000000,0.000000,39.980000,1.659000,1.659000,14501000.000000,262559000.000000,1385036000.000000,1385036000.000000,0.000000,0.175000,0.456000,0.538000,0.138000,7391000.000000,172473000.000000,1.000000,57484000.000000,57484000.000000,,24.094000,654064000.000000,37215000.000000,61708000.000000,0.000000,11.378000
MRY,2006-12-31,2006-12-31,2006-12-31,2006-FY,141000000.000000,2058424600.000000,2019-04-30,-8635000.000000,809412000.000000,762247250.000000,543953000.000000,265459000.000000,2.255000,3.794000,-16319000.000000,78346000.000000,78346000.000000,1296116000.000000,140471000.000000,1.350000,2.735000,118850000.000000,116000.000000,118734000.000000,118850000.000000,52075000.000000,16570000.000000,0.000000,0.000000,0.000000,219394000.000000,235964000.000000,0.137000,235964000.000000,219394000.000000,215493000.000000,2.490000,2.250000,2.490000,216718000.000000,249637750.000000,216718000.000000,2005021600.000000,9.000000,8.497000,174052000.000000,3.047000,1.000000,422776000.000000,0.246000,14782000.000000,3901000.000000,432181000.000000,352425250.000000,0.000000,370846000.000000,323846000.000000,47000000.000000,592694000.000000,402953000.000000,189741000.000000,-29141000.000000,0.000000,-228672000.000000,74889000.000000,0.000000,-143930000.000000,-75582000.000000,-59263000.000000,190371000.000000,0.000000,140471000.000000,140471000.000000,140471000.000000,0.000000,0.000000,0.082000,205342000.000000,217434000.000000,224447000.000000,0.000000,9.498000,14.654000,14.474000,71893000.000000,0.000000,36.040000,1.198000,1.198000,21308000.000000,388895000.000000,1718892000.000000,1718892000.000000,0.000000,0.184000,0.563000,0.623000,0.128000,-654000.000000,205342000.000000,1.000000,57115000.000000,57115000.000000,,30.095000,794630000.000000,48517000.000000,75022000.000000,0.000000,13.913000
