dimension,calendardate,datekey,reportperiod,fiscalperiod,workingcapital,marketcap,lastupdated,accoci,assets,assetsavg,assetsc,assetsnc,assetturnover,bvps,capex,cashneq,cashnequsd,cor,consolinc,currentratio,de,debt,debtc,debtnc,debtusd,deferredrev,depamor,deposits,divyield,dps,ebit,ebitda,ebitdamargin,ebitdausd,ebitusd,ebt,eps,epsdil,epsusd,equity,equityavg,equityusd,ev,evebit,evebitda,fcf,fcfps,fxusd,gp,grossmargin,intangibles,intexp,invcap,invcapavg,inventory,investments,investmentsc,investmentsnc,liabilities,liabilitiesc,liabilitiesnc,ncf,ncfbus,ncfcommon,ncfdebt,ncfdiv,ncff,ncfi,ncfinv,ncfo,ncfx,netinc,netinccmn,netinccmnusd,netincdis,netincnci,netmargin,opex,opinc,payables,payoutratio,pb,pe,pe1,ppnenet,prefdivis,price,ps,ps1,receivables,retearn,revenue,revenueusd,rnd,roa,roe,roic,ros,sbcomp,sgna,sharefactor,sharesbas,shareswa,shareswadil,sps,tangibles,taxassets,taxexp,taxliabilities,tbvps
ARQ,2013-06-30,2013-10-15,2013-07-31,2014-Q2,35056000.000000,,2025-03-24,3000.000000,112620000.000000,,96279000.000000,16341000.000000,,2.022000,,38608000.000000,38608000.000000,,,1.573000,1.376000,0.000000,0.000000,0.000000,0.000000,48260000.000000,,0.000000,,0.000000,,,,,,,,,,47400000.000000,,47400000.000000,,,,,,1.000000,,,13056000.000000,,-267000.000000,,0.000000,14267000.000000,14267000.000000,0.000000,65220000.000000,61223000.000000,3997000.000000,,,,,,,,,,,,,,,,,,,1325000.000000,,,,,2146000.000000,,,,,38883000.000000,35770000.000000,,,,,,,,,,1.000000,122252440.000000,23440000.000000,,,99564000.000000,1781000.000000,,2743000.000000,4.248000
ARQ,2013-09-30,2013-12-13,2013-10-31,2014-Q3,258195000.000000,4601729530.000000,2025-03-24,11000.000000,345289000.000000,,328448000.000000,16841000.000000,,7.560000,-1180000.000000,257141000.000000,257141000.000000,21392000.000000,6525000.000000,4.675000,0.276000,0.000000,0.000000,0.000000,0.000000,53514000.000000,774000.000000,0.000000,0.000000,0.000000,5924000.000000,6698000.000000,0.122000,6698000.000000,5924000.000000,5924000.000000,0.070000,0.050000,0.070000,270646000.000000,,270646000.000000,4344588530.000000,,,4087000.000000,0.114000,1.000000,33587000.000000,0.611000,13302000.000000,0.000000,4593000.000000,,0.000000,16242000.000000,16242000.000000,0.000000,74643000.000000,70253000.000000,4390000.000000,218533000.000000,0.000000,216516000.000000,0.000000,0.000000,216516000.000000,-3250000.000000,-2065000.000000,5267000.000000,0.000000,2339000.000000,2339000.000000,2339000.000000,0.000000,4186000.000000,0.043000,23602000.000000,9985000.000000,2436000.000000,0.000000,17.003000,,,2319000.000000,0.000000,36.930000,,,48603000.000000,42295000.000000,54979000.000000,54979000.000000,6585000.000000,,,,,2086000.000000,17017000.000000,1.000000,124606811.000000,35802000.000000,131963000.000000,1.536000,331987000.000000,1827000.000000,3585000.000000,2703000.000000,9.273000
ARQ,2013-12-31,2014-03-18,2014-01-31,2014-Q4,267115000.000000,4216700650.000000,2025-03-24,19000.000000,370308000.000000,,353732000.000000,16576000.000000,,5.415000,-403000.000000,262507000.000000,262507000.000000,24358000.000000,6247000.000000,4.084000,0.322000,0.000000,0.000000,0.000000,0.000000,67380000.000000,858000.000000,0.000000,0.000000,0.000000,10488000.000000,11346000.000000,0.181000,11346000.000000,10488000.000000,10488000.000000,0.040000,0.020000,0.040000,280096000.000000,,280096000.000000,3954193650.000000,156.000000,142.751000,15822000.000000,0.306000,1.000000,38445000.000000,0.612000,12986000.000000,0.000000,8198000.000000,,0.000000,25625000.000000,25625000.000000,0.000000,90212000.000000,86617000.000000,3595000.000000,5366000.000000,0.000000,-1165000.000000,0.000000,0.000000,-991000.000000,-9868000.000000,-9467000.000000,16225000.000000,0.000000,5792000.000000,5792000.000000,5792000.000000,0.000000,455000.000000,0.092000,27137000.000000,11308000.000000,2117000.000000,0.000000,15.054000,405.257000,168.900000,2445000.000000,0.000000,33.780000,20.065000,8.314000,58433000.000000,48542000.000000,62803000.000000,62803000.000000,7858000.000000,,,,,2914000.000000,19279000.000000,1.000000,124828320.000000,51725000.000000,68024000.000000,1.214000,357322000.000000,3464000.000000,4696000.000000,2137000.000000,6.908000
ARQ,2014-03-31,2014-06-06,2014-04-30,2015-Q1,317551000.000000,2702934214.000000,2025-03-24,31000.000000,435124000.000000,,418782000.000000,16342000.000000,,2.666000,-519000.000000,188888000.000000,188888000.000000,25950000.000000,7221000.000000,4.137000,0.317000,0.000000,0.000000,0.000000,0.000000,74872000.000000,930000.000000,0.000000,0.000000,0.000000,12434000.000000,13364000.000000,0.200000,13364000.000000,12434000.000000,12434000.000000,0.060000,0.050000,0.060000,330286000.000000,,330286000.000000,2514046214.000000,,,17611000.000000,0.142000,1.000000,40771000.000000,0.611000,12636000.000000,0.000000,132369000.000000,,0.000000,156608000.000000,156608000.000000,0.000000,104838000.000000,101231000.000000,3607000.000000,-73619000.000000,0.000000,35679000.000000,0.000000,0.000000,40058000.000000,-131771000.000000,-131249000.000000,18130000.000000,-36000.000000,7128000.000000,7128000.000000,7128000.000000,0.000000,93000.000000,0.107000,28214000.000000,12557000.000000,3098000.000000,0.000000,8.184000,,,2494000.000000,0.000000,21.150000,,,61217000.000000,55763000.000000,66721000.000000,66721000.000000,8992000.000000,,,,,3256000.000000,19222000.000000,1.000000,127798308.000000,123902000.000000,142849000.000000,0.538000,422488000.000000,6569000.000000,5306000.000000,2564000.000000,3.410000
ARQ,2014-06-30,2014-09-11,2014-07-31,2015-Q2,319748000.000000,4045744259.000000,2025-03-24,-106000.000000,464241000.000000,,423005000.000000,41236000.000000,,2.807000,-24983000.000000,140116000.000000,140116000.000000,28136000.000000,9578000.000000,4.097000,0.299000,0.000000,0.000000,0.000000,0.000000,85303000.000000,991000.000000,0.000000,0.000000,0.000000,16596000.000000,17587000.000000,0.232000,17587000.000000,16596000.000000,16596000.000000,0.070000,0.070000,0.070000,357387000.000000,,357387000.000000,3905628259.000000,86.000000,79.715000,-8375000.000000,-0.066000,1.000000,47528000.000000,0.628000,12005000.000000,0.000000,208863000.000000,,0.000000,210086000.000000,210086000.000000,0.000000,106854000.000000,103257000.000000,3597000.000000,-48772000.000000,0.000000,6979000.000000,0.000000,0.000000,13633000.000000,-78992000.000000,-54013000.000000,16608000.000000,-21000.000000,9490000.000000,9490000.000000,9490000.000000,0.000000,88000.000000,0.125000,30743000.000000,16785000.000000,1798000.000000,0.000000,11.320000,163.471000,129.833000,27025000.000000,0.000000,31.160000,15.551000,15.248000,61897000.000000,65341000.000000,75664000.000000,75664000.000000,9787000.000000,,,,,3400000.000000,20956000.000000,1.000000,129837749.000000,127314000.000000,143353000.000000,0.594000,452236000.000000,6915000.000000,7106000.000000,2630000.000000,3.552000
ARQ,2014-09-30,2014-12-11,2014-10-31,2015-Q3,341756000.000000,3745463998.000000,2025-03-24,-24000.000000,492553000.000000,,449516000.000000,43037000.000000,,2.950000,-871000.000000,132135000.000000,132135000.000000,30416000.000000,10258000.000000,4.171000,0.292000,0.000000,0.000000,0.000000,0.000000,84668000.000000,1022000.000000,0.000000,0.000000,0.000000,18892000.000000,19914000.000000,0.238000,19914000.000000,18892000.000000,18892000.000000,0.080000,0.070000,0.080000,381207000.000000,,381207000.000000,3613328998.000000,62.000000,58.082000,33385000.000000,0.258000,1.000000,53409000.000000,0.637000,11465000.000000,0.000000,241193000.000000,,0.000000,260731000.000000,260731000.000000,0.000000,111346000.000000,107760000.000000,3586000.000000,-7981000.000000,0.000000,2102000.000000,0.000000,0.000000,9800000.000000,-52022000.000000,-51159000.000000,34256000.000000,-15000.000000,10198000.000000,10198000.000000,10198000.000000,0.000000,60000.000000,0.122000,33468000.000000,19941000.000000,2147000.000000,0.000000,9.825000,114.863000,114.720000,27613000.000000,0.000000,28.680000,12.960000,12.822000,45241000.000000,75599000.000000,83825000.000000,83825000.000000,10635000.000000,,,,,3585000.000000,22833000.000000,1.000000,130594979.000000,129212000.000000,144289000.000000,0.649000,481088000.000000,6885000.000000,8694000.000000,3293000.000000,3.723000
ARQ,2014-12-31,2015-04-01,2015-01-31,2015-Q4,366314000.000000,3286796800.000000,2025-03-24,26000.000000,544890000.000000,,501837000.000000,43053000.000000,,3.121000,-571000.000000,129253000.000000,129253000.000000,31156000.000000,13326000.000000,3.703000,0.339000,0.000000,0.000000,0.000000,0.000000,112960000.000000,986000.000000,0.000000,0.000000,0.000000,18984000.000000,19970000.000000,0.230000,19970000.000000,18984000.000000,18984000.000000,0.100000,0.090000,0.100000,406833000.000000,,406833000.000000,3157543800.000000,47.000000,44.554000,-1991000.000000,-0.015000,1.000000,55856000.000000,0.642000,10994000.000000,0.000000,269120000.000000,,0.000000,268620000.000000,268620000.000000,0.000000,138057000.000000,135523000.000000,2534000.000000,-2882000.000000,0.000000,1176000.000000,0.000000,0.000000,7771000.000000,-9233000.000000,-8674000.000000,-1420000.000000,0.000000,13287000.000000,13287000.000000,13287000.000000,0.000000,39000.000000,0.153000,35173000.000000,20683000.000000,3886000.000000,0.000000,8.079000,81.887000,80.645000,28203000.000000,0.000000,25.000000,10.494000,10.193000,92661000.000000,88925000.000000,87012000.000000,87012000.000000,11742000.000000,,,,,4084000.000000,23431000.000000,1.000000,131471872.000000,130344000.000000,144570000.000000,0.668000,533896000.000000,4815000.000000,5697000.000000,3241000.000000,4.096000
ARQ,2015-03-31,2015-06-04,2015-04-30,2016-Q1,372632000.000000,3615025588.000000,2025-03-24,15000.000000,568663000.000000,,509775000.000000,58888000.000000,,3.270000,-4732000.000000,107561000.000000,107561000.000000,31985000.000000,12982000.000000,3.717000,0.326000,0.000000,0.000000,0.000000,0.000000,111276000.000000,1024000.000000,0.000000,0.000000,0.000000,21670000.000000,22694000.000000,0.252000,22694000.000000,21670000.000000,21670000.000000,0.100000,0.090000,0.100000,428950000.000000,,428950000.000000,3507464588.000000,46.000000,43.753000,37059000.000000,0.283000,1.000000,57938000.000000,0.644000,19940000.000000,0.000000,304019000.000000,,0.000000,320947000.000000,320947000.000000,0.000000,139713000.000000,137143000.000000,2570000.000000,-21692000.000000,-9987000.000000,1170000.000000,0.000000,0.000000,4335000.000000,-67811000.000000,-53093000.000000,41791000.000000,-7000.000000,12964000.000000,12964000.000000,12964000.000000,0.000000,18000.000000,0.144000,37013000.000000,20925000.000000,5288000.000000,0.000000,8.428000,78.692000,78.400000,35173000.000000,0.000000,27.440000,10.745000,10.698000,70217000.000000,101907000.000000,89923000.000000,89923000.000000,12957000.000000,,,,,4799000.000000,24056000.000000,1.000000,131742915.000000,131163000.000000,144734000.000000,0.686000,548723000.000000,4815000.000000,8706000.000000,5823000.000000,4.184000
ARQ,2015-06-30,2015-09-04,2015-07-31,2016-Q2,388348000.000000,3278558111.000000,2025-03-24,-20000.000000,591632000.000000,,522750000.000000,68882000.000000,,3.442000,-9954000.000000,119776000.000000,119776000.000000,33473000.000000,13406000.000000,3.889000,0.304000,0.000000,0.000000,0.000000,0.000000,109518000.000000,1344000.000000,0.000000,0.000000,0.000000,21892000.000000,23236000.000000,0.237000,23236000.000000,21892000.000000,21892000.000000,0.100000,0.090000,0.100000,453637000.000000,,453637000.000000,3158782111.000000,39.000000,36.810000,5228000.000000,0.040000,1.000000,64634000.000000,0.659000,19385000.000000,0.000000,318069000.000000,,0.000000,318191000.000000,318191000.000000,0.000000,137995000.000000,134402000.000000,3593000.000000,12215000.000000,-7000.000000,1610000.000000,0.000000,0.000000,5590000.000000,-8597000.000000,1930000.000000,15182000.000000,40000.000000,13390000.000000,13390000.000000,13390000.000000,0.000000,16000.000000,0.136000,42281000.000000,22353000.000000,3891000.000000,0.000000,7.227000,65.783000,65.158000,44425000.000000,0.000000,24.760000,9.136000,9.093000,67977000.000000,115313000.000000,98107000.000000,98107000.000000,15255000.000000,,,,,5611000.000000,27026000.000000,1.000000,132413494.000000,131799000.000000,144871000.000000,0.744000,572247000.000000,4815000.000000,8502000.000000,2510000.000000,4.342000
ARQ,2015-09-30,2015-12-10,2015-10-31,2016-Q3,290955000.000000,3577581021.000000,2025-03-24,25000.000000,625033000.000000,,427338000.000000,197695000.000000,,3.580000,-4556000.000000,108594000.000000,108594000.000000,37012000.000000,10482000.000000,3.133000,0.319000,0.000000,0.000000,0.000000,0.000000,102053000.000000,2481000.000000,0.000000,0.000000,0.000000,20201000.000000,22682000.000000,0.212000,22682000.000000,20201000.000000,20201000.000000,0.080000,0.070000,0.080000,473978000.000000,,473978000.000000,3468987021.000000,42.000000,39.161000,15179000.000000,0.115000,1.000000,69909000.000000,0.654000,144883000.000000,0.000000,235173000.000000,,0.000000,230874000.000000,230874000.000000,0.000000,151055000.000000,136383000.000000,14672000.000000,-11182000.000000,-116189000.000000,1368000.000000,0.000000,0.000000,3185000.000000,-34155000.000000,86590000.000000,19735000.000000,53000.000000,10473000.000000,10473000.000000,10473000.000000,0.000000,9000.000000,0.098000,49809000.000000,20100000.000000,7211000.000000,0.000000,7.548000,71.389000,70.789000,47434000.000000,0.000000,26.900000,9.366000,9.325000,75301000.000000,125795000.000000,106921000.000000,106921000.000000,17667000.000000,,,,,6691000.000000,32142000.000000,1.000000,132995577.000000,132413000.000000,145063000.000000,0.807000,480150000.000000,5124000.000000,9728000.000000,17326000.000000,3.626000
ARQ,2015-12-31,2016-03-31,2016-01-31,2016-Q4,314685000.000000,3359188391.000000,2025-03-24,172000.000000,705799000.000000,,500964000.000000,204835000.000000,,3.802000,-2342000.000000,132179000.000000,132179000.000000,39744000.000000,17590000.000000,2.689000,0.397000,0.000000,0.000000,0.000000,0.000000,157419000.000000,3615000.000000,0.000000,0.000000,0.000000,14802000.000000,18417000.000000,0.161000,18417000.000000,14802000.000000,14802000.000000,0.130000,0.130000,0.130000,505249000.000000,,505249000.000000,3227009391.000000,41.000000,37.078000,1104000.000000,0.008000,1.000000,74526000.000000,0.652000,144283000.000000,0.000000,243058000.000000,,0.000000,214024000.000000,214024000.000000,0.000000,200550000.000000,186279000.000000,14271000.000000,23585000.000000,0.000000,1737000.000000,0.000000,0.000000,6296000.000000,13880000.000000,16184000.000000,3446000.000000,-37000.000000,17581000.000000,17581000.000000,17581000.000000,0.000000,9000.000000,0.154000,59315000.000000,15211000.000000,4600000.000000,0.000000,6.649000,61.735000,61.073000,47469000.000000,0.000000,25.040000,8.209000,8.078000,144798000.000000,143385000.000000,114270000.000000,114270000.000000,20097000.000000,,,,,7157000.000000,39218000.000000,1.000000,134152891.000000,132887000.000000,145181000.000000,0.860000,561516000.000000,9359000.000000,-2779000.000000,11372000.000000,4.226000
ARQ,2016-03-31,2016-06-08,2016-04-30,2017-Q1,341276000.000000,4735623687.000000,2025-03-24,459000.000000,751792000.000000,,548374000.000000,203418000.000000,,3.959000,-2197000.000000,245942000.000000,245942000.000000,41091000.000000,12509000.000000,2.648000,0.417000,0.000000,0.000000,0.000000,0.000000,180776000.000000,3405000.000000,0.000000,0.000000,0.000000,20549000.000000,23954000.000000,0.200000,23954000.000000,20549000.000000,20549000.000000,0.090000,0.090000,0.090000,530546000.000000,,530546000.000000,4489681687.000000,58.000000,50.852000,107163000.000000,0.800000,1.000000,78673000.000000,0.657000,142219000.000000,0.000000,156533000.000000,,0.000000,211493000.000000,211493000.000000,0.000000,221246000.000000,207098000.000000,14148000.000000,113763000.000000,0.000000,1345000.000000,0.000000,0.000000,4205000.000000,82000.000000,2285000.000000,109360000.000000,116000.000000,12505000.000000,12505000.000000,12505000.000000,0.000000,4000.000000,0.104000,60867000.000000,17806000.000000,4630000.000000,0.000000,8.926000,87.780000,87.850000,47659000.000000,0.000000,35.140000,10.786000,10.724000,81776000.000000,155894000.000000,119764000.000000,119764000.000000,22073000.000000,,,,,8143000.000000,38794000.000000,1.000000,134764476.000000,133996000.000000,145708000.000000,0.894000,609573000.000000,9865000.000000,8044000.000000,12040000.000000,4.549000
ARQ,2016-06-30,2016-09-08,2016-07-31,2017-Q2,378978000.000000,5617820092.000000,2025-03-24,869000.000000,787232000.000000,,587093000.000000,200139000.000000,,4.182000,-928000.000000,210365000.000000,210365000.000000,42195000.000000,12958000.000000,2.821000,0.393000,0.000000,0.000000,0.000000,0.000000,176718000.000000,3470000.000000,0.000000,0.000000,0.000000,22459000.000000,25929000.000000,0.197000,25929000.000000,22459000.000000,22459000.000000,0.100000,0.090000,0.100000,565108000.000000,,565108000.000000,5407455092.000000,69.000000,59.434000,10818000.000000,0.080000,1.000000,89152000.000000,0.679000,140052000.000000,0.000000,228700000.000000,,0.000000,269190000.000000,269190000.000000,0.000000,222124000.000000,208115000.000000,14009000.000000,-35577000.000000,0.000000,3183000.000000,0.000000,0.000000,11251000.000000,-58887000.000000,-58068000.000000,11746000.000000,313000.000000,12957000.000000,12957000.000000,12957000.000000,0.000000,1000.000000,0.099000,65330000.000000,23822000.000000,6384000.000000,0.000000,9.941000,104.975000,103.125000,47195000.000000,0.000000,41.250000,11.895000,11.802000,88963000.000000,168852000.000000,131347000.000000,131347000.000000,23563000.000000,,,,,10014000.000000,41767000.000000,1.000000,136189578.000000,135126000.000000,147155000.000000,0.972000,647180000.000000,9402000.000000,9502000.000000,13207000.000000,4.789000
ARQ,2016-09-30,2016-12-08,2016-10-31,2017-Q3,422213000.000000,5993996836.000000,2025-03-24,319000.000000,788474000.000000,,589829000.000000,198645000.000000,,4.468000,-1488000.000000,206078000.000000,206078000.000000,43925000.000000,21630000.000000,3.519000,0.301000,0.000000,0.000000,0.000000,0.000000,137051000.000000,3469000.000000,0.000000,0.000000,0.000000,34335000.000000,37804000.000000,0.265000,37804000.000000,34335000.000000,34335000.000000,0.160000,0.150000,0.160000,605905000.000000,,605905000.000000,5787918836.000000,63.000000,54.549000,23505000.000000,0.173000,1.000000,98854000.000000,0.692000,137137000.000000,0.000000,277643000.000000,,0.000000,304731000.000000,304731000.000000,0.000000,182569000.000000,167616000.000000,14953000.000000,-4287000.000000,0.000000,3473000.000000,0.000000,0.000000,8781000.000000,-37740000.000000,-36251000.000000,24993000.000000,-321000.000000,21630000.000000,21630000.000000,21630000.000000,0.000000,0.000000,0.151000,65044000.000000,33810000.000000,5048000.000000,0.000000,9.893000,92.682000,91.042000,48169000.000000,0.000000,43.700000,11.795000,11.663000,65648000.000000,190482000.000000,142779000.000000,142779000.000000,25012000.000000,,,,,10955000.000000,40032000.000000,1.000000,137162399.000000,135624000.000000,147436000.000000,1.053000,651337000.000000,9238000.000000,12705000.000000,14383000.000000,4.803000
ARQ,2016-12-31,2017-03-30,2017-01-31,2017-Q4,465081000.000000,7052946714.000000,2025-03-24,111000.000000,917700000.000000,,711865000.000000,205835000.000000,,4.754000,-2894000.000000,217606000.000000,217606000.000000,46470000.000000,21707000.000000,2.885000,0.405000,0.000000,0.000000,0.000000,0.000000,213562000.000000,3481000.000000,0.000000,0.000000,0.000000,32286000.000000,35767000.000000,0.238000,35767000.000000,32286000.000000,32286000.000000,0.160000,0.150000,0.160000,652978000.000000,,652978000.000000,6835340714.000000,62.000000,55.366000,-4982000.000000,-0.036000,1.000000,103683000.000000,0.691000,135087000.000000,0.000000,318223000.000000,,0.000000,301266000.000000,301266000.000000,0.000000,264722000.000000,246784000.000000,17938000.000000,11528000.000000,0.000000,4361000.000000,0.000000,0.000000,13739000.000000,-107000.000000,2787000.000000,-2088000.000000,-16000.000000,21706000.000000,21706000.000000,21706000.000000,0.000000,1000.000000,0.145000,71153000.000000,32530000.000000,5677000.000000,0.000000,10.801000,102.512000,99.706000,49907000.000000,0.000000,50.850000,12.964000,12.683000,182816000.000000,212189000.000000,150153000.000000,150153000.000000,26102000.000000,,,,,11686000.000000,45051000.000000,1.000000,138701017.000000,137360000.000000,149093000.000000,1.093000,782613000.000000,16784000.000000,10580000.000000,16202000.000000,5.698000
ARQ,2017-03-31,2017-06-08,2017-04-30,2018-Q1,520066000.000000,9082511466.000000,2025-03-24,910000.000000,995663000.000000,,789112000.000000,206551000.000000,,5.171000,-4751000.000000,365660000.000000,365660000.000000,48882000.000000,36023000.000000,2.933000,0.405000,0.000000,0.000000,0.000000,0.000000,238046000.000000,3449000.000000,0.000000,0.000000,0.000000,37930000.000000,41379000.000000,0.262000,41379000.000000,37930000.000000,37930000.000000,0.260000,0.240000,0.260000,708904000.000000,,708904000.000000,8716851466.000000,69.000000,61.875000,137410000.000000,1.002000,1.000000,109036000.000000,0.690000,133077000.000000,0.000000,227880000.000000,,0.000000,298257000.000000,298257000.000000,0.000000,286759000.000000,269046000.000000,17713000.000000,148054000.000000,0.000000,7285000.000000,0.000000,0.000000,7285000.000000,-2305000.000000,2447000.000000,142161000.000000,913000.000000,36023000.000000,36023000.000000,36023000.000000,0.000000,0.000000,0.228000,71697000.000000,37339000.000000,5162000.000000,0.000000,12.812000,98.385000,95.574000,51954000.000000,0.000000,64.990000,15.600000,15.304000,113124000.000000,248907000.000000,157918000.000000,157918000.000000,28311000.000000,,,,,11788000.000000,43386000.000000,1.000000,139752446.000000,137096000.000000,151056000.000000,1.152000,862586000.000000,16844000.000000,1907000.000000,13297000.000000,6.292000
ARQ,2017-06-30,2017-09-07,2017-07-31,2018-Q2,577777000.000000,8136075608.000000,2025-03-24,1271000.000000,1035870000.000000,,833355000.000000,202515000.000000,,5.475000,-2777000.000000,409226000.000000,409226000.000000,50404000.000000,37844000.000000,3.261000,0.351000,0.000000,0.000000,0.000000,0.000000,222685000.000000,3571000.000000,0.000000,0.000000,0.000000,39756000.000000,43327000.000000,0.260000,43327000.000000,39756000.000000,39756000.000000,0.270000,0.250000,0.270000,766603000.000000,,766603000.000000,7726849608.000000,54.000000,48.819000,54830000.000000,0.392000,1.000000,116181000.000000,0.697000,131092000.000000,0.000000,239974000.000000,,0.000000,315425000.000000,315425000.000000,0.000000,269267000.000000,255578000.000000,13689000.000000,43566000.000000,0.000000,6131000.000000,0.000000,0.000000,6131000.000000,-20499000.000000,-17521000.000000,57607000.000000,327000.000000,37844000.000000,37844000.000000,37844000.000000,0.000000,0.000000,0.227000,79283000.000000,36898000.000000,6298000.000000,0.000000,10.613000,69.419000,68.071000,53528000.000000,0.000000,57.860000,13.177000,13.120000,97153000.000000,286751000.000000,166585000.000000,166585000.000000,32691000.000000,,,,,13380000.000000,46592000.000000,1.000000,140616585.000000,140010000.000000,153778000.000000,1.190000,904778000.000000,12957000.000000,1912000.000000,9789000.000000,6.462000
ARQ,2017-09-30,2017-12-06,2017-10-31,2018-Q3,631719000.000000,7632539226.000000,2025-03-24,1022000.000000,1046216000.000000,,846069000.000000,200147000.000000,,5.811000,-1936000.000000,310796000.000000,310796000.000000,53236000.000000,34393000.000000,3.947000,0.278000,0.000000,0.000000,0.000000,0.000000,173358000.000000,3601000.000000,0.000000,0.000000,0.000000,43028000.000000,46629000.000000,0.265000,46629000.000000,43028000.000000,43028000.000000,0.240000,0.220000,0.240000,818468000.000000,,818468000.000000,7321743226.000000,48.000000,43.816000,30297000.000000,0.215000,1.000000,122913000.000000,0.698000,129196000.000000,0.000000,391874000.000000,,0.000000,447280000.000000,447280000.000000,0.000000,227748000.000000,214350000.000000,13398000.000000,-98430000.000000,0.000000,3747000.000000,0.000000,0.000000,3747000.000000,-134398000.000000,-132462000.000000,32233000.000000,-12000.000000,34393000.000000,34393000.000000,34393000.000000,0.000000,0.000000,0.195000,81245000.000000,41668000.000000,7444000.000000,0.000000,9.325000,58.727000,58.065000,52659000.000000,0.000000,54.000000,11.728000,11.687000,76294000.000000,321144000.000000,176149000.000000,176149000.000000,34042000.000000,,,,,14018000.000000,47203000.000000,1.000000,141343319.000000,140857000.000000,154256000.000000,1.251000,917020000.000000,12906000.000000,8635000.000000,15598000.000000,6.510000
ARQ,2017-12-31,2018-03-30,2018-01-31,2018-Q4,693460000.000000,10397418056.000000,2025-03-24,1404000.000000,1197008000.000000,,1008136000.000000,188872000.000000,,6.152000,-1903000.000000,320183000.000000,320183000.000000,58917000.000000,33706000.000000,3.204000,0.373000,0.000000,0.000000,0.000000,0.000000,275446000.000000,3656000.000000,0.000000,0.000000,0.000000,37920000.000000,41576000.000000,0.225000,41576000.000000,37920000.000000,37920000.000000,0.240000,0.210000,0.240000,871527000.000000,,871527000.000000,10077235056.000000,64.000000,58.280000,-467000.000000,-0.003000,1.000000,126002000.000000,0.681000,127294000.000000,0.000000,434855000.000000,,0.000000,441779000.000000,441779000.000000,0.000000,325481000.000000,314676000.000000,10805000.000000,9387000.000000,0.000000,3610000.000000,0.000000,0.000000,3610000.000000,2480000.000000,4383000.000000,1436000.000000,1861000.000000,33706000.000000,33706000.000000,33706000.000000,0.000000,0.000000,0.182000,91115000.000000,34887000.000000,6944000.000000,0.000000,11.930000,73.239000,72.297000,52284000.000000,0.000000,73.020000,15.166000,14.944000,233731000.000000,354850000.000000,184919000.000000,184919000.000000,37007000.000000,,,,,14863000.000000,54108000.000000,1.000000,142391373.000000,141670000.000000,154497000.000000,1.305000,1069714000.000000,3490000.000000,4214000.000000,5908000.000000,7.551000
ARQ,2018-03-31,2018-06-07,2018-04-30,2019-Q1,776602000.000000,11377590443.000000,2025-03-24,1096000.000000,1317655000.000000,,1102828000.000000,214827000.000000,,6.825000,-939000.000000,460239000.000000,460239000.000000,60155000.000000,44310000.000000,3.381000,0.352000,0.000000,0.000000,0.000000,0.000000,289560000.000000,3596000.000000,0.000000,0.000000,0.000000,46095000.000000,49691000.000000,0.254000,49691000.000000,46095000.000000,46095000.000000,0.310000,0.290000,0.310000,974437000.000000,,974437000.000000,10917351443.000000,65.000000,60.243000,149646000.000000,1.048000,1.000000,135392000.000000,0.692000,125448000.000000,0.000000,405742000.000000,,0.000000,458069000.000000,458069000.000000,0.000000,343218000.000000,326226000.000000,16992000.000000,140056000.000000,0.000000,7839000.000000,0.000000,0.000000,7839000.000000,-17557000.000000,-16618000.000000,150585000.000000,-811000.000000,44310000.000000,44310000.000000,44310000.000000,0.000000,0.000000,0.227000,91436000.000000,43956000.000000,9023000.000000,0.000000,11.676000,75.723000,74.830000,51500000.000000,0.000000,79.320000,15.732000,15.660000,172475000.000000,433675000.000000,195547000.000000,195547000.000000,37197000.000000,,,,,17011000.000000,54239000.000000,1.000000,143439113.000000,142777000.000000,154935000.000000,1.370000,1192207000.000000,2189000.000000,1785000.000000,9737000.000000,8.350000
ARQ,2018-06-30,2018-09-06,2018-07-31,2019-Q2,857700000.000000,14698049752.000000,2025-03-24,-119000.000000,1364592000.000000,,1152358000.000000,212234000.000000,,7.307000,-970000.000000,511735000.000000,511735000.000000,59226000.000000,50286000.000000,3.911000,0.299000,0.000000,0.000000,0.000000,0.000000,259170000.000000,3498000.000000,0.000000,0.000000,0.000000,56160000.000000,59658000.000000,0.285000,59658000.000000,56160000.000000,56160000.000000,0.350000,0.320000,0.350000,1050376000.000000,,1050376000.000000,14186314752.000000,77.000000,71.810000,85843000.000000,0.597000,1.000000,150383000.000000,0.717000,123658000.000000,0.000000,434541000.000000,,0.000000,498690000.000000,498690000.000000,0.000000,314216000.000000,294658000.000000,19558000.000000,51497000.000000,0.000000,7022000.000000,0.000000,0.000000,7022000.000000,-40773000.000000,-39803000.000000,86813000.000000,-1565000.000000,50286000.000000,50286000.000000,50286000.000000,0.000000,0.000000,0.240000,97565000.000000,52818000.000000,7661000.000000,0.000000,13.993000,90.341000,89.219000,50705000.000000,0.000000,101.710000,19.182000,19.081000,126572000.000000,483961000.000000,209609000.000000,209609000.000000,38826000.000000,,,,,19718000.000000,58739000.000000,1.000000,144509387.000000,143748000.000000,155416000.000000,1.458000,1240934000.000000,3468000.000000,5874000.000000,14034000.000000,8.633000
ARQ,2018-09-30,2018-12-07,2018-10-31,2019-Q3,946478000.000000,12867901726.000000,2025-03-24,-1239000.000000,1397281000.000000,,1183194000.000000,214087000.000000,,7.865000,-4658000.000000,467643000.000000,467643000.000000,61374000.000000,64085000.000000,4.998000,0.228000,0.000000,0.000000,0.000000,0.000000,196159000.000000,3383000.000000,0.000000,0.000000,0.000000,67700000.000000,71083000.000000,0.316000,71083000.000000,67700000.000000,67700000.000000,0.440000,0.410000,0.440000,1138305000.000000,,1138305000.000000,12400258726.000000,60.000000,55.855000,36898000.000000,0.255000,1.000000,163357000.000000,0.727000,121992000.000000,0.000000,570930000.000000,,0.000000,584283000.000000,584283000.000000,0.000000,258976000.000000,236716000.000000,22260000.000000,-44091000.000000,0.000000,4867000.000000,0.000000,0.000000,4867000.000000,-89360000.000000,-84702000.000000,41556000.000000,-1154000.000000,64085000.000000,64085000.000000,64085000.000000,0.000000,0.000000,0.285000,100263000.000000,63094000.000000,10859000.000000,0.000000,11.304000,66.886000,66.090000,53614000.000000,0.000000,88.560000,15.793000,15.731000,110042000.000000,548046000.000000,224731000.000000,224731000.000000,40001000.000000,,,,,19918000.000000,60262000.000000,1.000000,145301510.000000,144737000.000000,156025000.000000,1.553000,1275289000.000000,3468000.000000,3615000.000000,17235000.000000,8.811000
ARQ,2018-12-31,2019-03-28,2019-01-31,2019-Q4,1032392000.000000,18169933098.000000,2025-03-24,928000.000000,1653766000.000000,,1433414000.000000,220352000.000000,,8.496000,-3252000.000000,550971000.000000,550971000.000000,64526000.000000,71151000.000000,3.574000,0.336000,0.000000,0.000000,0.000000,0.000000,356357000.000000,3594000.000000,0.000000,0.000000,0.000000,68688000.000000,72282000.000000,0.311000,72282000.000000,68688000.000000,68688000.000000,0.490000,0.450000,0.490000,1237749000.000000,,1237749000.000000,17618962098.000000,74.000000,69.719000,28621000.000000,0.196000,1.000000,167797000.000000,0.722000,120325000.000000,0.000000,581448000.000000,,0.000000,539190000.000000,539190000.000000,0.000000,416017000.000000,401022000.000000,14995000.000000,83329000.000000,0.000000,6182000.000000,0.000000,0.000000,6182000.000000,43821000.000000,47073000.000000,31873000.000000,1453000.000000,71151000.000000,71151000.000000,71151000.000000,0.000000,0.000000,0.306000,104799000.000000,62998000.000000,9110000.000000,0.000000,14.680000,79.057000,78.044000,54966000.000000,0.000000,124.090000,21.074000,20.760000,321587000.000000,619197000.000000,232323000.000000,232323000.000000,42759000.000000,,,,,19778000.000000,62040000.000000,1.000000,146425442.000000,145681000.000000,157350000.000000,1.595000,1533441000.000000,5938000.000000,-2463000.000000,10181000.000000,10.526000
ARQ,2019-03-31,2019-06-06,2019-04-30,2020-Q1,1125264000.000000,23415231513.000000,2025-03-24,1188000.000000,1776104000.000000,,1537851000.000000,238253000.000000,,9.100000,-1613000.000000,748158000.000000,748158000.000000,65503000.000000,73449000.000000,3.727000,0.330000,19270000.000000,5835000.000000,13435000.000000,19270000.000000,363943000.000000,5438000.000000,0.000000,0.000000,0.000000,77330000.000000,82768000.000000,0.338000,82768000.000000,77330000.000000,77330000.000000,0.500000,0.470000,0.500000,1335103000.000000,,1335103000.000000,22686343513.000000,84.000000,79.381000,234676000.000000,1.600000,1.000000,179249000.000000,0.732000,118755000.000000,0.000000,515874000.000000,,0.000000,581490000.000000,581490000.000000,0.000000,441001000.000000,412587000.000000,28414000.000000,197187000.000000,0.000000,3391000.000000,-249000.000000,0.000000,3142000.000000,-41542000.000000,-39929000.000000,236289000.000000,-702000.000000,73449000.000000,73449000.000000,73449000.000000,0.000000,0.000000,0.300000,108080000.000000,71169000.000000,8361000.000000,0.000000,17.538000,90.416000,89.326000,70761000.000000,0.000000,159.000000,25.691000,25.594000,187474000.000000,691989000.000000,244752000.000000,244752000.000000,44973000.000000,,,,,20756000.000000,63107000.000000,1.000000,147265607.000000,146708000.000000,157910000.000000,1.668000,1657349000.000000,6494000.000000,3881000.000000,11339000.000000,11.297000
ARQ,2019-06-30,2019-09-05,2019-07-31,2020-Q2,1237897000.000000,23591756425.000000,2025-03-24,-93000.000000,1859853000.000000,,1620838000.000000,239015000.000000,,9.796000,-1378000.000000,827468000.000000,827468000.000000,70218000.000000,79242000.000000,4.233000,0.287000,22247000.000000,6729000.000000,15518000.000000,22247000.000000,329053000.000000,5561000.000000,0.000000,0.000000,0.000000,81188000.000000,86749000.000000,0.325000,86749000.000000,81188000.000000,81188000.000000,0.540000,0.500000,0.540000,1445017000.000000,,1445017000.000000,22786535425.000000,77.000000,72.828000,99095000.000000,0.672000,1.000000,196682000.000000,0.737000,117242000.000000,0.000000,554449000.000000,,0.000000,604688000.000000,604688000.000000,0.000000,414836000.000000,382941000.000000,31895000.000000,79311000.000000,0.000000,3620000.000000,-239000.000000,0.000000,3381000.000000,-22801000.000000,-21423000.000000,100473000.000000,-1742000.000000,79242000.000000,79242000.000000,79242000.000000,0.000000,0.000000,0.297000,122826000.000000,73856000.000000,8613000.000000,0.000000,16.326000,81.937000,80.924000,73274000.000000,0.000000,159.420000,24.354000,24.276000,166847000.000000,771231000.000000,266900000.000000,266900000.000000,51146000.000000,,,,,28370000.000000,71680000.000000,1.000000,147984923.000000,147510000.000000,158675000.000000,1.809000,1742611000.000000,6499000.000000,1946000.000000,13685000.000000,11.814000
ARQ,2019-09-30,2019-12-05,2019-10-31,2020-Q3,1351224000.000000,21561414296.000000,2025-03-24,173000.000000,1900441000.000000,,1658121000.000000,242320000.000000,,10.520000,-1237000.000000,892581000.000000,892581000.000000,73329000.000000,82245000.000000,5.403000,0.219000,27312000.000000,7430000.000000,19882000.000000,27312000.000000,250674000.000000,5643000.000000,0.000000,0.000000,0.000000,89941000.000000,95584000.000000,0.340000,95584000.000000,89941000.000000,89941000.000000,0.560000,0.520000,0.560000,1558565000.000000,,1558565000.000000,20696145296.000000,65.000000,61.343000,60267000.000000,0.407000,1.000000,207592000.000000,0.739000,115752000.000000,0.000000,612523000.000000,,0.000000,602407000.000000,602407000.000000,0.000000,341876000.000000,306897000.000000,34979000.000000,65112000.000000,0.000000,1607000.000000,-241000.000000,0.000000,1366000.000000,2729000.000000,3966000.000000,61504000.000000,-487000.000000,82245000.000000,82245000.000000,82245000.000000,0.000000,0.000000,0.293000,126792000.000000,80800000.000000,9914000.000000,0.000000,13.834000,70.442000,69.431000,77345000.000000,0.000000,145.110000,21.038000,20.977000,147773000.000000,853476000.000000,280921000.000000,280921000.000000,52575000.000000,,,,,29321000.000000,74217000.000000,1.000000,148586688.000000,148157000.000000,158750000.000000,1.896000,1784689000.000000,6455000.000000,7696000.000000,16237000.000000,12.046000
ARQ,2019-12-31,2020-03-30,2020-01-31,2020-Q4,979952000.000000,23573574927.000000,2025-03-24,460000.000000,2271777000.000000,,1531124000.000000,740653000.000000,,11.195000,-93000.000000,476733000.000000,476733000.000000,94319000.000000,66182000.000000,2.778000,0.364000,54828000.000000,10013000.000000,44815000.000000,54828000.000000,468887000.000000,11183000.000000,0.000000,0.000000,0.000000,65238000.000000,76421000.000000,0.245000,76421000.000000,65238000.000000,65238000.000000,0.450000,0.410000,0.450000,1665594000.000000,,1665594000.000000,23151669927.000000,74.000000,67.790000,39016000.000000,0.262000,1.000000,217189000.000000,0.697000,573130000.000000,0.000000,725570000.000000,,0.000000,610015000.000000,610015000.000000,0.000000,606183000.000000,551172000.000000,55011000.000000,-413991000.000000,-448162000.000000,2376000.000000,-255000.000000,0.000000,2121000.000000,-455296000.000000,-7041000.000000,39109000.000000,75000.000000,66182000.000000,66182000.000000,66182000.000000,0.000000,0.000000,0.212000,156795000.000000,60394000.000000,19420000.000000,0.000000,14.153000,78.287000,77.422000,103884000.000000,0.000000,157.940000,21.351000,21.142000,422507000.000000,919658000.000000,311508000.000000,311508000.000000,61201000.000000,,,,,37459000.000000,95594000.000000,1.000000,149256521.000000,148783000.000000,158812000.000000,2.094000,1698647000.000000,11870000.000000,-944000.000000,8030000.000000,11.417000
ARQ,2020-03-31,2020-06-04,2020-04-30,2021-Q1,1124932000.000000,30960247684.000000,2025-03-24,2146000.000000,2404619000.000000,,1675272000.000000,729347000.000000,,12.044000,267000.000000,720776000.000000,720776000.000000,94880000.000000,86570000.000000,3.044000,0.335000,52557000.000000,10127000.000000,42430000.000000,52557000.000000,470262000.000000,10875000.000000,0.000000,0.000000,0.000000,90979000.000000,101854000.000000,0.302000,101854000.000000,90979000.000000,90979000.000000,0.580000,0.540000,0.580000,1801036000.000000,,1801036000.000000,30292028684.000000,93.000000,84.003000,282439000.000000,1.889000,1.000000,242226000.000000,0.719000,567932000.000000,0.000000,618128000.000000,,0.000000,660199000.000000,660199000.000000,0.000000,603583000.000000,550340000.000000,53243000.000000,244044000.000000,0.000000,9781000.000000,-248000.000000,0.000000,9533000.000000,-48209000.000000,-48476000.000000,282172000.000000,548000.000000,86570000.000000,86570000.000000,86570000.000000,0.000000,0.000000,0.257000,154661000.000000,87565000.000000,15041000.000000,0.000000,17.190000,98.525000,96.808000,99809000.000000,0.000000,206.200000,25.877000,25.773000,273192000.000000,1006228000.000000,337106000.000000,337106000.000000,62237000.000000,,,,,36907000.000000,92424000.000000,1.000000,150146691.000000,149541000.000000,159474000.000000,2.254000,1836687000.000000,11701000.000000,4409000.000000,6114000.000000,12.282000
ARQ,2020-06-30,2020-09-08,2020-07-31,2021-Q2,1283950000.000000,39745776090.000000,2025-03-24,6170000.000000,2516409000.000000,,1785432000.000000,730977000.000000,,13.009000,-5407000.000000,795782000.000000,795782000.000000,97204000.000000,93551000.000000,3.560000,0.286000,57305000.000000,11118000.000000,46187000.000000,57305000.000000,421167000.000000,10409000.000000,0.000000,0.000000,0.000000,92962000.000000,103371000.000000,0.292000,103371000.000000,92962000.000000,92962000.000000,0.620000,0.580000,0.620000,1956727000.000000,,1956727000.000000,39007299090.000000,115.000000,103.405000,99913000.000000,0.664000,1.000000,256479000.000000,0.725000,562949000.000000,0.000000,713501000.000000,,0.000000,699707000.000000,699707000.000000,0.000000,559682000.000000,501482000.000000,58200000.000000,73149000.000000,0.000000,9278000.000000,-251000.000000,0.000000,9027000.000000,-43932000.000000,-38525000.000000,105320000.000000,2734000.000000,93551000.000000,93551000.000000,93551000.000000,0.000000,0.000000,0.265000,166398000.000000,90081000.000000,16476000.000000,0.000000,20.312000,120.974000,119.240000,103862000.000000,0.000000,263.520000,30.974000,30.889000,257453000.000000,1099779000.000000,353683000.000000,353683000.000000,70053000.000000,,,,,49366000.000000,96345000.000000,1.000000,150826412.000000,150413000.000000,160840000.000000,2.351000,1953460000.000000,12167000.000000,-589000.000000,4288000.000000,12.987000
ARQ,2020-09-30,2020-12-09,2020-10-31,2021-Q3,1435605000.000000,39209896507.000000,2025-03-24,3502000.000000,2583641000.000000,,1852997000.000000,730644000.000000,,13.950000,-3316000.000000,634265000.000000,634265000.000000,102997000.000000,96959000.000000,4.439000,0.227000,59015000.000000,11050000.000000,47965000.000000,59015000.000000,331166000.000000,10847000.000000,0.000000,0.000000,0.000000,104760000.000000,115607000.000000,0.306000,115607000.000000,104760000.000000,104760000.000000,0.640000,0.600000,0.640000,2106379000.000000,,2106379000.000000,38634646507.000000,109.000000,97.255000,92087000.000000,0.610000,1.000000,274522000.000000,0.727000,555194000.000000,0.000000,1035805000.000000,,0.000000,956167000.000000,956167000.000000,0.000000,477262000.000000,417392000.000000,59870000.000000,-161517000.000000,0.000000,6186000.000000,79000.000000,0.000000,6265000.000000,-262586000.000000,-259270000.000000,95403000.000000,-599000.000000,96959000.000000,96959000.000000,96959000.000000,0.000000,0.000000,0.257000,173217000.000000,101305000.000000,21324000.000000,0.000000,18.615000,114.227000,113.044000,107176000.000000,0.000000,258.870000,28.417000,28.328000,236670000.000000,1196738000.000000,377519000.000000,377519000.000000,79992000.000000,,,,,48973000.000000,93225000.000000,1.000000,151465587.000000,150993000.000000,161711000.000000,2.500000,2028447000.000000,15689000.000000,7801000.000000,3559000.000000,13.434000
ARQ,2020-12-31,2021-03-30,2021-01-31,2021-Q4,1594874000.000000,37969148512.000000,2025-03-24,992000.000000,3046067000.000000,,2310826000.000000,735241000.000000,,14.940000,-227000.000000,730504000.000000,730504000.000000,113847000.000000,102918000.000000,3.228000,0.344000,63118000.000000,11725000.000000,51393000.000000,63118000.000000,616992000.000000,7671000.000000,0.000000,0.000000,0.000000,105292000.000000,112963000.000000,0.285000,112963000.000000,105292000.000000,105292000.000000,0.680000,0.630000,0.680000,2266320000.000000,,2266320000.000000,37301762512.000000,95.000000,85.989000,68124000.000000,0.449000,1.000000,282914000.000000,0.713000,550624000.000000,0.000000,1112105000.000000,,0.000000,933122000.000000,933122000.000000,0.000000,779747000.000000,715952000.000000,63795000.000000,96238000.000000,0.000000,9612000.000000,-619000.000000,0.000000,8993000.000000,21093000.000000,21320000.000000,68351000.000000,-2199000.000000,102918000.000000,102918000.000000,102918000.000000,0.000000,0.000000,0.259000,184071000.000000,98843000.000000,23253000.000000,0.000000,16.754000,99.919000,98.980000,110567000.000000,0.000000,249.430000,25.916000,25.651000,611593000.000000,1299656000.000000,396761000.000000,396761000.000000,81938000.000000,,,,,49755000.000000,102133000.000000,1.000000,152223664.000000,151698000.000000,161377000.000000,2.615000,2495443000.000000,14100000.000000,2374000.000000,4425000.000000,16.450000
ARQ,2021-03-31,2021-06-04,2021-04-30,2022-Q1,1785520000.000000,44085095772.000000,2025-03-24,-2304000.000000,3222149000.000000,,2495066000.000000,727083000.000000,,16.039000,-2656000.000000,1184980000.000000,1184980000.000000,116136000.000000,115567000.000000,3.516000,0.318000,59952000.000000,11280000.000000,48672000.000000,59952000.000000,608673000.000000,9455000.000000,0.000000,0.000000,0.000000,133010000.000000,142465000.000000,0.329000,142465000.000000,133010000.000000,133010000.000000,0.760000,0.710000,0.760000,2444984000.000000,,2444984000.000000,42960067772.000000,99.000000,90.555000,475729000.000000,3.121000,1.000000,317437000.000000,0.732000,546195000.000000,0.000000,841380000.000000,,0.000000,965453000.000000,965453000.000000,0.000000,777165000.000000,709546000.000000,67619000.000000,454476000.000000,0.000000,17091000.000000,-286000.000000,0.000000,16805000.000000,-37949000.000000,-35293000.000000,478385000.000000,-2765000.000000,115567000.000000,115567000.000000,115567000.000000,0.000000,0.000000,0.267000,188991000.000000,128446000.000000,18858000.000000,0.000000,18.031000,107.789000,106.774000,106024000.000000,0.000000,288.290000,28.232000,28.144000,313694000.000000,1415223000.000000,433573000.000000,433573000.000000,83226000.000000,,,,,48489000.000000,105765000.000000,1.000000,152919268.000000,152444000.000000,162213000.000000,2.844000,2675954000.000000,13845000.000000,17443000.000000,12787000.000000,17.554000
ARQ,2021-06-30,2021-09-03,2021-07-31,2022-Q2,1968955000.000000,48731594099.000000,2025-03-24,-2689000.000000,3351383000.000000,,2631792000.000000,719591000.000000,,17.115000,-5325000.000000,1064731000.000000,1064731000.000000,122097000.000000,108858000.000000,3.970000,0.279000,58735000.000000,11105000.000000,47630000.000000,58735000.000000,558720000.000000,9754000.000000,0.000000,0.000000,0.000000,126290000.000000,136044000.000000,0.299000,136044000.000000,126290000.000000,126290000.000000,0.710000,0.670000,0.710000,2620097000.000000,,2620097000.000000,47725598099.000000,102.000000,94.119000,113740000.000000,0.743000,1.000000,333497000.000000,0.732000,544514000.000000,0.000000,1138036000.000000,,0.000000,1198785000.000000,1198785000.000000,0.000000,731286000.000000,662837000.000000,68449000.000000,-118272000.000000,-2133000.000000,20851000.000000,-98000.000000,0.000000,5657000.000000,-242814000.000000,-235356000.000000,119065000.000000,-180000.000000,108858000.000000,108858000.000000,108858000.000000,0.000000,0.000000,0.239000,208873000.000000,124624000.000000,21301000.000000,0.000000,18.599000,114.851000,113.849000,105687000.000000,0.000000,317.640000,29.296000,29.233000,334719000.000000,1524081000.000000,455594000.000000,455594000.000000,94899000.000000,,,,,62385000.000000,113974000.000000,1.000000,153417687.000000,153090000.000000,162765000.000000,2.976000,2806869000.000000,7590000.000000,17432000.000000,10084000.000000,18.335000
ARQ,2021-09-30,2021-12-03,2021-10-31,2022-Q3,2122908000.000000,38362628512.000000,2025-03-24,-5738000.000000,3367486000.000000,,2659795000.000000,707691000.000000,,18.040000,-2314000.000000,1149946000.000000,1149946000.000000,129564000.000000,105869000.000000,4.954000,0.216000,56040000.000000,10803000.000000,45237000.000000,56040000.000000,417755000.000000,9754000.000000,0.000000,0.000000,0.000000,133532000.000000,143286000.000000,0.301000,143286000.000000,133532000.000000,133532000.000000,0.690000,0.650000,0.690000,2769361000.000000,,2769361000.000000,37268722512.000000,75.000000,69.693000,110645000.000000,0.721000,1.000000,346547000.000000,0.728000,539820000.000000,0.000000,1196873000.000000,,0.000000,1201541000.000000,1201541000.000000,0.000000,598125000.000000,536887000.000000,61238000.000000,85215000.000000,0.000000,5368000.000000,0.000000,0.000000,-16046000.000000,-10229000.000000,-7915000.000000,112959000.000000,-1469000.000000,105869000.000000,105869000.000000,105869000.000000,0.000000,0.000000,0.222000,213839000.000000,132708000.000000,25605000.000000,0.000000,13.853000,88.554000,87.849000,103962000.000000,0.000000,249.490000,21.772000,21.736000,279016000.000000,1629950000.000000,476111000.000000,476111000.000000,98635000.000000,,,,,62045000.000000,115204000.000000,1.000000,153764193.000000,153514000.000000,163034000.000000,3.101000,2827666000.000000,4884000.000000,27663000.000000,16418000.000000,18.420000
ARQ,2021-12-31,2022-03-30,2022-01-31,2022-Q4,2266404000.000000,33034368092.000000,2025-03-24,-11958000.000000,3816465000.000000,,3107183000.000000,709282000.000000,,18.914000,-3919000.000000,1138040000.000000,1138040000.000000,135881000.000000,97096000.000000,3.696000,0.311000,54588000.000000,10981000.000000,43607000.000000,54588000.000000,731746000.000000,9930000.000000,0.000000,0.000000,0.000000,119479000.000000,129409000.000000,0.267000,129409000.000000,119479000.000000,119479000.000000,0.630000,0.600000,0.630000,2911637000.000000,,2911637000.000000,31950916092.000000,62.000000,57.966000,50135000.000000,0.326000,1.000000,349618000.000000,0.720000,541817000.000000,0.000000,1350417000.000000,,0.000000,1238064000.000000,1238064000.000000,0.000000,904828000.000000,840779000.000000,64049000.000000,-11905000.000000,-5647000.000000,8228000.000000,0.000000,0.000000,-10556000.000000,-55160000.000000,-45594000.000000,54054000.000000,-243000.000000,97096000.000000,97096000.000000,97096000.000000,0.000000,0.000000,0.200000,229900000.000000,119718000.000000,20348000.000000,0.000000,11.346000,77.293000,76.706000,104135000.000000,0.000000,214.010000,17.849000,17.721000,694400000.000000,1727046000.000000,485499000.000000,485499000.000000,105275000.000000,,,,,61717000.000000,124625000.000000,1.000000,154358993.000000,153944000.000000,161119000.000000,3.154000,3274648000.000000,5097000.000000,22383000.000000,9977000.000000,21.272000
ARQ,2022-03-31,2022-06-03,2022-04-30,2023-Q1,2396435000.000000,29106591530.000000,2025-03-24,-24211000.000000,4011222000.000000,,3275295000.000000,735927000.000000,,19.858000,-2333000.000000,1239998000.000000,1239998000.000000,139515000.000000,100115000.000000,3.727000,0.307000,54068000.000000,11606000.000000,42462000.000000,54068000.000000,723721000.000000,10006000.000000,0.000000,0.000000,0.000000,130381000.000000,140387000.000000,0.278000,140387000.000000,130381000.000000,130381000.000000,0.650000,0.620000,0.650000,3068275000.000000,,3068275000.000000,27920661530.000000,55.000000,50.846000,478694000.000000,3.098000,1.000000,365587000.000000,0.724000,537071000.000000,0.000000,1409361000.000000,,0.000000,1598555000.000000,1598555000.000000,0.000000,942947000.000000,878860000.000000,64087000.000000,101958000.000000,0.000000,16291000.000000,0.000000,0.000000,1292000.000000,-378487000.000000,-376154000.000000,481027000.000000,-1874000.000000,100115000.000000,100115000.000000,100115000.000000,0.000000,0.000000,0.198000,237915000.000000,127672000.000000,25404000.000000,0.000000,9.486000,70.658000,70.138000,102703000.000000,0.000000,187.970000,15.141000,15.109000,391648000.000000,1827161000.000000,505102000.000000,505102000.000000,113475000.000000,,,,,67134000.000000,124440000.000000,1.000000,154847005.000000,154514000.000000,161928000.000000,3.269000,3474151000.000000,40674000.000000,30266000.000000,52709000.000000,22.484000
ARQ,2022-06-30,2022-09-02,2022-07-31,2023-Q2,2556753000.000000,26393181938.000000,2025-03-24,-27335000.000000,4116583000.000000,,3356142000.000000,760441000.000000,,20.935000,-1663000.000000,1140246000.000000,1140246000.000000,151669000.000000,90601000.000000,4.198000,0.269000,63472000.000000,11366000.000000,52106000.000000,63472000.000000,684642000.000000,10248000.000000,0.000000,0.000000,0.000000,109490000.000000,119738000.000000,0.224000,119738000.000000,109490000.000000,109490000.000000,0.580000,0.560000,0.580000,3243931000.000000,,3243931000.000000,25316407938.000000,51.000000,47.514000,91723000.000000,0.592000,1.000000,382549000.000000,0.716000,532165000.000000,0.000000,1708255000.000000,,0.000000,1778861000.000000,1778861000.000000,0.000000,872652000.000000,799389000.000000,73263000.000000,-99752000.000000,0.000000,9250000.000000,0.000000,0.000000,-7884000.000000,-184205000.000000,-182542000.000000,93386000.000000,-1049000.000000,90601000.000000,90601000.000000,90601000.000000,0.000000,0.000000,0.170000,281457000.000000,101092000.000000,30915000.000000,0.000000,8.136000,67.042000,66.655000,110948000.000000,0.000000,169.970000,13.190000,13.162000,390997000.000000,1917762000.000000,534218000.000000,534218000.000000,134008000.000000,,,,,96042000.000000,147449000.000000,1.000000,155281414.000000,154951000.000000,162132000.000000,3.448000,3584418000.000000,62059000.000000,18889000.000000,6800000.000000,23.133000
ARQ,2022-09-30,2022-12-07,2022-10-31,2023-Q3,2696205000.000000,25736859157.000000,2025-03-24,-45642000.000000,4182717000.000000,,3386485000.000000,796232000.000000,,22.001000,-5609000.000000,865159000.000000,865159000.000000,153907000.000000,108457000.000000,4.906000,0.223000,61890000.000000,11665000.000000,50225000.000000,61890000.000000,510098000.000000,10251000.000000,0.000000,0.000000,0.000000,133862000.000000,144113000.000000,0.261000,144113000.000000,133862000.000000,133862000.000000,0.700000,0.670000,0.700000,3418792000.000000,,3418792000.000000,24933590157.000000,51.000000,46.723000,137051000.000000,0.882000,1.000000,398444000.000000,0.721000,527259000.000000,0.000000,2161909000.000000,,0.000000,2157396000.000000,2157396000.000000,0.000000,763925000.000000,690280000.000000,73645000.000000,-275087000.000000,0.000000,4575000.000000,0.000000,0.000000,-10543000.000000,-405729000.000000,-400120000.000000,142660000.000000,-1475000.000000,108457000.000000,108457000.000000,108457000.000000,0.000000,0.000000,0.196000,277040000.000000,121404000.000000,40926000.000000,0.000000,7.528000,64.948000,64.574000,108384000.000000,0.000000,165.310000,12.390000,12.367000,324944000.000000,2026219000.000000,552351000.000000,552351000.000000,130257000.000000,,,,,93187000.000000,146783000.000000,1.000000,155688459.000000,155392000.000000,162295000.000000,3.555000,3655458000.000000,98573000.000000,25405000.000000,56012000.000000,23.524000
ARQ,2022-12-31,2023-03-30,2023-01-31,2023-Q4,2962510000.000000,28629325338.000000,2025-03-24,-31129000.000000,4804296000.000000,,3969313000.000000,834983000.000000,,23.721000,-3907000.000000,886465000.000000,886465000.000000,164314000.000000,188533000.000000,3.942000,0.293000,60976000.000000,11306000.000000,49670000.000000,60976000.000000,869285000.000000,10815000.000000,0.000000,0.000000,0.000000,135363000.000000,146178000.000000,0.259000,146178000.000000,135363000.000000,135363000.000000,1.210000,1.160000,1.210000,3716252000.000000,,3716252000.000000,27803836338.000000,55.000000,50.514000,59490000.000000,0.380000,1.000000,399075000.000000,0.708000,522353000.000000,0.000000,2449651000.000000,,0.000000,2216163000.000000,2216163000.000000,0.000000,1088044000.000000,1006803000.000000,81241000.000000,21306000.000000,0.000000,13538000.000000,0.000000,0.000000,-2241000.000000,-39262000.000000,-35355000.000000,63397000.000000,-588000.000000,188533000.000000,188533000.000000,188533000.000000,0.000000,0.000000,0.335000,290152000.000000,108923000.000000,41678000.000000,0.000000,7.704000,58.702000,57.054000,105153000.000000,0.000000,179.150000,13.285000,12.917000,785229000.000000,2214752000.000000,563389000.000000,563389000.000000,142538000.000000,,,,,95544000.000000,147614000.000000,1.000000,159806449.000000,156666000.000000,163181000.000000,3.596000,4281943000.000000,136697000.000000,-53170000.000000,6438000.000000,27.332000
ARQ,2023-03-31,2023-06-02,2023-04-30,2024-Q1,3181832000.000000,31243654650.000000,2025-03-24,-25759000.000000,5023370000.000000,,4188134000.000000,835236000.000000,,24.667000,-2958000.000000,1093634000.000000,1093634000.000000,166663000.000000,131521000.000000,4.162000,0.274000,58228000.000000,10734000.000000,47494000.000000,58228000.000000,869920000.000000,10609000.000000,0.000000,0.000000,0.000000,91778000.000000,102387000.000000,0.195000,102387000.000000,91778000.000000,91778000.000000,0.820000,0.810000,0.820000,3943063000.000000,,3943063000.000000,30208248650.000000,64.000000,58.953000,502978000.000000,3.147000,1.000000,359662000.000000,0.683000,517608000.000000,0.000000,2464054000.000000,,0.000000,2521268000.000000,2521268000.000000,0.000000,1080307000.000000,1006302000.000000,74005000.000000,207169000.000000,0.000000,15233000.000000,0.000000,0.000000,-1392000.000000,-297394000.000000,-294436000.000000,505936000.000000,19000.000000,131521000.000000,131521000.000000,131521000.000000,0.000000,0.000000,0.250000,298132000.000000,61530000.000000,44404000.000000,0.000000,7.924000,60.187000,58.912000,102237000.000000,0.000000,195.000000,14.356000,14.323000,451010000.000000,2346273000.000000,526325000.000000,526325000.000000,146960000.000000,,,,,90719000.000000,151172000.000000,1.000000,160223870.000000,159852000.000000,162521000.000000,3.293000,4505762000.000000,156375000.000000,-39743000.000000,6024000.000000,28.187000
ARQ,2023-06-30,2023-09-01,2023-07-31,2024-Q2,3359799000.000000,34793165966.000000,2025-03-24,-34383000.000000,5228143000.000000,,4361753000.000000,866390000.000000,,25.890000,-9593000.000000,742607000.000000,742607000.000000,169018000.000000,111628000.000000,4.353000,0.259000,58505000.000000,10652000.000000,47853000.000000,58505000.000000,836500000.000000,11052000.000000,0.000000,0.000000,0.000000,142875000.000000,153927000.000000,0.261000,153927000.000000,142875000.000000,142875000.000000,0.700000,0.680000,0.700000,4152643000.000000,,4152643000.000000,34109063966.000000,68.000000,62.402000,255443000.000000,1.593000,1.000000,421207000.000000,0.714000,512702000.000000,0.000000,3029385000.000000,,0.000000,3126132000.000000,3126132000.000000,0.000000,1075500000.000000,1001954000.000000,73546000.000000,-351027000.000000,0.000000,22995000.000000,0.000000,0.000000,2577000.000000,-618930000.000000,-609337000.000000,265036000.000000,290000.000000,111628000.000000,111628000.000000,111628000.000000,0.000000,0.000000,0.189000,317158000.000000,104049000.000000,49932000.000000,0.000000,8.379000,64.415000,63.140000,107996000.000000,0.000000,216.570000,15.586000,15.561000,416607000.000000,2457901000.000000,590225000.000000,590225000.000000,157228000.000000,,,,,102895000.000000,159930000.000000,1.000000,160655520.000000,160396000.000000,163284000.000000,3.680000,4715441000.000000,184331000.000000,31247000.000000,25426000.000000,29.399000
ARQ,2023-09-30,2023-12-07,2023-10-31,2024-Q3,3567508000.000000,27847656495.000000,2025-03-24,-37538000.000000,5225772000.000000,,4335758000.000000,890014000.000000,,27.243000,-5910000.000000,743712000.000000,743712000.000000,167682000.000000,135158000.000000,5.644000,0.193000,57666000.000000,9640000.000000,48026000.000000,57666000.000000,644463000.000000,11224000.000000,0.000000,0.000000,0.000000,170676000.000000,181900000.000000,0.295000,181900000.000000,170676000.000000,170676000.000000,0.840000,0.830000,0.840000,4379773000.000000,,4379773000.000000,27161610495.000000,50.000000,46.478000,76688000.000000,0.477000,1.000000,448823000.000000,0.728000,507796000.000000,0.000000,3263680000.000000,,0.000000,3198570000.000000,3198570000.000000,0.000000,845999000.000000,768250000.000000,77749000.000000,1103000.000000,0.000000,13956000.000000,0.000000,0.000000,-6889000.000000,-73324000.000000,-67414000.000000,82598000.000000,-1282000.000000,135158000.000000,135158000.000000,135158000.000000,0.000000,0.000000,0.219000,320334000.000000,128489000.000000,36236000.000000,0.000000,6.358000,49.128000,48.445000,105736000.000000,0.000000,172.950000,12.126000,12.108000,300341000.000000,2593059000.000000,616505000.000000,616505000.000000,161278000.000000,,,,,101226000.000000,159056000.000000,1.000000,161015649.000000,160768000.000000,163761000.000000,3.835000,4717976000.000000,218348000.000000,35518000.000000,7705000.000000,29.346000
ARQ,2023-12-31,2024-03-25,2024-01-31,2024-Q4,3824328000.000000,37009253684.000000,2025-03-24,-10637000.000000,5910920000.000000,,5003211000.000000,907709000.000000,,28.833000,-7735000.000000,703487000.000000,703487000.000000,173928000.000000,147398000.000000,4.244000,0.273000,55775000.000000,9334000.000000,46441000.000000,55775000.000000,1049761000.000000,11434000.000000,0.000000,0.000000,0.000000,182693000.000000,194127000.000000,0.308000,194127000.000000,182693000.000000,182693000.000000,0.910000,0.900000,0.910000,4644824000.000000,,4644824000.000000,36361541684.000000,62.000000,57.503000,50034000.000000,0.311000,1.000000,456690000.000000,0.724000,502894000.000000,0.000000,3581431000.000000,,0.000000,3324269000.000000,3324269000.000000,0.000000,1266096000.000000,1178883000.000000,87213000.000000,-40225000.000000,0.000000,10503000.000000,0.000000,0.000000,-10484000.000000,-86703000.000000,-78968000.000000,57769000.000000,-807000.000000,147398000.000000,147398000.000000,147398000.000000,0.000000,0.000000,0.234000,321426000.000000,135264000.000000,31513000.000000,0.000000,7.968000,70.399000,70.159000,104134000.000000,0.000000,229.420000,15.658000,15.581000,888537000.000000,2740457000.000000,630618000.000000,630618000.000000,163565000.000000,,,,,98893000.000000,157861000.000000,1.000000,161316597.000000,161096000.000000,164557000.000000,3.915000,5408026000.000000,233463000.000000,35295000.000000,13914000.000000,33.570000
ARQ,2024-03-31,2024-06-04,2024-04-30,2025-Q1,4021662000.000000,28922724490.000000,2025-03-24,-30646000.000000,6187558000.000000,,5244948000.000000,942610000.000000,,30.290000,-8476000.000000,1197196000.000000,1197196000.000000,173884000.000000,161664000.000000,4.288000,0.266000,55743000.000000,10392000.000000,45351000.000000,55743000.000000,1029455000.000000,11282000.000000,0.000000,0.000000,0.000000,206901000.000000,218183000.000000,0.335000,218183000.000000,206901000.000000,206901000.000000,1.000000,0.980000,1.000000,4889381000.000000,,4889381000.000000,27781271490.000000,40.000000,37.134000,755040000.000000,4.677000,1.000000,476461000.000000,0.733000,498108000.000000,0.000000,3324711000.000000,,0.000000,3567841000.000000,3567841000.000000,0.000000,1298177000.000000,1223286000.000000,74891000.000000,493709000.000000,0.000000,28434000.000000,0.000000,0.000000,3828000.000000,-272378000.000000,-263902000.000000,763516000.000000,-1257000.000000,161664000.000000,161664000.000000,161664000.000000,0.000000,0.000000,0.249000,321289000.000000,155172000.000000,31930000.000000,0.000000,5.915000,52.034000,51.861000,102625000.000000,0.000000,178.920000,11.626000,11.610000,401091000.000000,2902121000.000000,650345000.000000,650345000.000000,162711000.000000,,,,,95911000.000000,158578000.000000,1.000000,161651713.000000,161421000.000000,164394000.000000,4.029000,5689450000.000000,266060000.000000,45237000.000000,72272000.000000,35.246000
ARQ,2024-06-30,2024-09-04,2024-07-31,2025-Q2,4297405000.000000,35112108022.000000,2025-03-24,-5575000.000000,6330837000.000000,,5367843000.000000,962994000.000000,,32.062000,-3052000.000000,1165754000.000000,1165754000.000000,170372000.000000,171041000.000000,5.015000,0.221000,54094000.000000,10182000.000000,43912000.000000,54094000.000000,956381000.000000,13745000.000000,0.000000,0.000000,0.000000,225060000.000000,238805000.000000,0.353000,238805000.000000,225060000.000000,225060000.000000,1.060000,1.040000,1.060000,5184698000.000000,,5184698000.000000,34000448022.000000,43.000000,40.816000,89822000.000000,0.555000,1.000000,505809000.000000,0.748000,493216000.000000,0.000000,3655523000.000000,,0.000000,3719324000.000000,3719324000.000000,0.000000,1146139000.000000,1070438000.000000,75701000.000000,-32447000.000000,0.000000,6400000.000000,0.000000,0.000000,-11484000.000000,-113842000.000000,-110790000.000000,92874000.000000,5000.000000,171041000.000000,171041000.000000,171041000.000000,0.000000,0.000000,0.253000,339322000.000000,166487000.000000,28307000.000000,0.000000,6.772000,57.069000,56.911000,99831000.000000,0.000000,216.830000,13.643000,13.624000,404151000.000000,3073162000.000000,676181000.000000,676181000.000000,176429000.000000,,,,,108376000.000000,162893000.000000,1.000000,161933810.000000,161708000.000000,164564000.000000,4.181000,5837621000.000000,291044000.000000,54019000.000000,6207000.000000,36.100000
ARQ,2024-09-30,2024-12-09,2024-10-31,2025-Q3,4590159000.000000,39936563334.000000,2025-03-24,-6459000.000000,6452853000.000000,,5447160000.000000,1005693000.000000,,33.962000,-4271000.000000,1044511000.000000,1044511000.000000,174389000.000000,185808000.000000,6.356000,0.173000,71701000.000000,9156000.000000,62545000.000000,71701000.000000,739657000.000000,12772000.000000,0.000000,0.000000,0.000000,242290000.000000,255062000.000000,0.365000,255062000.000000,242290000.000000,242290000.000000,1.150000,1.130000,1.150000,5501403000.000000,,5501403000.000000,38963753334.000000,45.000000,42.998000,159846000.000000,0.987000,1.000000,524818000.000000,0.751000,488404000.000000,0.000000,4134638000.000000,,0.000000,4018475000.000000,4018475000.000000,0.000000,951450000.000000,857001000.000000,94449000.000000,-121243000.000000,0.000000,30270000.000000,0.000000,0.000000,12960000.000000,-298226000.000000,-293955000.000000,164117000.000000,-94000.000000,185808000.000000,185808000.000000,185808000.000000,0.000000,0.000000,0.266000,343465000.000000,181353000.000000,31845000.000000,0.000000,7.259000,59.973000,59.706000,116020000.000000,0.000000,245.990000,15.034000,15.001000,301289000.000000,3258970000.000000,699207000.000000,699207000.000000,172411000.000000,,,,,117859000.000000,171054000.000000,1.000000,162350353.000000,161987000.000000,164979000.000000,4.316000,5964449000.000000,322652000.000000,56482000.000000,11278000.000000,36.821000
ARQ,2024-12-31,2025-03-24,2025-01-31,2025-Q4,4910398000.000000,38890861402.000000,2025-03-24,-8416000.000000,7339756000.000000,,6308802000.000000,1030954000.000000,,35.915000,-4720000.000000,1118785000.000000,1118785000.000000,180991000.000000,195625000.000000,4.511000,0.258000,75775000.000000,9969000.000000,65806000.000000,75775000.000000,1273978000.000000,13131000.000000,0.000000,0.000000,0.000000,245130000.000000,258261000.000000,0.358000,258261000.000000,245130000.000000,245130000.000000,1.200000,1.170000,1.200000,5832373000.000000,,5832373000.000000,37847851402.000000,41.000000,39.006000,64824000.000000,0.399000,1.000000,539895000.000000,0.749000,484337000.000000,0.000000,4414005000.000000,,0.000000,4031442000.000000,4031442000.000000,0.000000,1507383000.000000,1398404000.000000,108979000.000000,74274000.000000,0.000000,40434000.000000,0.000000,0.000000,20811000.000000,-15692000.000000,-10972000.000000,69544000.000000,-389000.000000,195625000.000000,195625000.000000,195625000.000000,0.000000,0.000000,0.271000,351472000.000000,188423000.000000,30447000.000000,0.000000,6.668000,54.458000,54.204000,119775000.000000,0.000000,239.040000,14.160000,14.088000,1057117000.000000,3454595000.000000,720886000.000000,720886000.000000,181527000.000000,,,,,115204000.000000,169945000.000000,1.000000,162696040.000000,162395000.000000,166414000.000000,4.439000,6855419000.000000,343919000.000000,49505000.000000,9611000.000000,42.214000
ART,2013-06-30,2013-10-15,2013-07-31,2014-Q2,35056000.000000,,2025-03-24,3000.000000,112620000.000000,,96279000.000000,16341000.000000,,2.022000,-2161000.000000,38608000.000000,38608000.000000,69469000.000000,22276000.000000,1.573000,1.376000,0.000000,0.000000,0.000000,0.000000,48260000.000000,1205000.000000,0.000000,,0.000000,17221000.000000,18426000.000000,0.110000,18426000.000000,17221000.000000,17221000.000000,0.190000,0.130000,0.190000,47400000.000000,,47400000.000000,,,,34803000.000000,1.485000,1.000000,98484000.000000,0.586000,13056000.000000,0.000000,-267000.000000,,0.000000,14267000.000000,14267000.000000,0.000000,65220000.000000,61223000.000000,3997000.000000,8449000.000000,-12149000.000000,223000.000000,0.000000,0.000000,223000.000000,-28738000.000000,-14291000.000000,36964000.000000,0.000000,4433000.000000,4433000.000000,4433000.000000,0.000000,17843000.000000,0.026000,62327000.000000,36157000.000000,1325000.000000,0.000000,,,,2146000.000000,0.000000,,,,38883000.000000,35770000.000000,167953000.000000,167953000.000000,20181000.000000,,,,0.103000,2356000.000000,42146000.000000,1.000000,122252440.000000,23440000.000000,35833000.000000,7.165000,99564000.000000,1781000.000000,12788000.000000,2743000.000000,4.248000
ART,2013-09-30,2013-12-13,2013-10-31,2014-Q3,258195000.000000,4601729530.000000,2025-03-24,11000.000000,345289000.000000,,328448000.000000,16841000.000000,,7.560000,,257141000.000000,257141000.000000,,,4.675000,0.276000,0.000000,0.000000,0.000000,0.000000,53514000.000000,,0.000000,0.000000,0.000000,,,,,,,,,,270646000.000000,,270646000.000000,4344588530.000000,,,,,1.000000,,,13302000.000000,,4593000.000000,,0.000000,16242000.000000,16242000.000000,0.000000,74643000.000000,70253000.000000,4390000.000000,,,,,,,,,,,,,,,,,,,2436000.000000,,17.003000,,,2319000.000000,,36.930000,,,48603000.000000,42295000.000000,,,,,,,,,,1.000000,124606811.000000,35802000.000000,,,331987000.000000,1827000.000000,,2703000.000000,9.273000
ART,2013-12-31,2014-03-18,2014-01-31,2014-Q4,267115000.000000,4216700650.000000,2025-03-24,19000.000000,370308000.000000,,353732000.000000,16576000.000000,,5.415000,-2977000.000000,262507000.000000,262507000.000000,82602000.000000,23615000.000000,4.084000,0.322000,0.000000,0.000000,0.000000,0.000000,67380000.000000,2410000.000000,0.000000,0.000000,0.000000,25290000.000000,27700000.000000,0.132000,27700000.000000,25290000.000000,25290000.000000,0.200000,0.150000,0.200000,280096000.000000,,280096000.000000,3954193650.000000,156.000000,142.751000,38776000.000000,0.750000,1.000000,127549000.000000,0.607000,12986000.000000,0.000000,8198000.000000,,0.000000,25625000.000000,25625000.000000,0.000000,90212000.000000,86617000.000000,3595000.000000,230617000.000000,-12149000.000000,215266000.000000,0.000000,0.000000,215440000.000000,-26576000.000000,-11450000.000000,41753000.000000,0.000000,10405000.000000,10405000.000000,10405000.000000,0.000000,13210000.000000,0.050000,88245000.000000,39304000.000000,2117000.000000,0.000000,15.054000,405.257000,168.900000,2445000.000000,0.000000,33.780000,20.065000,8.314000,58433000.000000,48542000.000000,210151000.000000,210151000.000000,26327000.000000,,,,0.120000,6950000.000000,61918000.000000,1.000000,124828320.000000,51725000.000000,68024000.000000,4.063000,357322000.000000,3464000.000000,14885000.000000,2137000.000000,6.908000
ART,2014-03-31,2014-06-06,2014-04-30,2015-Q1,317551000.000000,2702934214.000000,2025-03-24,31000.000000,435124000.000000,315835250.000000,418782000.000000,16342000.000000,,2.666000,,188888000.000000,188888000.000000,,,4.137000,0.317000,0.000000,0.000000,0.000000,0.000000,74872000.000000,,0.000000,0.000000,0.000000,,,,,,,,,,330286000.000000,232107000.000000,330286000.000000,2514046214.000000,,,,,1.000000,,,12636000.000000,,132369000.000000,36223250.000000,0.000000,156608000.000000,156608000.000000,0.000000,104838000.000000,101231000.000000,3607000.000000,,,,,,,,,,,,,,,,,,,3098000.000000,,8.184000,,,2494000.000000,,21.150000,,,61217000.000000,55763000.000000,,,,,,,,,,1.000000,127798308.000000,123902000.000000,,,422488000.000000,6569000.000000,,2564000.000000,3.410000
ART,2014-06-30,2014-09-11,2014-07-31,2015-Q2,319748000.000000,4045744259.000000,2025-03-24,-106000.000000,464241000.000000,403740500.000000,423005000.000000,41236000.000000,0.644000,2.807000,-27085000.000000,140116000.000000,140116000.000000,99836000.000000,29571000.000000,4.097000,0.299000,0.000000,0.000000,0.000000,0.000000,85303000.000000,3553000.000000,0.000000,0.000000,0.000000,45442000.000000,48995000.000000,0.188000,48995000.000000,45442000.000000,45442000.000000,0.240000,0.190000,0.240000,357387000.000000,309603750.000000,357387000.000000,3905628259.000000,86.000000,79.715000,29145000.000000,0.229000,1.000000,160331000.000000,0.616000,12005000.000000,0.000000,208863000.000000,88505750.000000,0.000000,210086000.000000,210086000.000000,0.000000,106854000.000000,103257000.000000,3597000.000000,101508000.000000,0.000000,258009000.000000,0.000000,0.000000,269216000.000000,-223881000.000000,-196794000.000000,56230000.000000,-57000.000000,24749000.000000,24749000.000000,24749000.000000,0.000000,4822000.000000,0.095000,109696000.000000,50635000.000000,1798000.000000,0.000000,11.320000,163.471000,129.833000,27025000.000000,0.000000,31.160000,15.551000,15.248000,61897000.000000,65341000.000000,260167000.000000,260167000.000000,33222000.000000,0.061000,0.080000,0.513000,0.175000,11656000.000000,76474000.000000,1.000000,129837749.000000,127314000.000000,143353000.000000,2.044000,452236000.000000,6915000.000000,20693000.000000,2630000.000000,3.552000
ART,2014-09-30,2014-12-11,2014-10-31,2015-Q3,341756000.000000,3745463998.000000,2025-03-24,-24000.000000,492553000.000000,440556500.000000,449516000.000000,43037000.000000,0.656000,2.950000,-26776000.000000,132135000.000000,132135000.000000,108860000.000000,33304000.000000,4.171000,0.292000,0.000000,0.000000,0.000000,0.000000,84668000.000000,3801000.000000,0.000000,0.000000,0.000000,58410000.000000,62211000.000000,0.215000,62211000.000000,58410000.000000,58410000.000000,0.250000,0.210000,0.250000,381207000.000000,337244000.000000,381207000.000000,3613328998.000000,62.000000,58.082000,58443000.000000,0.452000,1.000000,180153000.000000,0.623000,11465000.000000,0.000000,241193000.000000,147655750.000000,0.000000,260731000.000000,260731000.000000,0.000000,111346000.000000,107760000.000000,3586000.000000,-125006000.000000,0.000000,43595000.000000,0.000000,0.000000,62500000.000000,-272653000.000000,-245888000.000000,85219000.000000,-72000.000000,32608000.000000,32608000.000000,32608000.000000,0.000000,696000.000000,0.113000,119562000.000000,60591000.000000,2147000.000000,0.000000,9.825000,114.863000,114.720000,27613000.000000,0.000000,28.680000,12.960000,12.822000,45241000.000000,75599000.000000,289013000.000000,289013000.000000,37272000.000000,0.074000,0.097000,0.396000,0.202000,13155000.000000,82290000.000000,1.000000,130594979.000000,129212000.000000,144289000.000000,2.237000,481088000.000000,6885000.000000,25802000.000000,3293000.000000,3.723000
ART,2014-12-31,2015-04-01,2015-01-31,2015-Q4,366314000.000000,3286796800.000000,2025-03-24,26000.000000,544890000.000000,484202000.000000,501837000.000000,43053000.000000,0.647000,3.186000,-26944000.000000,129253000.000000,129253000.000000,115658000.000000,40383000.000000,3.703000,0.339000,0.000000,0.000000,0.000000,0.000000,112960000.000000,3929000.000000,0.000000,0.000000,0.000000,66941000.000000,70870000.000000,0.226000,70870000.000000,66941000.000000,66941000.000000,0.310000,0.280000,0.310000,406833000.000000,368928250.000000,406833000.000000,3157543800.000000,47.000000,44.554000,40630000.000000,0.318000,1.000000,197564000.000000,0.631000,10994000.000000,0.000000,269120000.000000,212886250.000000,0.000000,268620000.000000,268620000.000000,0.000000,138057000.000000,135523000.000000,2534000.000000,-133254000.000000,0.000000,45936000.000000,0.000000,0.000000,71262000.000000,-272018000.000000,-245095000.000000,67574000.000000,-72000.000000,40138000.000000,40138000.000000,40138000.000000,0.000000,245000.000000,0.128000,127598000.000000,69966000.000000,3886000.000000,0.000000,8.079000,81.887000,80.645000,28203000.000000,0.000000,25.000000,10.494000,10.193000,92661000.000000,88925000.000000,313222000.000000,313222000.000000,41156000.000000,0.083000,0.109000,0.314000,0.214000,14325000.000000,86442000.000000,1.000000,131471872.000000,127713000.000000,144204000.000000,2.453000,533896000.000000,4815000.000000,26803000.000000,3241000.000000,4.180000
ART,2015-03-31,2015-06-04,2015-04-30,2016-Q1,372632000.000000,3615025588.000000,2025-03-24,15000.000000,568663000.000000,517586750.000000,509775000.000000,58888000.000000,0.650000,3.270000,-31157000.000000,107561000.000000,107561000.000000,121693000.000000,46144000.000000,3.717000,0.326000,0.000000,0.000000,0.000000,0.000000,111276000.000000,4023000.000000,0.000000,0.000000,0.000000,76142000.000000,80165000.000000,0.238000,80165000.000000,76142000.000000,76142000.000000,0.350000,0.320000,0.350000,428950000.000000,393594250.000000,428950000.000000,3507464588.000000,46.000000,43.753000,60078000.000000,0.458000,1.000000,214731000.000000,0.638000,19940000.000000,0.000000,304019000.000000,255798750.000000,0.000000,320947000.000000,320947000.000000,0.000000,139713000.000000,137143000.000000,2570000.000000,-81327000.000000,-9987000.000000,11427000.000000,0.000000,0.000000,35539000.000000,-208058000.000000,-166939000.000000,91235000.000000,-43000.000000,45939000.000000,45939000.000000,45939000.000000,0.000000,205000.000000,0.137000,136397000.000000,78334000.000000,5288000.000000,0.000000,8.428000,78.692000,78.400000,35173000.000000,0.000000,27.440000,10.745000,10.698000,70217000.000000,101907000.000000,336424000.000000,336424000.000000,45121000.000000,0.089000,0.117000,0.298000,0.226000,15868000.000000,91276000.000000,1.000000,131742915.000000,131163000.000000,144734000.000000,2.565000,548723000.000000,4815000.000000,30203000.000000,5823000.000000,4.184000
ART,2015-06-30,2015-09-04,2015-07-31,2016-Q2,388348000.000000,3278558111.000000,2025-03-24,-20000.000000,591632000.000000,549434500.000000,522750000.000000,68882000.000000,0.653000,3.442000,-16128000.000000,119776000.000000,119776000.000000,127030000.000000,49972000.000000,3.889000,0.304000,0.000000,0.000000,0.000000,0.000000,109518000.000000,4376000.000000,0.000000,0.000000,0.000000,81438000.000000,85814000.000000,0.239000,85814000.000000,81438000.000000,81438000.000000,0.380000,0.340000,0.380000,453637000.000000,417656750.000000,453637000.000000,3158782111.000000,39.000000,36.810000,73681000.000000,0.559000,1.000000,231837000.000000,0.646000,19385000.000000,0.000000,318069000.000000,283100250.000000,0.000000,318191000.000000,318191000.000000,0.000000,137995000.000000,134402000.000000,3593000.000000,-20340000.000000,-9994000.000000,6058000.000000,0.000000,0.000000,27496000.000000,-137663000.000000,-110996000.000000,89809000.000000,18000.000000,49839000.000000,49839000.000000,49839000.000000,0.000000,133000.000000,0.139000,147935000.000000,83902000.000000,3891000.000000,0.000000,7.227000,65.783000,65.158000,44425000.000000,0.000000,24.760000,9.136000,9.093000,67977000.000000,115313000.000000,358867000.000000,358867000.000000,50589000.000000,0.091000,0.119000,0.288000,0.227000,18079000.000000,97346000.000000,1.000000,132413494.000000,131799000.000000,144871000.000000,2.723000,572247000.000000,4815000.000000,31599000.000000,2510000.000000,4.342000
ART,2015-09-30,2015-12-10,2015-10-31,2016-Q3,290955000.000000,3577581021.000000,2025-03-24,25000.000000,625033000.000000,582554500.000000,427338000.000000,197695000.000000,0.656000,3.580000,-19813000.000000,108594000.000000,108594000.000000,133626000.000000,50196000.000000,3.133000,0.319000,0.000000,0.000000,0.000000,0.000000,102053000.000000,5835000.000000,0.000000,0.000000,0.000000,82747000.000000,88582000.000000,0.232000,88582000.000000,82747000.000000,82747000.000000,0.380000,0.340000,0.380000,473978000.000000,440849500.000000,473978000.000000,3468987021.000000,42.000000,39.161000,55475000.000000,0.419000,1.000000,248337000.000000,0.650000,144883000.000000,0.000000,235173000.000000,281595250.000000,0.000000,230874000.000000,230874000.000000,0.000000,151055000.000000,136383000.000000,14672000.000000,-23541000.000000,-126183000.000000,5324000.000000,0.000000,0.000000,20881000.000000,-119796000.000000,26753000.000000,75288000.000000,86000.000000,50114000.000000,50114000.000000,50114000.000000,0.000000,82000.000000,0.131000,164276000.000000,84061000.000000,7211000.000000,0.000000,7.548000,71.389000,70.789000,47434000.000000,0.000000,26.900000,9.366000,9.325000,75301000.000000,125795000.000000,381963000.000000,381963000.000000,57621000.000000,0.086000,0.114000,0.294000,0.217000,21185000.000000,106655000.000000,1.000000,132995577.000000,132413000.000000,145063000.000000,2.885000,480150000.000000,5124000.000000,32633000.000000,17326000.000000,3.626000
ART,2015-12-31,2016-03-31,2016-01-31,2016-Q4,314685000.000000,3359188391.000000,2025-03-24,172000.000000,705799000.000000,622781750.000000,500964000.000000,204835000.000000,0.657000,3.827000,-21584000.000000,132179000.000000,132179000.000000,142214000.000000,54460000.000000,2.689000,0.397000,0.000000,0.000000,0.000000,0.000000,157419000.000000,8464000.000000,0.000000,0.000000,0.000000,78570000.000000,87034000.000000,0.213000,87034000.000000,78570000.000000,78570000.000000,0.410000,0.380000,0.410000,505249000.000000,465453500.000000,505249000.000000,3227009391.000000,41.000000,37.078000,58570000.000000,0.444000,1.000000,267007000.000000,0.652000,144283000.000000,0.000000,243058000.000000,275079750.000000,0.000000,214024000.000000,214024000.000000,0.000000,200550000.000000,186279000.000000,14271000.000000,2926000.000000,-126183000.000000,5885000.000000,0.000000,0.000000,19406000.000000,-96683000.000000,51611000.000000,80154000.000000,49000.000000,54413000.000000,54413000.000000,54413000.000000,0.000000,47000.000000,0.133000,188418000.000000,78589000.000000,4600000.000000,0.000000,6.649000,61.735000,61.073000,47469000.000000,0.000000,25.040000,8.209000,8.078000,144798000.000000,143385000.000000,409221000.000000,409221000.000000,65976000.000000,0.087000,0.117000,0.286000,0.192000,24258000.000000,122442000.000000,1.000000,134152891.000000,132020000.000000,144977000.000000,3.100000,561516000.000000,9359000.000000,24157000.000000,11372000.000000,4.253000
ART,2016-03-31,2016-06-08,2016-04-30,2017-Q1,341276000.000000,4735623687.000000,2025-03-24,459000.000000,751792000.000000,668564000.000000,548374000.000000,203418000.000000,0.657000,3.959000,-19049000.000000,245942000.000000,245942000.000000,151320000.000000,53987000.000000,2.648000,0.417000,0.000000,0.000000,0.000000,0.000000,180776000.000000,10845000.000000,0.000000,0.000000,0.000000,77444000.000000,88289000.000000,0.201000,88289000.000000,77444000.000000,77444000.000000,0.400000,0.380000,0.400000,530546000.000000,490852500.000000,530546000.000000,4489681687.000000,58.000000,50.852000,128674000.000000,0.960000,1.000000,287742000.000000,0.655000,142219000.000000,0.000000,156533000.000000,238208250.000000,0.000000,211493000.000000,211493000.000000,0.000000,221246000.000000,207098000.000000,14148000.000000,138381000.000000,-116196000.000000,6060000.000000,0.000000,0.000000,19276000.000000,-28790000.000000,106989000.000000,147723000.000000,172000.000000,53949000.000000,53949000.000000,53949000.000000,0.000000,38000.000000,0.123000,212272000.000000,75470000.000000,4630000.000000,0.000000,8.926000,87.780000,87.850000,47659000.000000,0.000000,35.140000,10.786000,10.724000,81776000.000000,155894000.000000,439062000.000000,439062000.000000,75092000.000000,0.081000,0.110000,0.325000,0.176000,27602000.000000,137180000.000000,1.000000,134764476.000000,133996000.000000,145708000.000000,3.277000,609573000.000000,9865000.000000,23495000.000000,12040000.000000,4.549000
ART,2016-06-30,2016-09-08,2016-07-31,2017-Q2,378978000.000000,5617820092.000000,2025-03-24,869000.000000,787232000.000000,717464000.000000,587093000.000000,200139000.000000,0.658000,4.182000,-10023000.000000,210365000.000000,210365000.000000,160042000.000000,53539000.000000,2.821000,0.393000,0.000000,0.000000,0.000000,0.000000,176718000.000000,12971000.000000,0.000000,0.000000,0.000000,78011000.000000,90982000.000000,0.193000,90982000.000000,78011000.000000,78011000.000000,0.400000,0.380000,0.400000,565108000.000000,518720250.000000,565108000.000000,5407455092.000000,69.000000,59.434000,134264000.000000,0.994000,1.000000,312260000.000000,0.661000,140052000.000000,0.000000,228700000.000000,215866000.000000,0.000000,269190000.000000,269190000.000000,0.000000,222124000.000000,208115000.000000,14009000.000000,90589000.000000,-116189000.000000,7633000.000000,0.000000,0.000000,24937000.000000,-79080000.000000,46991000.000000,144287000.000000,445000.000000,53516000.000000,53516000.000000,53516000.000000,0.000000,23000.000000,0.113000,235321000.000000,76939000.000000,6384000.000000,0.000000,9.941000,104.975000,103.125000,47195000.000000,0.000000,41.250000,11.895000,11.802000,88963000.000000,168852000.000000,472302000.000000,472302000.000000,83400000.000000,0.075000,0.103000,0.361000,0.165000,32005000.000000,151921000.000000,1.000000,136189578.000000,135126000.000000,147155000.000000,3.495000,647180000.000000,9402000.000000,24495000.000000,13207000.000000,4.789000
ART,2016-09-30,2016-12-08,2016-10-31,2017-Q3,422213000.000000,5993996836.000000,2025-03-24,319000.000000,788474000.000000,758324250.000000,589829000.000000,198645000.000000,0.670000,4.468000,-6955000.000000,206078000.000000,206078000.000000,166955000.000000,64687000.000000,3.519000,0.301000,0.000000,0.000000,0.000000,0.000000,137051000.000000,13959000.000000,0.000000,0.000000,0.000000,92145000.000000,106104000.000000,0.209000,106104000.000000,92145000.000000,92145000.000000,0.480000,0.460000,0.480000,605905000.000000,551702000.000000,605905000.000000,5787918836.000000,63.000000,54.549000,142590000.000000,1.051000,1.000000,341205000.000000,0.671000,137137000.000000,0.000000,277643000.000000,226483500.000000,0.000000,304731000.000000,304731000.000000,0.000000,182569000.000000,167616000.000000,14953000.000000,97484000.000000,0.000000,9738000.000000,0.000000,0.000000,30533000.000000,-82665000.000000,-75850000.000000,149545000.000000,71000.000000,64673000.000000,64673000.000000,64673000.000000,0.000000,14000.000000,0.127000,250556000.000000,90649000.000000,5048000.000000,0.000000,9.893000,92.682000,91.042000,48169000.000000,0.000000,43.700000,11.795000,11.663000,65648000.000000,190482000.000000,508160000.000000,508160000.000000,90745000.000000,0.085000,0.117000,0.407000,0.181000,36269000.000000,159811000.000000,1.000000,137162399.000000,135624000.000000,147436000.000000,3.747000,651337000.000000,9238000.000000,27472000.000000,14383000.000000,4.803000
ART,2016-12-31,2017-03-30,2017-01-31,2017-Q4,465081000.000000,7052946714.000000,2025-03-24,111000.000000,917700000.000000,811299500.000000,711865000.000000,205835000.000000,0.671000,4.812000,-7507000.000000,217606000.000000,217606000.000000,173681000.000000,68804000.000000,2.885000,0.405000,0.000000,0.000000,0.000000,0.000000,213562000.000000,13825000.000000,0.000000,0.000000,0.000000,109632000.000000,123457000.000000,0.227000,123457000.000000,109632000.000000,109632000.000000,0.510000,0.470000,0.510000,652978000.000000,588634250.000000,652978000.000000,6835340714.000000,62.000000,55.366000,136504000.000000,1.006000,1.000000,370362000.000000,0.681000,135087000.000000,0.000000,318223000.000000,245274750.000000,0.000000,301266000.000000,301266000.000000,0.000000,264722000.000000,246784000.000000,17938000.000000,85427000.000000,0.000000,12362000.000000,0.000000,0.000000,37976000.000000,-96652000.000000,-89247000.000000,144011000.000000,92000.000000,68801000.000000,68801000.000000,68801000.000000,0.000000,3000.000000,0.126000,262394000.000000,107968000.000000,5677000.000000,0.000000,10.801000,102.512000,99.706000,49907000.000000,0.000000,50.850000,12.964000,12.683000,182816000.000000,212189000.000000,544043000.000000,544043000.000000,96750000.000000,0.085000,0.117000,0.447000,0.202000,40798000.000000,165644000.000000,1.000000,138701017.000000,135698000.000000,147578000.000000,4.009000,782613000.000000,16784000.000000,40831000.000000,16202000.000000,5.767000
ART,2017-03-31,2017-06-08,2017-04-30,2018-Q1,520066000.000000,9082511466.000000,2025-03-24,910000.000000,995663000.000000,872267250.000000,789112000.000000,206551000.000000,0.667000,5.171000,-10061000.000000,365660000.000000,365660000.000000,181472000.000000,92318000.000000,2.933000,0.405000,0.000000,0.000000,0.000000,0.000000,238046000.000000,13869000.000000,0.000000,0.000000,0.000000,127010000.000000,140879000.000000,0.242000,140879000.000000,127010000.000000,127010000.000000,0.680000,0.630000,0.680000,708904000.000000,633223750.000000,708904000.000000,8716851466.000000,69.000000,61.875000,166751000.000000,1.216000,1.000000,400725000.000000,0.688000,133077000.000000,0.000000,227880000.000000,263111500.000000,0.000000,298257000.000000,298257000.000000,0.000000,286759000.000000,269046000.000000,17713000.000000,119718000.000000,0.000000,18302000.000000,0.000000,0.000000,41056000.000000,-99039000.000000,-89085000.000000,176812000.000000,889000.000000,92316000.000000,92316000.000000,92316000.000000,0.000000,2000.000000,0.159000,273224000.000000,127501000.000000,5162000.000000,0.000000,12.812000,98.385000,95.574000,51954000.000000,0.000000,64.990000,15.600000,15.304000,113124000.000000,248907000.000000,582197000.000000,582197000.000000,102988000.000000,0.106000,0.146000,0.483000,0.218000,44443000.000000,170236000.000000,1.000000,139752446.000000,137096000.000000,151056000.000000,4.247000,862586000.000000,16844000.000000,34694000.000000,13297000.000000,6.292000
ART,2017-06-30,2017-09-07,2017-07-31,2018-Q2,577777000.000000,8136075608.000000,2025-03-24,1271000.000000,1035870000.000000,934426750.000000,833355000.000000,202515000.000000,0.661000,5.475000,-11910000.000000,409226000.000000,409226000.000000,189681000.000000,117204000.000000,3.261000,0.351000,0.000000,0.000000,0.000000,0.000000,222685000.000000,13970000.000000,0.000000,0.000000,0.000000,144307000.000000,158277000.000000,0.256000,158277000.000000,144307000.000000,144307000.000000,0.850000,0.790000,0.850000,766603000.000000,683597500.000000,766603000.000000,7726849608.000000,54.000000,48.819000,210763000.000000,1.505000,1.000000,427754000.000000,0.693000,131092000.000000,0.000000,239974000.000000,265930000.000000,0.000000,315425000.000000,315425000.000000,0.000000,269267000.000000,255578000.000000,13689000.000000,198861000.000000,0.000000,21250000.000000,0.000000,0.000000,35936000.000000,-60651000.000000,-48538000.000000,222673000.000000,903000.000000,117203000.000000,117203000.000000,117203000.000000,0.000000,1000.000000,0.190000,287177000.000000,140577000.000000,6298000.000000,0.000000,10.613000,69.419000,68.071000,53528000.000000,0.000000,57.860000,13.177000,13.120000,97153000.000000,286751000.000000,617435000.000000,617435000.000000,112116000.000000,0.125000,0.171000,0.543000,0.234000,47809000.000000,175061000.000000,1.000000,140616585.000000,140010000.000000,153778000.000000,4.410000,904778000.000000,12957000.000000,27104000.000000,9789000.000000,6.462000
ART,2017-09-30,2017-12-06,2017-10-31,2018-Q3,631719000.000000,7632539226.000000,2025-03-24,1022000.000000,1046216000.000000,998862250.000000,846069000.000000,200147000.000000,0.652000,5.811000,-12358000.000000,310796000.000000,310796000.000000,198992000.000000,129967000.000000,3.947000,0.278000,0.000000,0.000000,0.000000,0.000000,173358000.000000,14102000.000000,0.000000,0.000000,0.000000,153000000.000000,167102000.000000,0.257000,167102000.000000,153000000.000000,153000000.000000,0.930000,0.860000,0.930000,818468000.000000,736738250.000000,818468000.000000,7321743226.000000,48.000000,43.816000,217555000.000000,1.545000,1.000000,451813000.000000,0.694000,129196000.000000,0.000000,391874000.000000,294487750.000000,0.000000,447280000.000000,447280000.000000,0.000000,227748000.000000,214350000.000000,13398000.000000,104718000.000000,0.000000,21524000.000000,0.000000,0.000000,30902000.000000,-157309000.000000,-144749000.000000,229913000.000000,1212000.000000,129966000.000000,129966000.000000,129966000.000000,0.000000,1000.000000,0.200000,303378000.000000,148435000.000000,7444000.000000,0.000000,9.325000,58.727000,58.065000,52659000.000000,0.000000,54.000000,11.728000,11.687000,76294000.000000,321144000.000000,650805000.000000,650805000.000000,121146000.000000,0.130000,0.176000,0.520000,0.235000,50872000.000000,182232000.000000,1.000000,141343319.000000,140857000.000000,154256000.000000,4.620000,917020000.000000,12906000.000000,23034000.000000,15598000.000000,6.510000
ART,2017-12-31,2018-03-30,2018-01-31,2018-Q4,693460000.000000,10397418056.000000,2025-03-24,1404000.000000,1197008000.000000,1068689250.000000,1008136000.000000,188872000.000000,0.642000,6.211000,-11367000.000000,320183000.000000,320183000.000000,211439000.000000,141966000.000000,3.204000,0.373000,0.000000,0.000000,0.000000,0.000000,275446000.000000,14277000.000000,0.000000,0.000000,0.000000,158634000.000000,172911000.000000,0.252000,172911000.000000,158634000.000000,158634000.000000,1.010000,0.920000,1.010000,871527000.000000,791375500.000000,871527000.000000,10077235056.000000,64.000000,58.280000,222070000.000000,1.583000,1.000000,474132000.000000,0.692000,127294000.000000,0.000000,434855000.000000,323645750.000000,0.000000,441779000.000000,441779000.000000,0.000000,325481000.000000,314676000.000000,10805000.000000,102577000.000000,0.000000,20773000.000000,0.000000,0.000000,20773000.000000,-154722000.000000,-143153000.000000,233437000.000000,3089000.000000,141966000.000000,141966000.000000,141966000.000000,0.000000,0.000000,0.207000,323340000.000000,150792000.000000,6944000.000000,0.000000,11.930000,73.239000,72.297000,52284000.000000,0.000000,73.020000,15.166000,14.944000,233731000.000000,354850000.000000,685571000.000000,685571000.000000,132051000.000000,0.133000,0.179000,0.490000,0.231000,54049000.000000,191289000.000000,1.000000,142391373.000000,140311000.000000,153681000.000000,4.886000,1069714000.000000,3490000.000000,16668000.000000,5908000.000000,7.624000
ART,2018-03-31,2018-06-07,2018-04-30,2019-Q1,776602000.000000,11377590443.000000,2025-03-24,1096000.000000,1317655000.000000,1149187250.000000,1102828000.000000,214827000.000000,0.629000,6.825000,-7555000.000000,460239000.000000,460239000.000000,222712000.000000,150253000.000000,3.381000,0.352000,0.000000,0.000000,0.000000,0.000000,289560000.000000,14424000.000000,0.000000,0.000000,0.000000,166799000.000000,181223000.000000,0.251000,181223000.000000,166799000.000000,166799000.000000,1.060000,0.970000,1.060000,974437000.000000,857758750.000000,974437000.000000,10917351443.000000,65.000000,60.243000,234306000.000000,1.641000,1.000000,500488000.000000,0.692000,125448000.000000,0.000000,405742000.000000,368111250.000000,0.000000,458069000.000000,458069000.000000,0.000000,343218000.000000,326226000.000000,16992000.000000,94579000.000000,0.000000,21327000.000000,0.000000,0.000000,21327000.000000,-169974000.000000,-162218000.000000,241861000.000000,1365000.000000,150253000.000000,150253000.000000,150253000.000000,0.000000,0.000000,0.208000,343079000.000000,157409000.000000,9023000.000000,0.000000,11.676000,75.723000,74.830000,51500000.000000,0.000000,79.320000,15.732000,15.660000,172475000.000000,433675000.000000,723200000.000000,723200000.000000,140937000.000000,0.131000,0.175000,0.453000,0.231000,59272000.000000,202142000.000000,1.000000,143439113.000000,142777000.000000,154935000.000000,5.065000,1192207000.000000,2189000.000000,16546000.000000,9737000.000000,8.350000
ART,2018-06-30,2018-09-06,2018-07-31,2019-Q2,857700000.000000,14698049752.000000,2025-03-24,-119000.000000,1364592000.000000,1231367750.000000,1152358000.000000,212234000.000000,0.622000,7.307000,-5748000.000000,511735000.000000,511735000.000000,231534000.000000,162695000.000000,3.911000,0.299000,0.000000,0.000000,0.000000,0.000000,259170000.000000,14351000.000000,0.000000,0.000000,0.000000,183203000.000000,197554000.000000,0.258000,197554000.000000,183203000.000000,183203000.000000,1.140000,1.040000,1.140000,1050376000.000000,928702000.000000,1050376000.000000,14186314752.000000,77.000000,71.810000,265319000.000000,1.846000,1.000000,534690000.000000,0.698000,123658000.000000,0.000000,434541000.000000,416753000.000000,0.000000,498690000.000000,498690000.000000,0.000000,314216000.000000,294658000.000000,19558000.000000,102510000.000000,0.000000,22218000.000000,0.000000,0.000000,22218000.000000,-190248000.000000,-184500000.000000,271067000.000000,-527000.000000,162695000.000000,162695000.000000,162695000.000000,0.000000,0.000000,0.212000,361361000.000000,173329000.000000,7661000.000000,0.000000,13.993000,90.341000,89.219000,50705000.000000,0.000000,101.710000,19.182000,19.081000,126572000.000000,483961000.000000,766224000.000000,766224000.000000,147072000.000000,0.132000,0.175000,0.440000,0.239000,65610000.000000,214289000.000000,1.000000,144509387.000000,143748000.000000,155416000.000000,5.330000,1240934000.000000,3468000.000000,20508000.000000,14034000.000000,8.633000
ART,2018-09-30,2018-12-07,2018-10-31,2019-Q3,946478000.000000,12867901726.000000,2025-03-24,-1239000.000000,1397281000.000000,1319134000.000000,1183194000.000000,214087000.000000,0.618000,7.865000,-8470000.000000,467643000.000000,467643000.000000,239672000.000000,192387000.000000,4.998000,0.228000,0.000000,0.000000,0.000000,0.000000,196159000.000000,14133000.000000,0.000000,0.000000,0.000000,207875000.000000,222008000.000000,0.272000,222008000.000000,207875000.000000,207875000.000000,1.340000,1.230000,1.340000,1138305000.000000,1008661250.000000,1138305000.000000,12400258726.000000,60.000000,55.855000,271920000.000000,1.879000,1.000000,575134000.000000,0.706000,121992000.000000,0.000000,570930000.000000,461517000.000000,0.000000,584283000.000000,584283000.000000,0.000000,258976000.000000,236716000.000000,22260000.000000,156849000.000000,0.000000,23338000.000000,0.000000,0.000000,23338000.000000,-145210000.000000,-136740000.000000,280390000.000000,-1669000.000000,192387000.000000,192387000.000000,192387000.000000,0.000000,0.000000,0.236000,380379000.000000,194755000.000000,10859000.000000,0.000000,11.304000,66.886000,66.090000,53614000.000000,0.000000,88.560000,15.793000,15.731000,110042000.000000,548046000.000000,814806000.000000,814806000.000000,153031000.000000,0.146000,0.191000,0.450000,0.255000,71510000.000000,227348000.000000,1.000000,145301510.000000,144737000.000000,156025000.000000,5.630000,1275289000.000000,3468000.000000,15488000.000000,17235000.000000,8.811000
ART,2018-12-31,2019-03-28,2019-01-31,2019-Q4,1032392000.000000,18169933098.000000,2025-03-24,928000.000000,1653766000.000000,1433323500.000000,1433414000.000000,220352000.000000,0.602000,8.581000,-9819000.000000,550971000.000000,550971000.000000,245281000.000000,229832000.000000,3.574000,0.336000,0.000000,0.000000,0.000000,0.000000,356357000.000000,14071000.000000,0.000000,0.000000,0.000000,238643000.000000,252714000.000000,0.293000,252714000.000000,238643000.000000,238643000.000000,1.590000,1.470000,1.590000,1237749000.000000,1100216750.000000,1237749000.000000,17618962098.000000,74.000000,69.719000,301008000.000000,2.087000,1.000000,616929000.000000,0.716000,120325000.000000,0.000000,581448000.000000,498165250.000000,0.000000,539190000.000000,539190000.000000,0.000000,416017000.000000,401022000.000000,14995000.000000,230791000.000000,0.000000,25910000.000000,0.000000,0.000000,25910000.000000,-103869000.000000,-94050000.000000,310827000.000000,-2077000.000000,229832000.000000,229832000.000000,229832000.000000,0.000000,0.000000,0.267000,394063000.000000,222866000.000000,9110000.000000,0.000000,14.680000,79.057000,78.044000,54966000.000000,0.000000,124.090000,21.074000,20.760000,321587000.000000,619197000.000000,862210000.000000,862210000.000000,158783000.000000,0.160000,0.209000,0.479000,0.277000,76425000.000000,235280000.000000,1.000000,146425442.000000,144244000.000000,156117000.000000,5.977000,1533441000.000000,5938000.000000,8811000.000000,10181000.000000,10.631000
ART,2019-03-31,2019-06-06,2019-04-30,2020-Q1,1125264000.000000,23415231513.000000,2025-03-24,1188000.000000,1776104000.000000,1547935750.000000,1537851000.000000,238253000.000000,0.589000,9.100000,-10493000.000000,748158000.000000,748158000.000000,250629000.000000,258971000.000000,3.727000,0.330000,19270000.000000,5835000.000000,13435000.000000,19270000.000000,363943000.000000,15913000.000000,0.000000,0.000000,0.000000,269878000.000000,285791000.000000,0.314000,285791000.000000,269878000.000000,269878000.000000,1.780000,1.650000,1.780000,1335103000.000000,1190383250.000000,1335103000.000000,22686343513.000000,84.000000,79.381000,386038000.000000,2.631000,1.000000,660786000.000000,0.725000,118755000.000000,0.000000,515874000.000000,525698250.000000,0.000000,581490000.000000,581490000.000000,0.000000,441001000.000000,412587000.000000,28414000.000000,287922000.000000,0.000000,21462000.000000,-249000.000000,0.000000,21213000.000000,-127854000.000000,-117361000.000000,396531000.000000,-1968000.000000,258971000.000000,258971000.000000,258971000.000000,0.000000,0.000000,0.284000,410707000.000000,250079000.000000,8361000.000000,0.000000,17.538000,90.416000,89.326000,70761000.000000,0.000000,159.000000,25.691000,25.594000,187474000.000000,691989000.000000,911415000.000000,911415000.000000,166559000.000000,0.167000,0.218000,0.513000,0.296000,80170000.000000,244148000.000000,1.000000,147265607.000000,146708000.000000,157910000.000000,6.212000,1657349000.000000,6494000.000000,10907000.000000,11339000.000000,11.297000
ART,2019-06-30,2019-09-05,2019-07-31,2020-Q2,1237897000.000000,23591756425.000000,2025-03-24,-93000.000000,1859853000.000000,1671751000.000000,1620838000.000000,239015000.000000,0.579000,9.796000,-10901000.000000,827468000.000000,827468000.000000,261621000.000000,287927000.000000,4.233000,0.287000,22247000.000000,6729000.000000,15518000.000000,22247000.000000,329053000.000000,17976000.000000,0.000000,0.000000,0.000000,294906000.000000,312882000.000000,0.323000,312882000.000000,294906000.000000,294906000.000000,1.970000,1.830000,1.970000,1445017000.000000,1289043500.000000,1445017000.000000,22786535425.000000,77.000000,72.828000,399290000.000000,2.707000,1.000000,707085000.000000,0.730000,117242000.000000,0.000000,554449000.000000,555675250.000000,0.000000,604688000.000000,604688000.000000,0.000000,414836000.000000,382941000.000000,31895000.000000,315736000.000000,0.000000,18060000.000000,-488000.000000,0.000000,17572000.000000,-109882000.000000,-98981000.000000,410191000.000000,-2145000.000000,287927000.000000,287927000.000000,287927000.000000,0.000000,0.000000,0.297000,435968000.000000,271117000.000000,8613000.000000,0.000000,16.326000,81.937000,80.924000,73274000.000000,0.000000,159.420000,24.354000,24.276000,166847000.000000,771231000.000000,968706000.000000,968706000.000000,178879000.000000,0.172000,0.223000,0.531000,0.304000,88822000.000000,257089000.000000,1.000000,147984923.000000,147510000.000000,158675000.000000,6.567000,1742611000.000000,6499000.000000,6979000.000000,13685000.000000,11.814000
ART,2019-09-30,2019-12-05,2019-10-31,2020-Q3,1351224000.000000,21561414296.000000,2025-03-24,173000.000000,1900441000.000000,1797541000.000000,1658121000.000000,242320000.000000,0.570000,10.520000,-7480000.000000,892581000.000000,892581000.000000,273576000.000000,306087000.000000,5.403000,0.219000,27312000.000000,7430000.000000,19882000.000000,27312000.000000,250674000.000000,20236000.000000,0.000000,0.000000,0.000000,317147000.000000,337383000.000000,0.329000,337383000.000000,317147000.000000,317147000.000000,2.090000,1.940000,2.090000,1558565000.000000,1394108500.000000,1558565000.000000,20696145296.000000,65.000000,61.343000,422659000.000000,2.853000,1.000000,751320000.000000,0.733000,115752000.000000,0.000000,612523000.000000,566073500.000000,0.000000,602407000.000000,602407000.000000,0.000000,341876000.000000,306897000.000000,34979000.000000,424939000.000000,0.000000,14800000.000000,-729000.000000,0.000000,14071000.000000,-17793000.000000,-10313000.000000,430139000.000000,-1478000.000000,306087000.000000,306087000.000000,306087000.000000,0.000000,0.000000,0.299000,462497000.000000,288823000.000000,9914000.000000,0.000000,13.834000,70.442000,69.431000,77345000.000000,0.000000,145.110000,21.038000,20.977000,147773000.000000,853476000.000000,1024896000.000000,1024896000.000000,191453000.000000,0.170000,0.220000,0.560000,0.309000,98225000.000000,271044000.000000,1.000000,148586688.000000,148157000.000000,158750000.000000,6.918000,1784689000.000000,6455000.000000,11060000.000000,16237000.000000,12.046000
ART,2019-12-31,2020-03-30,2020-01-31,2020-Q4,979952000.000000,23573574927.000000,2025-03-24,460000.000000,2271777000.000000,1952043750.000000,1531124000.000000,740653000.000000,0.566000,11.270000,-4321000.000000,476733000.000000,476733000.000000,303369000.000000,301118000.000000,2.778000,0.364000,54828000.000000,10013000.000000,44815000.000000,54828000.000000,468887000.000000,27825000.000000,0.000000,0.000000,0.000000,313697000.000000,341522000.000000,0.309000,341522000.000000,313697000.000000,313697000.000000,2.040000,1.900000,2.040000,1665594000.000000,1501069750.000000,1665594000.000000,23151669927.000000,74.000000,67.790000,433054000.000000,2.930000,1.000000,800712000.000000,0.725000,573130000.000000,0.000000,725570000.000000,602104000.000000,0.000000,610015000.000000,610015000.000000,0.000000,606183000.000000,551172000.000000,55011000.000000,-72381000.000000,-448162000.000000,10994000.000000,-984000.000000,0.000000,10010000.000000,-516910000.000000,-64427000.000000,437375000.000000,-2856000.000000,301118000.000000,301118000.000000,301118000.000000,0.000000,0.000000,0.273000,514493000.000000,286219000.000000,19420000.000000,0.000000,14.153000,78.287000,77.422000,103884000.000000,0.000000,157.940000,21.351000,21.142000,422507000.000000,919658000.000000,1104081000.000000,1104081000.000000,209895000.000000,0.154000,0.201000,0.521000,0.284000,115906000.000000,304598000.000000,1.000000,149256521.000000,147796000.000000,158296000.000000,7.470000,1698647000.000000,11870000.000000,12579000.000000,8030000.000000,11.493000
ART,2020-03-31,2020-06-04,2020-04-30,2021-Q1,1124932000.000000,30960247684.000000,2025-03-24,2146000.000000,2404619000.000000,2109172500.000000,1675272000.000000,729347000.000000,0.567000,12.044000,-2441000.000000,720776000.000000,720776000.000000,332746000.000000,314239000.000000,3.044000,0.335000,52557000.000000,10127000.000000,42430000.000000,52557000.000000,470262000.000000,33262000.000000,0.000000,0.000000,0.000000,327346000.000000,360608000.000000,0.301000,360608000.000000,327346000.000000,327346000.000000,2.130000,1.970000,2.130000,1801036000.000000,1617553000.000000,1801036000.000000,30292028684.000000,93.000000,84.003000,480817000.000000,3.215000,1.000000,863689000.000000,0.722000,567932000.000000,0.000000,618128000.000000,627667500.000000,0.000000,660199000.000000,660199000.000000,0.000000,603583000.000000,550340000.000000,53243000.000000,-25524000.000000,-448162000.000000,17384000.000000,-983000.000000,0.000000,16401000.000000,-523577000.000000,-72974000.000000,483258000.000000,-1606000.000000,314239000.000000,314239000.000000,314239000.000000,0.000000,0.000000,0.263000,561074000.000000,302615000.000000,15041000.000000,0.000000,17.190000,98.525000,96.808000,99809000.000000,0.000000,206.200000,25.877000,25.773000,273192000.000000,1006228000.000000,1196435000.000000,1196435000.000000,227159000.000000,0.149000,0.194000,0.522000,0.274000,132057000.000000,333915000.000000,1.000000,150146691.000000,149541000.000000,159474000.000000,8.001000,1836687000.000000,11701000.000000,13107000.000000,6114000.000000,12.282000
ART,2020-06-30,2020-09-08,2020-07-31,2021-Q2,1283950000.000000,39745776090.000000,2025-03-24,6170000.000000,2516409000.000000,2273311500.000000,1785432000.000000,730977000.000000,0.564000,13.009000,-6470000.000000,795782000.000000,795782000.000000,359732000.000000,328548000.000000,3.560000,0.286000,57305000.000000,11118000.000000,46187000.000000,57305000.000000,421167000.000000,38110000.000000,0.000000,0.000000,0.000000,339120000.000000,377230000.000000,0.294000,377230000.000000,339120000.000000,339120000.000000,2.210000,2.050000,2.210000,1956727000.000000,1745480500.000000,1956727000.000000,39007299090.000000,115.000000,103.405000,481635000.000000,3.202000,1.000000,923486000.000000,0.720000,562949000.000000,0.000000,713501000.000000,667430500.000000,0.000000,699707000.000000,699707000.000000,0.000000,559682000.000000,501482000.000000,58200000.000000,-31686000.000000,-448162000.000000,23042000.000000,-995000.000000,0.000000,22047000.000000,-544708000.000000,-90076000.000000,488105000.000000,2870000.000000,328548000.000000,328548000.000000,328548000.000000,0.000000,0.000000,0.256000,604646000.000000,318840000.000000,16476000.000000,0.000000,20.312000,120.974000,119.240000,103862000.000000,0.000000,263.520000,30.974000,30.889000,257453000.000000,1099779000.000000,1283218000.000000,1283218000.000000,246066000.000000,0.145000,0.188000,0.508000,0.264000,153053000.000000,358580000.000000,1.000000,150826412.000000,150413000.000000,160840000.000000,8.531000,1953460000.000000,12167000.000000,10572000.000000,4288000.000000,12.987000
ART,2020-09-30,2020-12-09,2020-10-31,2021-Q3,1435605000.000000,39209896507.000000,2025-03-24,3502000.000000,2583641000.000000,2444111500.000000,1852997000.000000,730644000.000000,0.565000,13.950000,-8549000.000000,634265000.000000,634265000.000000,389400000.000000,343262000.000000,4.439000,0.227000,59015000.000000,11050000.000000,47965000.000000,59015000.000000,331166000.000000,43314000.000000,0.000000,0.000000,0.000000,353939000.000000,397253000.000000,0.288000,397253000.000000,353939000.000000,353939000.000000,2.290000,2.130000,2.290000,2106379000.000000,1882434000.000000,2106379000.000000,38634646507.000000,109.000000,97.255000,513455000.000000,3.401000,1.000000,990416000.000000,0.718000,555194000.000000,0.000000,1035805000.000000,773251000.000000,0.000000,956167000.000000,956167000.000000,0.000000,477262000.000000,417392000.000000,59870000.000000,-258315000.000000,-448162000.000000,27621000.000000,-675000.000000,0.000000,26946000.000000,-810023000.000000,-353312000.000000,522004000.000000,2758000.000000,343262000.000000,343262000.000000,343262000.000000,0.000000,0.000000,0.249000,651071000.000000,339345000.000000,21324000.000000,0.000000,18.615000,114.227000,113.044000,107176000.000000,0.000000,258.870000,28.417000,28.328000,236670000.000000,1196738000.000000,1379816000.000000,1379816000.000000,273483000.000000,0.140000,0.182000,0.458000,0.257000,172705000.000000,377588000.000000,1.000000,151465587.000000,150993000.000000,161711000.000000,9.138000,2028447000.000000,15689000.000000,10677000.000000,3559000.000000,13.434000
ART,2020-12-31,2021-03-30,2021-01-31,2021-Q4,1594874000.000000,37969148512.000000,2025-03-24,992000.000000,3046067000.000000,2637684000.000000,2310826000.000000,735241000.000000,0.555000,15.042000,-8683000.000000,730504000.000000,730504000.000000,408928000.000000,379998000.000000,3.228000,0.344000,63118000.000000,11725000.000000,51393000.000000,63118000.000000,616992000.000000,39802000.000000,0.000000,0.000000,0.000000,393993000.000000,433795000.000000,0.296000,433795000.000000,393993000.000000,393993000.000000,2.520000,2.360000,2.520000,2266320000.000000,2032615500.000000,2266320000.000000,37301762512.000000,95.000000,85.989000,542563000.000000,3.601000,1.000000,1056141000.000000,0.721000,550624000.000000,0.000000,1112105000.000000,869884750.000000,0.000000,933122000.000000,933122000.000000,0.000000,779747000.000000,715952000.000000,63795000.000000,251914000.000000,0.000000,34857000.000000,-1039000.000000,0.000000,33818000.000000,-333634000.000000,-324951000.000000,551246000.000000,484000.000000,379998000.000000,379998000.000000,379998000.000000,0.000000,0.000000,0.259000,678347000.000000,377794000.000000,23253000.000000,0.000000,16.754000,99.919000,98.980000,110567000.000000,0.000000,249.430000,25.916000,25.651000,611593000.000000,1299656000.000000,1465069000.000000,1465069000.000000,294220000.000000,0.144000,0.187000,0.453000,0.269000,185001000.000000,384127000.000000,1.000000,152223664.000000,150666000.000000,160732000.000000,9.724000,2495443000.000000,14100000.000000,13995000.000000,4425000.000000,16.563000
ART,2021-03-31,2021-06-04,2021-04-30,2022-Q1,1785520000.000000,44085095772.000000,2025-03-24,-2304000.000000,3222149000.000000,2842066500.000000,2495066000.000000,727083000.000000,0.549000,16.039000,-11606000.000000,1184980000.000000,1184980000.000000,430184000.000000,408995000.000000,3.516000,0.318000,59952000.000000,11280000.000000,48672000.000000,59952000.000000,608673000.000000,38382000.000000,0.000000,0.000000,0.000000,436024000.000000,474406000.000000,0.304000,474406000.000000,436024000.000000,436024000.000000,2.700000,2.520000,2.700000,2444984000.000000,2193602500.000000,2444984000.000000,42960067772.000000,99.000000,90.555000,735853000.000000,4.827000,1.000000,1131352000.000000,0.725000,546195000.000000,0.000000,841380000.000000,925697750.000000,0.000000,965453000.000000,965453000.000000,0.000000,777165000.000000,709546000.000000,67619000.000000,462346000.000000,0.000000,42167000.000000,-1077000.000000,0.000000,41090000.000000,-323374000.000000,-311768000.000000,747459000.000000,-2829000.000000,408995000.000000,408995000.000000,408995000.000000,0.000000,0.000000,0.262000,712677000.000000,418675000.000000,18858000.000000,0.000000,18.031000,107.789000,106.774000,106024000.000000,0.000000,288.290000,28.232000,28.144000,313694000.000000,1415223000.000000,1561536000.000000,1561536000.000000,315209000.000000,0.144000,0.186000,0.471000,0.279000,196583000.000000,397468000.000000,1.000000,152919268.000000,152444000.000000,162213000.000000,10.243000,2675954000.000000,13845000.000000,27029000.000000,12787000.000000,17.554000
ART,2021-06-30,2021-09-03,2021-07-31,2022-Q2,1968955000.000000,48731594099.000000,2025-03-24,-2689000.000000,3351383000.000000,3050810000.000000,2631792000.000000,719591000.000000,0.545000,17.115000,-11524000.000000,1064731000.000000,1064731000.000000,455077000.000000,424302000.000000,3.970000,0.279000,58735000.000000,11105000.000000,47630000.000000,58735000.000000,558720000.000000,37727000.000000,0.000000,0.000000,0.000000,469352000.000000,507079000.000000,0.305000,507079000.000000,469352000.000000,469352000.000000,2.790000,2.610000,2.790000,2620097000.000000,2359445000.000000,2620097000.000000,47725598099.000000,102.000000,94.119000,749680000.000000,4.897000,1.000000,1208370000.000000,0.726000,544514000.000000,0.000000,1138036000.000000,1031831500.000000,0.000000,1198785000.000000,1198785000.000000,0.000000,731286000.000000,662837000.000000,68449000.000000,270925000.000000,-2133000.000000,53740000.000000,-924000.000000,0.000000,37720000.000000,-522256000.000000,-508599000.000000,761204000.000000,-5743000.000000,424302000.000000,424302000.000000,424302000.000000,0.000000,0.000000,0.255000,755152000.000000,453218000.000000,21301000.000000,0.000000,18.599000,114.851000,113.849000,105687000.000000,0.000000,317.640000,29.296000,29.233000,334719000.000000,1524081000.000000,1663447000.000000,1663447000.000000,340055000.000000,0.139000,0.180000,0.455000,0.282000,209602000.000000,415097000.000000,1.000000,153417687.000000,153090000.000000,162765000.000000,10.866000,2806869000.000000,7590000.000000,45050000.000000,10084000.000000,18.335000
ART,2021-09-30,2021-12-03,2021-10-31,2022-Q3,2122908000.000000,38362628512.000000,2025-03-24,-5738000.000000,3367486000.000000,3246771250.000000,2659795000.000000,707691000.000000,0.543000,18.040000,-10522000.000000,1149946000.000000,1149946000.000000,481644000.000000,433212000.000000,4.954000,0.216000,56040000.000000,10803000.000000,45237000.000000,56040000.000000,417755000.000000,36634000.000000,0.000000,0.000000,0.000000,498124000.000000,534758000.000000,0.303000,534758000.000000,498124000.000000,498124000.000000,2.840000,2.660000,2.840000,2769361000.000000,2525190500.000000,2769361000.000000,37268722512.000000,75.000000,69.693000,768238000.000000,5.004000,1.000000,1280395000.000000,0.727000,539820000.000000,0.000000,1196873000.000000,1072098500.000000,0.000000,1201541000.000000,1201541000.000000,0.000000,598125000.000000,536887000.000000,61238000.000000,517657000.000000,-2133000.000000,52922000.000000,-1003000.000000,0.000000,15409000.000000,-269899000.000000,-257244000.000000,778760000.000000,-6613000.000000,433212000.000000,433212000.000000,433212000.000000,0.000000,0.000000,0.246000,795774000.000000,484621000.000000,25605000.000000,0.000000,13.853000,88.554000,87.849000,103962000.000000,0.000000,249.490000,21.772000,21.736000,279016000.000000,1629950000.000000,1762039000.000000,1762039000.000000,358698000.000000,0.133000,0.172000,0.465000,0.283000,222674000.000000,437076000.000000,1.000000,153764193.000000,153514000.000000,163034000.000000,11.478000,2827666000.000000,4884000.000000,64912000.000000,16418000.000000,18.420000
ART,2021-12-31,2022-03-30,2022-01-31,2022-Q4,2266404000.000000,33034368092.000000,2025-03-24,-11958000.000000,3816465000.000000,3439370750.000000,3107183000.000000,709282000.000000,0.538000,18.999000,-14214000.000000,1138040000.000000,1138040000.000000,503678000.000000,427390000.000000,3.696000,0.311000,54588000.000000,10981000.000000,43607000.000000,54588000.000000,731746000.000000,38893000.000000,0.000000,0.000000,0.000000,512311000.000000,551204000.000000,0.298000,551204000.000000,512311000.000000,512311000.000000,2.790000,2.630000,2.790000,2911637000.000000,2686519750.000000,2911637000.000000,31950916092.000000,62.000000,57.966000,750249000.000000,4.896000,1.000000,1347099000.000000,0.728000,541817000.000000,0.000000,1350417000.000000,1131676500.000000,0.000000,1238064000.000000,1238064000.000000,0.000000,904828000.000000,840779000.000000,64049000.000000,409514000.000000,-7780000.000000,51538000.000000,-384000.000000,0.000000,-4140000.000000,-346152000.000000,-324158000.000000,764463000.000000,-4657000.000000,427390000.000000,427390000.000000,427390000.000000,0.000000,0.000000,0.231000,841603000.000000,505496000.000000,20348000.000000,0.000000,11.346000,77.293000,76.706000,104135000.000000,0.000000,214.010000,17.849000,17.721000,694400000.000000,1727046000.000000,1850777000.000000,1850777000.000000,382035000.000000,0.124000,0.159000,0.453000,0.277000,234636000.000000,459568000.000000,1.000000,154358993.000000,153251000.000000,162277000.000000,12.077000,3274648000.000000,5097000.000000,84921000.000000,9977000.000000,21.368000
ART,2022-03-31,2022-06-03,2022-04-30,2023-Q1,2396435000.000000,29106591530.000000,2025-03-24,-24211000.000000,4011222000.000000,3636639000.000000,3275295000.000000,735927000.000000,0.529000,19.858000,-13891000.000000,1239998000.000000,1239998000.000000,527057000.000000,411938000.000000,3.727000,0.307000,54068000.000000,11606000.000000,42462000.000000,54068000.000000,723721000.000000,39444000.000000,0.000000,0.000000,0.000000,509682000.000000,549126000.000000,0.286000,549126000.000000,509682000.000000,509682000.000000,2.680000,2.540000,2.680000,3068275000.000000,2842342500.000000,3068275000.000000,27920661530.000000,55.000000,50.846000,753214000.000000,4.875000,1.000000,1395249000.000000,0.726000,537071000.000000,0.000000,1409361000.000000,1273671750.000000,0.000000,1598555000.000000,1598555000.000000,0.000000,942947000.000000,878860000.000000,64087000.000000,56996000.000000,-7780000.000000,50738000.000000,-98000.000000,0.000000,-19653000.000000,-686690000.000000,-665019000.000000,767105000.000000,-3766000.000000,411938000.000000,411938000.000000,411938000.000000,0.000000,0.000000,0.214000,890527000.000000,504722000.000000,25404000.000000,0.000000,9.486000,70.658000,70.138000,102703000.000000,0.000000,187.970000,15.141000,15.109000,391648000.000000,1827161000.000000,1922306000.000000,1922306000.000000,412284000.000000,0.113000,0.145000,0.400000,0.265000,253281000.000000,478243000.000000,1.000000,154847005.000000,154514000.000000,161928000.000000,12.441000,3474151000.000000,40674000.000000,97744000.000000,52709000.000000,22.484000
ART,2022-06-30,2022-09-02,2022-07-31,2023-Q2,2556753000.000000,26393181938.000000,2025-03-24,-27335000.000000,4116583000.000000,3827939000.000000,3356142000.000000,760441000.000000,0.523000,20.935000,-10229000.000000,1140246000.000000,1140246000.000000,556629000.000000,393681000.000000,4.198000,0.269000,63472000.000000,11366000.000000,52106000.000000,63472000.000000,684642000.000000,39938000.000000,0.000000,0.000000,0.000000,492882000.000000,532820000.000000,0.266000,532820000.000000,492882000.000000,492882000.000000,2.550000,2.430000,2.550000,3243931000.000000,2998301000.000000,3243931000.000000,25316407938.000000,51.000000,47.514000,731197000.000000,4.719000,1.000000,1444301000.000000,0.722000,532165000.000000,0.000000,1708255000.000000,1416226500.000000,0.000000,1778861000.000000,1778861000.000000,0.000000,872652000.000000,799389000.000000,73263000.000000,75516000.000000,-5647000.000000,39137000.000000,0.000000,0.000000,-33194000.000000,-628081000.000000,-612205000.000000,741426000.000000,-4635000.000000,393681000.000000,393681000.000000,393681000.000000,0.000000,0.000000,0.197000,963111000.000000,481190000.000000,30915000.000000,0.000000,8.136000,67.042000,66.655000,110948000.000000,0.000000,169.970000,13.190000,13.162000,390997000.000000,1917762000.000000,2000930000.000000,2000930000.000000,451393000.000000,0.103000,0.131000,0.348000,0.246000,286938000.000000,511718000.000000,1.000000,155281414.000000,154951000.000000,162132000.000000,12.913000,3584418000.000000,62059000.000000,99201000.000000,6800000.000000,23.133000
ART,2022-09-30,2022-12-07,2022-10-31,2023-Q3,2696205000.000000,25736859157.000000,2025-03-24,-45642000.000000,4182717000.000000,4031746750.000000,3386485000.000000,796232000.000000,0.515000,22.001000,-13524000.000000,865159000.000000,865159000.000000,580972000.000000,396269000.000000,4.906000,0.223000,61890000.000000,11665000.000000,50225000.000000,61890000.000000,510098000.000000,40435000.000000,0.000000,0.000000,0.000000,493212000.000000,533647000.000000,0.257000,533647000.000000,493212000.000000,493212000.000000,2.560000,2.450000,2.560000,3418792000.000000,3160658750.000000,3418792000.000000,24933590157.000000,51.000000,46.723000,757603000.000000,4.875000,1.000000,1496198000.000000,0.720000,527259000.000000,0.000000,2161909000.000000,1657485500.000000,0.000000,2157396000.000000,2157396000.000000,0.000000,763925000.000000,690280000.000000,73645000.000000,-284786000.000000,-5647000.000000,38344000.000000,0.000000,0.000000,-27691000.000000,-1023581000.000000,-1004410000.000000,771127000.000000,-4641000.000000,396269000.000000,396269000.000000,396269000.000000,0.000000,0.000000,0.191000,1026312000.000000,469886000.000000,40926000.000000,0.000000,7.528000,64.948000,64.574000,108384000.000000,0.000000,165.310000,12.390000,12.367000,324944000.000000,2026219000.000000,2077170000.000000,2077170000.000000,483015000.000000,0.098000,0.125000,0.298000,0.237000,318080000.000000,543297000.000000,1.000000,155688459.000000,155392000.000000,162295000.000000,13.367000,3655458000.000000,98573000.000000,96943000.000000,56012000.000000,23.524000
ART,2022-12-31,2023-03-30,2023-01-31,2023-Q4,2962510000.000000,28629325338.000000,2025-03-24,-31129000.000000,4804296000.000000,4278704500.000000,3969313000.000000,834983000.000000,0.504000,23.916000,-13512000.000000,886465000.000000,886465000.000000,609405000.000000,487706000.000000,3.942000,0.293000,60976000.000000,11306000.000000,49670000.000000,60976000.000000,869285000.000000,41320000.000000,0.000000,0.000000,0.000000,509096000.000000,550416000.000000,0.255000,550416000.000000,509096000.000000,509096000.000000,3.140000,3.000000,3.140000,3716252000.000000,3361812500.000000,3716252000.000000,27803836338.000000,55.000000,50.514000,766958000.000000,4.936000,1.000000,1545655000.000000,0.717000,522353000.000000,0.000000,2449651000.000000,1932294000.000000,0.000000,2216163000.000000,2216163000.000000,0.000000,1088044000.000000,1006803000.000000,81241000.000000,-251575000.000000,0.000000,43654000.000000,0.000000,0.000000,-19376000.000000,-1007683000.000000,-994171000.000000,780470000.000000,-4986000.000000,487706000.000000,487706000.000000,487706000.000000,0.000000,0.000000,0.226000,1086564000.000000,459091000.000000,41678000.000000,0.000000,7.704000,58.702000,57.054000,105153000.000000,0.000000,179.150000,13.285000,12.917000,785229000.000000,2214752000.000000,2155060000.000000,2155060000.000000,520278000.000000,0.114000,0.145000,0.263000,0.236000,351907000.000000,566286000.000000,1.000000,159806449.000000,155385000.000000,162437000.000000,13.869000,4281943000.000000,136697000.000000,21390000.000000,6438000.000000,27.557000
ART,2023-03-31,2023-06-02,2023-04-30,2024-Q1,3181832000.000000,31243654650.000000,2025-03-24,-25759000.000000,5023370000.000000,4531741500.000000,4188134000.000000,835236000.000000,0.480000,24.667000,-14137000.000000,1093634000.000000,1093634000.000000,636553000.000000,519112000.000000,4.162000,0.274000,58228000.000000,10734000.000000,47494000.000000,58228000.000000,869920000.000000,41923000.000000,0.000000,0.000000,0.000000,470493000.000000,512416000.000000,0.235000,512416000.000000,470493000.000000,470493000.000000,3.310000,3.200000,3.310000,3943063000.000000,3580509500.000000,3943063000.000000,30208248650.000000,64.000000,58.953000,791242000.000000,4.950000,1.000000,1539730000.000000,0.708000,517608000.000000,0.000000,2464054000.000000,2195967250.000000,0.000000,2521268000.000000,2521268000.000000,0.000000,1080307000.000000,1006302000.000000,74005000.000000,-146364000.000000,0.000000,42596000.000000,0.000000,0.000000,-22060000.000000,-926590000.000000,-912453000.000000,805379000.000000,-3093000.000000,519112000.000000,519112000.000000,519112000.000000,0.000000,0.000000,0.239000,1146781000.000000,392949000.000000,44404000.000000,0.000000,7.924000,60.187000,58.912000,102237000.000000,0.000000,195.000000,14.356000,14.323000,451010000.000000,2346273000.000000,2176283000.000000,2176283000.000000,553763000.000000,0.115000,0.145000,0.214000,0.216000,375492000.000000,593018000.000000,1.000000,160223870.000000,159852000.000000,162521000.000000,13.614000,4505762000.000000,156375000.000000,-48619000.000000,6024000.000000,28.187000
ART,2023-06-30,2023-09-01,2023-07-31,2024-Q2,3359799000.000000,34793165966.000000,2025-03-24,-34383000.000000,5228143000.000000,4809631500.000000,4361753000.000000,866390000.000000,0.464000,25.890000,-22067000.000000,742607000.000000,742607000.000000,653902000.000000,540139000.000000,4.353000,0.259000,58505000.000000,10652000.000000,47853000.000000,58505000.000000,836500000.000000,42727000.000000,0.000000,0.000000,0.000000,503878000.000000,546605000.000000,0.245000,546605000.000000,503878000.000000,503878000.000000,3.430000,3.320000,3.430000,4152643000.000000,3807687500.000000,4152643000.000000,34109063966.000000,68.000000,62.402000,954962000.000000,5.954000,1.000000,1578388000.000000,0.707000,512702000.000000,0.000000,3029385000.000000,2526249750.000000,0.000000,3126132000.000000,3126132000.000000,0.000000,1075500000.000000,1001954000.000000,73546000.000000,-397639000.000000,0.000000,56341000.000000,0.000000,0.000000,-11599000.000000,-1361315000.000000,-1339248000.000000,977029000.000000,-1754000.000000,540139000.000000,540139000.000000,540139000.000000,0.000000,0.000000,0.242000,1182482000.000000,395906000.000000,49932000.000000,0.000000,8.379000,64.415000,63.140000,107996000.000000,0.000000,216.570000,15.586000,15.561000,416607000.000000,2457901000.000000,2232290000.000000,2232290000.000000,576983000.000000,0.112000,0.142000,0.199000,0.226000,382345000.000000,605499000.000000,1.000000,160655520.000000,160396000.000000,163284000.000000,13.917000,4715441000.000000,184331000.000000,-36261000.000000,25426000.000000,29.399000
ART,2023-09-30,2023-12-07,2023-10-31,2024-Q3,3567508000.000000,27847656495.000000,2025-03-24,-37538000.000000,5225772000.000000,5070395250.000000,4335758000.000000,890014000.000000,0.453000,27.243000,-22368000.000000,743712000.000000,743712000.000000,667677000.000000,566840000.000000,5.644000,0.193000,57666000.000000,9640000.000000,48026000.000000,57666000.000000,644463000.000000,43700000.000000,0.000000,0.000000,0.000000,540692000.000000,584392000.000000,0.254000,584392000.000000,540692000.000000,540692000.000000,3.570000,3.480000,3.570000,4379773000.000000,4047932750.000000,4379773000.000000,27161610495.000000,50.000000,46.478000,894599000.000000,5.565000,1.000000,1628767000.000000,0.709000,507796000.000000,0.000000,3263680000.000000,2801692500.000000,0.000000,3198570000.000000,3198570000.000000,0.000000,845999000.000000,768250000.000000,77749000.000000,-121449000.000000,0.000000,65722000.000000,0.000000,0.000000,-7945000.000000,-1028910000.000000,-1006542000.000000,916967000.000000,-1561000.000000,566840000.000000,566840000.000000,566840000.000000,0.000000,0.000000,0.247000,1225776000.000000,402991000.000000,36236000.000000,0.000000,6.358000,49.128000,48.445000,105736000.000000,0.000000,172.950000,12.126000,12.108000,300341000.000000,2593059000.000000,2296444000.000000,2296444000.000000,608004000.000000,0.112000,0.140000,0.193000,0.235000,390384000.000000,617772000.000000,1.000000,161015649.000000,160768000.000000,163761000.000000,14.284000,4717976000.000000,218348000.000000,-26148000.000000,7705000.000000,29.346000
ART,2023-12-31,2024-03-25,2024-01-31,2024-Q4,3824328000.000000,37009253684.000000,2025-03-24,-10637000.000000,5910920000.000000,5347051250.000000,5003211000.000000,907709000.000000,0.442000,28.934000,-26196000.000000,703487000.000000,703487000.000000,677291000.000000,525705000.000000,4.244000,0.273000,55775000.000000,9334000.000000,46441000.000000,55775000.000000,1049761000.000000,44319000.000000,0.000000,0.000000,0.000000,588023000.000000,632342000.000000,0.268000,632342000.000000,588023000.000000,588023000.000000,3.270000,3.220000,3.270000,4644824000.000000,4280075750.000000,4644824000.000000,36361541684.000000,62.000000,57.503000,885143000.000000,5.514000,1.000000,1686382000.000000,0.713000,502894000.000000,0.000000,3581431000.000000,3084637500.000000,0.000000,3324269000.000000,3324269000.000000,0.000000,1266096000.000000,1178883000.000000,87213000.000000,-182980000.000000,0.000000,62687000.000000,0.000000,0.000000,-16188000.000000,-1076351000.000000,-1050155000.000000,911339000.000000,-1780000.000000,525705000.000000,525705000.000000,525705000.000000,0.000000,0.000000,0.222000,1257048000.000000,429334000.000000,31513000.000000,0.000000,7.968000,70.399000,70.159000,104134000.000000,0.000000,229.420000,15.658000,15.581000,888537000.000000,2740457000.000000,2363673000.000000,2363673000.000000,629031000.000000,0.098000,0.123000,0.191000,0.249000,393733000.000000,628017000.000000,1.000000,161316597.000000,160532000.000000,163486000.000000,14.724000,5408026000.000000,233463000.000000,62318000.000000,13914000.000000,33.688000
ART,2024-03-31,2024-06-04,2024-04-30,2025-Q1,4021662000.000000,28922724490.000000,2025-03-24,-30646000.000000,6187558000.000000,5638098250.000000,5244948000.000000,942610000.000000,0.441000,30.290000,-31714000.000000,1197196000.000000,1197196000.000000,684512000.000000,555848000.000000,4.288000,0.266000,55743000.000000,10392000.000000,45351000.000000,55743000.000000,1029455000.000000,44992000.000000,0.000000,0.000000,0.000000,703145000.000000,748137000.000000,0.301000,748137000.000000,703145000.000000,703145000.000000,3.450000,3.390000,3.450000,4889381000.000000,4516655250.000000,4889381000.000000,27781271490.000000,40.000000,37.134000,1137205000.000000,7.045000,1.000000,1803181000.000000,0.725000,498108000.000000,0.000000,3324711000.000000,3299801750.000000,0.000000,3567841000.000000,3567841000.000000,0.000000,1298177000.000000,1223286000.000000,74891000.000000,103560000.000000,0.000000,75888000.000000,0.000000,0.000000,-10968000.000000,-1051335000.000000,-1019621000.000000,1168919000.000000,-3056000.000000,555848000.000000,555848000.000000,555848000.000000,0.000000,0.000000,0.223000,1280207000.000000,522974000.000000,31930000.000000,0.000000,5.915000,52.034000,51.861000,102625000.000000,0.000000,178.920000,11.626000,11.610000,401091000.000000,2902121000.000000,2487693000.000000,2487693000.000000,644782000.000000,0.099000,0.123000,0.213000,0.283000,398925000.000000,635425000.000000,1.000000,161651713.000000,161421000.000000,164394000.000000,15.411000,5689450000.000000,266060000.000000,147297000.000000,72272000.000000,35.246000
ART,2024-06-30,2024-09-04,2024-07-31,2025-Q2,4297405000.000000,35112108022.000000,2025-03-24,-5575000.000000,6330837000.000000,5913771750.000000,5367843000.000000,962994000.000000,0.435000,32.062000,-25173000.000000,1165754000.000000,1165754000.000000,685866000.000000,615261000.000000,5.015000,0.221000,54094000.000000,10182000.000000,43912000.000000,54094000.000000,956381000.000000,47685000.000000,0.000000,0.000000,0.000000,785330000.000000,833015000.000000,0.324000,833015000.000000,785330000.000000,785330000.000000,3.810000,3.750000,3.810000,5184698000.000000,4774669000.000000,5184698000.000000,34000448022.000000,43.000000,40.816000,971584000.000000,6.008000,1.000000,1887783000.000000,0.734000,493216000.000000,0.000000,3655523000.000000,3456336250.000000,0.000000,3719324000.000000,3719324000.000000,0.000000,1146139000.000000,1070438000.000000,75701000.000000,422140000.000000,0.000000,59293000.000000,0.000000,0.000000,-25029000.000000,-546247000.000000,-521074000.000000,996757000.000000,-3341000.000000,615261000.000000,615261000.000000,615261000.000000,0.000000,0.000000,0.239000,1302371000.000000,585412000.000000,28307000.000000,0.000000,6.772000,57.069000,56.911000,99831000.000000,0.000000,216.830000,13.643000,13.624000,404151000.000000,3073162000.000000,2573649000.000000,2573649000.000000,663983000.000000,0.104000,0.129000,0.227000,0.305000,404406000.000000,638388000.000000,1.000000,161933810.000000,161708000.000000,164564000.000000,15.915000,5837621000.000000,291044000.000000,170069000.000000,6207000.000000,36.100000
ART,2024-09-30,2024-12-09,2024-10-31,2025-Q3,4590159000.000000,39936563334.000000,2025-03-24,-6459000.000000,6452853000.000000,6220542000.000000,5447160000.000000,1005693000.000000,0.427000,33.962000,-23534000.000000,1044511000.000000,1044511000.000000,692573000.000000,665911000.000000,6.356000,0.173000,71701000.000000,9156000.000000,62545000.000000,71701000.000000,739657000.000000,49233000.000000,0.000000,0.000000,0.000000,856944000.000000,906177000.000000,0.341000,906177000.000000,856944000.000000,856944000.000000,4.120000,4.050000,4.120000,5501403000.000000,5055076500.000000,5501403000.000000,38963753334.000000,45.000000,42.998000,1054742000.000000,6.511000,1.000000,1963778000.000000,0.739000,488404000.000000,0.000000,4134638000.000000,3674075750.000000,0.000000,4018475000.000000,4018475000.000000,0.000000,951450000.000000,857001000.000000,94449000.000000,299794000.000000,0.000000,75607000.000000,0.000000,0.000000,-5180000.000000,-771149000.000000,-747615000.000000,1078276000.000000,-2153000.000000,665911000.000000,665911000.000000,665911000.000000,0.000000,0.000000,0.251000,1325502000.000000,638276000.000000,31845000.000000,0.000000,7.259000,59.973000,59.706000,116020000.000000,0.000000,245.990000,15.034000,15.001000,301289000.000000,3258970000.000000,2656351000.000000,2656351000.000000,675116000.000000,0.107000,0.132000,0.233000,0.323000,421039000.000000,650386000.000000,1.000000,162350353.000000,161987000.000000,164979000.000000,16.399000,5964449000.000000,322652000.000000,191033000.000000,11278000.000000,36.821000
ART,2024-12-31,2025-03-24,2025-01-31,2025-Q4,4910398000.000000,38890861402.000000,2025-03-24,-8416000.000000,7339756000.000000,6577751000.000000,6308802000.000000,1030954000.000000,0.418000,36.029000,-20519000.000000,1118785000.000000,1118785000.000000,699636000.000000,714138000.000000,4.511000,0.258000,75775000.000000,9969000.000000,65806000.000000,75775000.000000,1273978000.000000,50930000.000000,0.000000,0.000000,0.000000,919381000.000000,970311000.000000,0.353000,970311000.000000,919381000.000000,919381000.000000,4.410000,4.320000,4.410000,5832373000.000000,5351963750.000000,5832373000.000000,37847851402.000000,41.000000,39.006000,1069532000.000000,6.607000,1.000000,2046983000.000000,0.745000,484337000.000000,0.000000,4414005000.000000,3882219250.000000,0.000000,4031442000.000000,4031442000.000000,0.000000,1507383000.000000,1398404000.000000,108979000.000000,414293000.000000,0.000000,105538000.000000,0.000000,0.000000,26115000.000000,-700138000.000000,-679619000.000000,1090051000.000000,-1735000.000000,714138000.000000,714138000.000000,714138000.000000,0.000000,0.000000,0.260000,1355548000.000000,691435000.000000,30447000.000000,0.000000,6.668000,54.458000,54.204000,119775000.000000,0.000000,239.040000,14.160000,14.088000,1057117000.000000,3454595000.000000,2746619000.000000,2746619000.000000,693078000.000000,0.109000,0.133000,0.237000,0.335000,437350000.000000,662470000.000000,1.000000,162696040.000000,161879000.000000,165232000.000000,16.967000,6855419000.000000,343919000.000000,205243000.000000,9611000.000000,42.349000
ARY,2013-12-31,2014-03-18,2014-01-31,2014-FY,267115000.000000,4216700650.000000,2025-03-24,19000.000000,370308000.000000,,353732000.000000,16576000.000000,,5.415000,-2977000.000000,262507000.000000,262507000.000000,82602000.000000,23615000.000000,4.084000,0.322000,0.000000,0.000000,0.000000,0.000000,67380000.000000,2410000.000000,0.000000,0.000000,0.000000,25290000.000000,27700000.000000,0.132000,27700000.000000,25290000.000000,25290000.000000,0.200000,0.150000,0.200000,280096000.000000,,280096000.000000,3954193650.000000,156.000000,142.751000,38776000.000000,0.750000,1.000000,127549000.000000,0.607000,12986000.000000,0.000000,8198000.000000,,0.000000,25625000.000000,25625000.000000,0.000000,90212000.000000,86617000.000000,3595000.000000,230617000.000000,-12149000.000000,215266000.000000,0.000000,0.000000,215440000.000000,-26576000.000000,-11450000.000000,41753000.000000,0.000000,10405000.000000,10405000.000000,10405000.000000,0.000000,13210000.000000,0.050000,88245000.000000,39304000.000000,2117000.000000,0.000000,15.054000,405.257000,168.900000,2445000.000000,0.000000,33.780000,20.065000,8.314000,58433000.000000,48542000.000000,210151000.000000,210151000.000000,26327000.000000,,,,0.120000,6950000.000000,61918000.000000,1.000000,124828320.000000,51725000.000000,68024000.000000,4.063000,357322000.000000,3464000.000000,14885000.000000,2137000.000000,6.908000
ARY,2014-12-31,2015-04-01,2015-01-31,2015-FY,366314000.000000,3286796800.000000,2025-03-24,26000.000000,544890000.000000,484202000.000000,501837000.000000,43053000.000000,0.647000,3.186000,-26944000.000000,129253000.000000,129253000.000000,115658000.000000,40383000.000000,3.703000,0.339000,0.000000,0.000000,0.000000,0.000000,112960000.000000,3929000.000000,0.000000,0.000000,0.000000,66941000.000000,70870000.000000,0.226000,70870000.000000,66941000.000000,66941000.000000,0.310000,0.280000,0.310000,406833000.000000,368928250.000000,406833000.000000,3157543800.000000,47.000000,44.554000,40630000.000000,0.318000,1.000000,197564000.000000,0.631000,10994000.000000,0.000000,269120000.000000,212886250.000000,0.000000,268620000.000000,268620000.000000,0.000000,138057000.000000,135523000.000000,2534000.000000,-133254000.000000,0.000000,45936000.000000,0.000000,0.000000,71262000.000000,-272018000.000000,-245095000.000000,67574000.000000,-72000.000000,40138000.000000,40138000.000000,40138000.000000,0.000000,245000.000000,0.128000,127598000.000000,69966000.000000,3886000.000000,0.000000,8.079000,81.887000,80.645000,28203000.000000,0.000000,25.000000,10.494000,10.193000,92661000.000000,88925000.000000,313222000.000000,313222000.000000,41156000.000000,0.083000,0.109000,0.314000,0.214000,14325000.000000,86442000.000000,1.000000,131471872.000000,127713000.000000,144204000.000000,2.453000,533896000.000000,4815000.000000,26803000.000000,3241000.000000,4.180000
ARY,2015-12-31,2016-03-31,2016-01-31,2016-FY,314685000.000000,3359188391.000000,2025-03-24,172000.000000,705799000.000000,622781750.000000,500964000.000000,204835000.000000,0.657000,3.827000,-21584000.000000,132179000.000000,132179000.000000,142214000.000000,54460000.000000,2.689000,0.397000,0.000000,0.000000,0.000000,0.000000,157419000.000000,8464000.000000,0.000000,0.000000,0.000000,78570000.000000,87034000.000000,0.213000,87034000.000000,78570000.000000,78570000.000000,0.410000,0.380000,0.410000,505249000.000000,465453500.000000,505249000.000000,3227009391.000000,41.000000,37.078000,58570000.000000,0.444000,1.000000,267007000.000000,0.652000,144283000.000000,0.000000,243058000.000000,275079750.000000,0.000000,214024000.000000,214024000.000000,0.000000,200550000.000000,186279000.000000,14271000.000000,2926000.000000,-126183000.000000,5885000.000000,0.000000,0.000000,19406000.000000,-96683000.000000,51611000.000000,80154000.000000,49000.000000,54413000.000000,54413000.000000,54413000.000000,0.000000,47000.000000,0.133000,188418000.000000,78589000.000000,4600000.000000,0.000000,6.649000,61.735000,61.073000,47469000.000000,0.000000,25.040000,8.209000,8.078000,144798000.000000,143385000.000000,409221000.000000,409221000.000000,65976000.000000,0.087000,0.117000,0.286000,0.192000,24258000.000000,122442000.000000,1.000000,134152891.000000,132020000.000000,144977000.000000,3.100000,561516000.000000,9359000.000000,24157000.000000,11372000.000000,4.253000
ARY,2016-12-31,2017-03-30,2017-01-31,2017-FY,465081000.000000,7052946714.000000,2025-03-24,111000.000000,917700000.000000,811299500.000000,711865000.000000,205835000.000000,0.671000,4.812000,-7507000.000000,217606000.000000,217606000.000000,173681000.000000,68804000.000000,2.885000,0.405000,0.000000,0.000000,0.000000,0.000000,213562000.000000,13825000.000000,0.000000,0.000000,0.000000,109632000.000000,123457000.000000,0.227000,123457000.000000,109632000.000000,109632000.000000,0.510000,0.470000,0.510000,652978000.000000,588634250.000000,652978000.000000,6835340714.000000,62.000000,55.366000,136504000.000000,1.006000,1.000000,370362000.000000,0.681000,135087000.000000,0.000000,318223000.000000,245274750.000000,0.000000,301266000.000000,301266000.000000,0.000000,264722000.000000,246784000.000000,17938000.000000,85427000.000000,0.000000,12362000.000000,0.000000,0.000000,37976000.000000,-96652000.000000,-89247000.000000,144011000.000000,92000.000000,68801000.000000,68801000.000000,68801000.000000,0.000000,3000.000000,0.126000,262394000.000000,107968000.000000,5677000.000000,0.000000,10.801000,102.512000,99.706000,49907000.000000,0.000000,50.850000,12.964000,12.683000,182816000.000000,212189000.000000,544043000.000000,544043000.000000,96750000.000000,0.085000,0.117000,0.447000,0.202000,40798000.000000,165644000.000000,1.000000,138701017.000000,135698000.000000,147578000.000000,4.009000,782613000.000000,16784000.000000,40831000.000000,16202000.000000,5.767000
ARY,2017-12-31,2018-03-30,2018-01-31,2018-FY,693460000.000000,10397418056.000000,2025-03-24,1404000.000000,1197008000.000000,1068689250.000000,1008136000.000000,188872000.000000,0.642000,6.211000,-11367000.000000,320183000.000000,320183000.000000,211439000.000000,141966000.000000,3.204000,0.373000,0.000000,0.000000,0.000000,0.000000,275446000.000000,14277000.000000,0.000000,0.000000,0.000000,158634000.000000,172911000.000000,0.252000,172911000.000000,158634000.000000,158634000.000000,1.010000,0.920000,1.010000,871527000.000000,791375500.000000,871527000.000000,10077235056.000000,64.000000,58.280000,222070000.000000,1.583000,1.000000,474132000.000000,0.692000,127294000.000000,0.000000,434855000.000000,323645750.000000,0.000000,441779000.000000,441779000.000000,0.000000,325481000.000000,314676000.000000,10805000.000000,102577000.000000,0.000000,20773000.000000,0.000000,0.000000,20773000.000000,-154722000.000000,-143153000.000000,233437000.000000,3089000.000000,141966000.000000,141966000.000000,141966000.000000,0.000000,0.000000,0.207000,323340000.000000,150792000.000000,6944000.000000,0.000000,11.930000,73.239000,72.297000,52284000.000000,0.000000,73.020000,15.166000,14.944000,233731000.000000,354850000.000000,685571000.000000,685571000.000000,132051000.000000,0.133000,0.179000,0.490000,0.231000,54049000.000000,191289000.000000,1.000000,142391373.000000,140311000.000000,153681000.000000,4.886000,1069714000.000000,3490000.000000,16668000.000000,5908000.000000,7.624000
ARY,2018-12-31,2019-03-28,2019-01-31,2019-FY,1032392000.000000,18169933098.000000,2025-03-24,928000.000000,1653766000.000000,1433323500.000000,1433414000.000000,220352000.000000,0.602000,8.581000,-9819000.000000,550971000.000000,550971000.000000,245281000.000000,229832000.000000,3.574000,0.336000,0.000000,0.000000,0.000000,0.000000,356357000.000000,14071000.000000,0.000000,0.000000,0.000000,238643000.000000,252714000.000000,0.293000,252714000.000000,238643000.000000,238643000.000000,1.590000,1.470000,1.590000,1237749000.000000,1100216750.000000,1237749000.000000,17618962098.000000,74.000000,69.719000,301008000.000000,2.087000,1.000000,616929000.000000,0.716000,120325000.000000,0.000000,581448000.000000,498165250.000000,0.000000,539190000.000000,539190000.000000,0.000000,416017000.000000,401022000.000000,14995000.000000,230791000.000000,0.000000,25910000.000000,0.000000,0.000000,25910000.000000,-103869000.000000,-94050000.000000,310827000.000000,-2077000.000000,229832000.000000,229832000.000000,229832000.000000,0.000000,0.000000,0.267000,394063000.000000,222866000.000000,9110000.000000,0.000000,14.680000,79.057000,78.044000,54966000.000000,0.000000,124.090000,21.074000,20.760000,321587000.000000,619197000.000000,862210000.000000,862210000.000000,158783000.000000,0.160000,0.209000,0.479000,0.277000,76425000.000000,235280000.000000,1.000000,146425442.000000,144244000.000000,156117000.000000,5.977000,1533441000.000000,5938000.000000,8811000.000000,10181000.000000,10.631000
ARY,2019-12-31,2020-03-30,2020-01-31,2020-FY,979952000.000000,23573574927.000000,2025-03-24,460000.000000,2271777000.000000,1952043750.000000,1531124000.000000,740653000.000000,0.566000,11.270000,-4321000.000000,476733000.000000,476733000.000000,303369000.000000,301118000.000000,2.778000,0.364000,54828000.000000,10013000.000000,44815000.000000,54828000.000000,468887000.000000,27825000.000000,0.000000,0.000000,0.000000,313697000.000000,341522000.000000,0.309000,341522000.000000,313697000.000000,313697000.000000,2.040000,1.900000,2.040000,1665594000.000000,1501069750.000000,1665594000.000000,23151669927.000000,74.000000,67.790000,433054000.000000,2.930000,1.000000,800712000.000000,0.725000,573130000.000000,0.000000,725570000.000000,602104000.000000,0.000000,610015000.000000,610015000.000000,0.000000,606183000.000000,551172000.000000,55011000.000000,-72381000.000000,-448162000.000000,10994000.000000,-984000.000000,0.000000,10010000.000000,-516910000.000000,-64427000.000000,437375000.000000,-2856000.000000,301118000.000000,301118000.000000,301118000.000000,0.000000,0.000000,0.273000,514493000.000000,286219000.000000,19420000.000000,0.000000,14.153000,78.287000,77.422000,103884000.000000,0.000000,157.940000,21.351000,21.142000,422507000.000000,919658000.000000,1104081000.000000,1104081000.000000,209895000.000000,0.154000,0.201000,0.521000,0.284000,115906000.000000,304598000.000000,1.000000,149256521.000000,147796000.000000,158296000.000000,7.470000,1698647000.000000,11870000.000000,12579000.000000,8030000.000000,11.493000
ARY,2020-12-31,2021-03-30,2021-01-31,2021-FY,1594874000.000000,37969148512.000000,2025-03-24,992000.000000,3046067000.000000,2637684000.000000,2310826000.000000,735241000.000000,0.555000,15.042000,-8683000.000000,730504000.000000,730504000.000000,408928000.000000,379998000.000000,3.228000,0.344000,63118000.000000,11725000.000000,51393000.000000,63118000.000000,616992000.000000,39802000.000000,0.000000,0.000000,0.000000,393993000.000000,433795000.000000,0.296000,433795000.000000,393993000.000000,393993000.000000,2.520000,2.360000,2.520000,2266320000.000000,2032615500.000000,2266320000.000000,37301762512.000000,95.000000,85.989000,542563000.000000,3.601000,1.000000,1056141000.000000,0.721000,550624000.000000,0.000000,1112105000.000000,869884750.000000,0.000000,933122000.000000,933122000.000000,0.000000,779747000.000000,715952000.000000,63795000.000000,251914000.000000,0.000000,34857000.000000,-1039000.000000,0.000000,33818000.000000,-333634000.000000,-324951000.000000,551246000.000000,484000.000000,379998000.000000,379998000.000000,379998000.000000,0.000000,0.000000,0.259000,678347000.000000,377794000.000000,23253000.000000,0.000000,16.754000,99.919000,98.980000,110567000.000000,0.000000,249.430000,25.916000,25.651000,611593000.000000,1299656000.000000,1465069000.000000,1465069000.000000,294220000.000000,0.144000,0.187000,0.453000,0.269000,185001000.000000,384127000.000000,1.000000,152223664.000000,150666000.000000,160732000.000000,9.724000,2495443000.000000,14100000.000000,13995000.000000,4425000.000000,16.563000
ARY,2021-12-31,2022-03-30,2022-01-31,2022-FY,2266404000.000000,33034368092.000000,2025-03-24,-11958000.000000,3816465000.000000,3439370750.000000,3107183000.000000,709282000.000000,0.538000,18.999000,-14214000.000000,1138040000.000000,1138040000.000000,503678000.000000,427390000.000000,3.696000,0.311000,54588000.000000,10981000.000000,43607000.000000,54588000.000000,731746000.000000,38893000.000000,0.000000,0.000000,0.000000,512311000.000000,551204000.000000,0.298000,551204000.000000,512311000.000000,512311000.000000,2.790000,2.630000,2.790000,2911637000.000000,2686519750.000000,2911637000.000000,31950916092.000000,62.000000,57.966000,750249000.000000,4.896000,1.000000,1347099000.000000,0.728000,541817000.000000,0.000000,1350417000.000000,1131676500.000000,0.000000,1238064000.000000,1238064000.000000,0.000000,904828000.000000,840779000.000000,64049000.000000,409514000.000000,-7780000.000000,51538000.000000,-384000.000000,0.000000,-4140000.000000,-346152000.000000,-324158000.000000,764463000.000000,-4657000.000000,427390000.000000,427390000.000000,427390000.000000,0.000000,0.000000,0.231000,841603000.000000,505496000.000000,20348000.000000,0.000000,11.346000,77.293000,76.706000,104135000.000000,0.000000,214.010000,17.849000,17.721000,694400000.000000,1727046000.000000,1850777000.000000,1850777000.000000,382035000.000000,0.124000,0.159000,0.453000,0.277000,234636000.000000,459568000.000000,1.000000,154358993.000000,153251000.000000,162277000.000000,12.077000,3274648000.000000,5097000.000000,84921000.000000,9977000.000000,21.368000
ARY,2022-12-31,2023-03-30,2023-01-31,2023-FY,2962510000.000000,28629325338.000000,2025-03-24,-31129000.000000,4804296000.000000,4278704500.000000,3969313000.000000,834983000.000000,0.504000,23.916000,-13512000.000000,886465000.000000,886465000.000000,609405000.000000,487706000.000000,3.942000,0.293000,60976000.000000,11306000.000000,49670000.000000,60976000.000000,869285000.000000,41320000.000000,0.000000,0.000000,0.000000,509096000.000000,550416000.000000,0.255000,550416000.000000,509096000.000000,509096000.000000,3.140000,3.000000,3.140000,3716252000.000000,3361812500.000000,3716252000.000000,27803836338.000000,55.000000,50.514000,766958000.000000,4.936000,1.000000,1545655000.000000,0.717000,522353000.000000,0.000000,2449651000.000000,1932294000.000000,0.000000,2216163000.000000,2216163000.000000,0.000000,1088044000.000000,1006803000.000000,81241000.000000,-251575000.000000,0.000000,43654000.000000,0.000000,0.000000,-19376000.000000,-1007683000.000000,-994171000.000000,780470000.000000,-4986000.000000,487706000.000000,487706000.000000,487706000.000000,0.000000,0.000000,0.226000,1086564000.000000,459091000.000000,41678000.000000,0.000000,7.704000,58.702000,57.054000,105153000.000000,0.000000,179.150000,13.285000,12.917000,785229000.000000,2214752000.000000,2155060000.000000,2155060000.000000,520278000.000000,0.114000,0.145000,0.263000,0.236000,351907000.000000,566286000.000000,1.000000,159806449.000000,155385000.000000,162437000.000000,13.869000,4281943000.000000,136697000.000000,21390000.000000,6438000.000000,27.557000
ARY,2023-12-31,2024-03-25,2024-01-31,2024-FY,3824328000.000000,37009253684.000000,2025-03-24,-10637000.000000,5910920000.000000,5347051250.000000,5003211000.000000,907709000.000000,0.442000,28.934000,-26196000.000000,703487000.000000,703487000.000000,677291000.000000,525705000.000000,4.244000,0.273000,55775000.000000,9334000.000000,46441000.000000,55775000.000000,1049761000.000000,44319000.000000,0.000000,0.000000,0.000000,588023000.000000,632342000.000000,0.268000,632342000.000000,588023000.000000,588023000.000000,3.270000,3.220000,3.270000,4644824000.000000,4280075750.000000,4644824000.000000,36361541684.000000,62.000000,57.503000,885143000.000000,5.514000,1.000000,1686382000.000000,0.713000,502894000.000000,0.000000,3581431000.000000,3084637500.000000,0.000000,3324269000.000000,3324269000.000000,0.000000,1266096000.000000,1178883000.000000,87213000.000000,-182980000.000000,0.000000,62687000.000000,0.000000,0.000000,-16188000.000000,-1076351000.000000,-1050155000.000000,911339000.000000,-1780000.000000,525705000.000000,525705000.000000,525705000.000000,0.000000,0.000000,0.222000,1257048000.000000,429334000.000000,31513000.000000,0.000000,7.968000,70.399000,70.159000,104134000.000000,0.000000,229.420000,15.658000,15.581000,888537000.000000,2740457000.000000,2363673000.000000,2363673000.000000,629031000.000000,0.098000,0.123000,0.191000,0.249000,393733000.000000,628017000.000000,1.000000,161316597.000000,160532000.000000,163486000.000000,14.724000,5408026000.000000,233463000.000000,62318000.000000,13914000.000000,33.688000
ARY,2024-12-31,2025-03-24,2025-01-31,2025-FY,4910398000.000000,38890861402.000000,2025-03-24,-8416000.000000,7339756000.000000,6577751000.000000,6308802000.000000,1030954000.000000,0.418000,36.029000,-20519000.000000,1118785000.000000,1118785000.000000,699636000.000000,714138000.000000,4.511000,0.258000,75775000.000000,9969000.000000,65806000.000000,75775000.000000,1273978000.000000,50930000.000000,0.000000,0.000000,0.000000,919381000.000000,970311000.000000,0.353000,970311000.000000,919381000.000000,919381000.000000,4.410000,4.320000,4.410000,5832373000.000000,5351963750.000000,5832373000.000000,37847851402.000000,41.000000,39.006000,1069532000.000000,6.607000,1.000000,2046983000.000000,0.745000,484337000.000000,0.000000,4414005000.000000,3882219250.000000,0.000000,4031442000.000000,4031442000.000000,0.000000,1507383000.000000,1398404000.000000,108979000.000000,414293000.000000,0.000000,105538000.000000,0.000000,0.000000,26115000.000000,-700138000.000000,-679619000.000000,1090051000.000000,-1735000.000000,714138000.000000,714138000.000000,714138000.000000,0.000000,0.000000,0.260000,1355548000.000000,691435000.000000,30447000.000000,0.000000,6.668000,54.458000,54.204000,119775000.000000,0.000000,239.040000,14.160000,14.088000,1057117000.000000,3454595000.000000,2746619000.000000,2746619000.000000,693078000.000000,0.109000,0.133000,0.237000,0.335000,437350000.000000,662470000.000000,1.000000,162696040.000000,161879000.000000,165232000.000000,16.967000,6855419000.000000,343919000.000000,205243000.000000,9611000.000000,42.349000
MRQ,2011-12-31,2012-01-31,2012-01-31,2012-Q4,13456000.000000,,2025-03-24,0.000000,41414000.000000,,39664000.000000,1750000.000000,,0.799000,,16880000.000000,16880000.000000,,,1.513000,1.937000,0.000000,0.000000,0.000000,0.000000,17925000.000000,,0.000000,,0.000000,,,,,,,,,,14103000.000000,,14103000.000000,,,,,,1.000000,,,590000.000000,,-2264000.000000,,0.000000,250000.000000,250000.000000,0.000000,27311000.000000,26208000.000000,1103000.000000,,,,,,,,,,,,,,,,,,,1513000.000000,,,,,824000.000000,,,,,20567000.000000,6144000.000000,,,,,,,,,,1.000000,,17655000.000000,,,40824000.000000,1563000.000000,,422000.000000,2.312000
MRQ,2012-09-30,2012-10-31,2012-10-31,2013-Q3,,,2025-03-24,,,,,,,,-519000.000000,,,15856000.000000,5749000.000000,,,,,,,,174000.000000,,,0.000000,4171000.000000,4345000.000000,0.121000,4345000.000000,4171000.000000,4171000.000000,0.050000,0.030000,0.050000,,,,,,,9197000.000000,0.443000,1.000000,19940000.000000,0.557000,,0.000000,,,,,,,,,,-521000.000000,0.000000,234000.000000,0.000000,0.000000,234000.000000,-10471000.000000,-9888000.000000,9716000.000000,0.000000,1062000.000000,1062000.000000,1062000.000000,0.000000,4687000.000000,0.030000,11156000.000000,8784000.000000,,0.000000,,,,,0.000000,,,,,,35796000.000000,35796000.000000,3605000.000000,,,,,181000.000000,7551000.000000,1.000000,,20743000.000000,30369000.000000,1.726000,,,3109000.000000,,
MRQ,2012-12-31,2013-01-31,2013-01-31,2013-Q4,32601000.000000,,2025-03-24,5000.000000,89820000.000000,,86890000.000000,2930000.000000,,1.413000,-248000.000000,31890000.000000,31890000.000000,16761000.000000,5684000.000000,1.601000,1.644000,0.000000,0.000000,0.000000,0.000000,38785000.000000,253000.000000,0.000000,,0.000000,4224000.000000,4477000.000000,0.113000,4477000.000000,4224000.000000,4224000.000000,0.050000,0.030000,0.050000,33966000.000000,,33966000.000000,,,,6739000.000000,0.280000,1.000000,23027000.000000,0.579000,880000.000000,0.000000,2761000.000000,,0.000000,14529000.000000,14529000.000000,0.000000,55854000.000000,54289000.000000,1565000.000000,2252000.000000,0.000000,74000.000000,0.000000,0.000000,74000.000000,-4809000.000000,-4485000.000000,6987000.000000,0.000000,1149000.000000,1149000.000000,1149000.000000,0.000000,4535000.000000,0.029000,13665000.000000,9362000.000000,3340000.000000,0.000000,,,,1379000.000000,0.000000,,,,37094000.000000,24927000.000000,39788000.000000,39788000.000000,4692000.000000,,,,,225000.000000,8973000.000000,1.000000,,24046000.000000,34916000.000000,1.655000,88940000.000000,2280000.000000,3075000.000000,5624000.000000,3.699000
MRQ,2013-03-31,2013-04-30,2013-04-30,2014-Q1,,,2025-03-24,,,,,,,,-217000.000000,,,17709000.000000,4845000.000000,,,,,,,,267000.000000,,,0.000000,3755000.000000,4022000.000000,0.094000,4022000.000000,3755000.000000,3755000.000000,0.040000,0.030000,0.040000,,,,,,,12806000.000000,0.593000,1.000000,25079000.000000,0.586000,,0.000000,,,,,,,,,,12464000.000000,0.000000,274000.000000,0.000000,0.000000,274000.000000,-833000.000000,-404000.000000,13023000.000000,0.000000,926000.000000,926000.000000,926000.000000,0.000000,3919000.000000,0.022000,16906000.000000,8173000.000000,,0.000000,,,,,0.000000,,,,,,42788000.000000,42788000.000000,5527000.000000,,,,,735000.000000,11379000.000000,1.000000,,21610000.000000,32988000.000000,1.980000,,,2829000.000000,,
MRQ,2013-06-30,2013-07-31,2013-07-31,2014-Q2,35056000.000000,,2025-03-24,3000.000000,112620000.000000,,96279000.000000,16341000.000000,,1.941000,-1177000.000000,38608000.000000,38608000.000000,19143000.000000,5998000.000000,1.573000,1.376000,0.000000,0.000000,0.000000,0.000000,48260000.000000,511000.000000,0.000000,,0.000000,5050000.000000,5561000.000000,0.112000,5561000.000000,5050000.000000,5050000.000000,0.050000,0.030000,0.050000,47400000.000000,,47400000.000000,,,,6061000.000000,0.248000,1.000000,30438000.000000,0.614000,13056000.000000,0.000000,-267000.000000,,0.000000,14267000.000000,14267000.000000,0.000000,65220000.000000,61223000.000000,3997000.000000,-5746000.000000,-12149000.000000,-359000.000000,0.000000,0.000000,-359000.000000,-12625000.000000,486000.000000,7238000.000000,0.000000,1275000.000000,1275000.000000,1275000.000000,0.000000,4723000.000000,0.026000,20600000.000000,9838000.000000,1325000.000000,0.000000,,,,2146000.000000,0.000000,,,,38883000.000000,35770000.000000,49581000.000000,49581000.000000,6357000.000000,,,,,1215000.000000,14243000.000000,1.000000,122252440.000000,24418000.000000,37038000.000000,2.031000,99564000.000000,1781000.000000,3775000.000000,2743000.000000,4.077000
MRQ,2013-09-30,2013-10-31,2013-10-31,2014-Q3,258195000.000000,4756842440.000000,2025-03-24,11000.000000,345289000.000000,,328448000.000000,16841000.000000,,7.560000,-1180000.000000,257141000.000000,257141000.000000,21392000.000000,6525000.000000,4.675000,0.276000,0.000000,0.000000,0.000000,0.000000,53514000.000000,774000.000000,0.000000,0.000000,0.000000,5924000.000000,6698000.000000,0.122000,6698000.000000,5924000.000000,5924000.000000,0.070000,0.050000,0.070000,270646000.000000,,270646000.000000,4718234440.000000,249.000000,227.297000,4087000.000000,0.114000,1.000000,33587000.000000,0.611000,13302000.000000,0.000000,4593000.000000,,0.000000,16242000.000000,16242000.000000,0.000000,74643000.000000,70253000.000000,4390000.000000,218533000.000000,0.000000,216516000.000000,0.000000,0.000000,216516000.000000,-3250000.000000,-2065000.000000,5267000.000000,0.000000,2339000.000000,2339000.000000,2339000.000000,0.000000,4186000.000000,0.043000,23602000.000000,9985000.000000,2436000.000000,0.000000,17.576000,836.147000,185.286000,2319000.000000,0.000000,38.910000,25.419000,7.444000,48603000.000000,42295000.000000,54979000.000000,54979000.000000,6585000.000000,,,,,2086000.000000,17017000.000000,1.000000,122252440.000000,35802000.000000,131963000.000000,1.536000,331987000.000000,1827000.000000,3585000.000000,2703000.000000,9.273000
MRQ,2013-12-31,2014-01-31,2014-01-31,2014-Q4,267115000.000000,3961250522.000000,2025-03-24,19000.000000,370308000.000000,,353732000.000000,16576000.000000,,5.415000,-403000.000000,262507000.000000,262507000.000000,24358000.000000,6247000.000000,4.084000,0.322000,0.000000,0.000000,0.000000,0.000000,67380000.000000,858000.000000,0.000000,0.000000,0.000000,10488000.000000,11346000.000000,0.181000,11346000.000000,10488000.000000,10488000.000000,0.040000,0.020000,0.040000,280096000.000000,,280096000.000000,3704109522.000000,146.000000,133.722000,15822000.000000,0.306000,1.000000,38445000.000000,0.612000,12986000.000000,0.000000,8198000.000000,,0.000000,25625000.000000,25625000.000000,0.000000,90212000.000000,86617000.000000,3595000.000000,5366000.000000,0.000000,-1165000.000000,0.000000,0.000000,-991000.000000,-9868000.000000,-9467000.000000,16225000.000000,0.000000,5792000.000000,5792000.000000,5792000.000000,0.000000,455000.000000,0.092000,27137000.000000,11308000.000000,2117000.000000,0.000000,14.142000,380.706000,158.950000,2445000.000000,0.000000,31.790000,18.850000,7.825000,58433000.000000,48542000.000000,62803000.000000,62803000.000000,7858000.000000,,,,,2914000.000000,19279000.000000,1.000000,124606811.000000,51725000.000000,68024000.000000,1.214000,357322000.000000,2075000.000000,4696000.000000,439000.000000,6.908000
MRQ,2014-03-31,2014-04-30,2014-04-30,2015-Q1,317551000.000000,2397952027.000000,2025-03-24,31000.000000,435124000.000000,,418782000.000000,16342000.000000,,2.666000,-519000.000000,188888000.000000,188888000.000000,25950000.000000,7221000.000000,4.137000,0.317000,0.000000,0.000000,0.000000,0.000000,74872000.000000,930000.000000,0.000000,0.000000,0.000000,12434000.000000,13364000.000000,0.200000,13364000.000000,12434000.000000,12434000.000000,0.060000,0.050000,0.060000,330286000.000000,,330286000.000000,2135445027.000000,63.000000,57.763000,17611000.000000,0.142000,1.000000,40771000.000000,0.611000,12636000.000000,0.000000,132369000.000000,,0.000000,156608000.000000,156608000.000000,0.000000,104838000.000000,101231000.000000,3607000.000000,-73619000.000000,0.000000,35679000.000000,0.000000,0.000000,40058000.000000,-131771000.000000,-131249000.000000,18130000.000000,-36000.000000,7128000.000000,7128000.000000,7128000.000000,0.000000,93000.000000,0.107000,28214000.000000,12557000.000000,3098000.000000,0.000000,7.260000,145.032000,87.318000,2494000.000000,0.000000,19.210000,10.244000,10.168000,61217000.000000,55763000.000000,66721000.000000,66721000.000000,8992000.000000,,,,,3256000.000000,19222000.000000,1.000000,124828320.000000,123902000.000000,142849000.000000,0.538000,422488000.000000,6569000.000000,5306000.000000,2564000.000000,3.410000
MRQ,2014-06-30,2014-07-31,2014-07-31,2015-Q2,319748000.000000,3041599730.000000,2025-03-24,-106000.000000,464241000.000000,,423005000.000000,41236000.000000,,2.807000,-24983000.000000,140116000.000000,140116000.000000,28136000.000000,9578000.000000,4.097000,0.299000,0.000000,0.000000,0.000000,0.000000,85303000.000000,991000.000000,0.000000,0.000000,0.000000,16596000.000000,17587000.000000,0.232000,17587000.000000,16596000.000000,16596000.000000,0.070000,0.070000,0.070000,357387000.000000,,357387000.000000,2852711730.000000,63.000000,58.225000,-8375000.000000,-0.066000,1.000000,47528000.000000,0.628000,12005000.000000,0.000000,208863000.000000,,0.000000,210086000.000000,210086000.000000,0.000000,106854000.000000,103257000.000000,3597000.000000,-48772000.000000,0.000000,6979000.000000,0.000000,0.000000,13633000.000000,-78992000.000000,-54013000.000000,16608000.000000,-21000.000000,9490000.000000,9490000.000000,9490000.000000,0.000000,88000.000000,0.125000,30743000.000000,16785000.000000,1798000.000000,0.000000,8.511000,122.898000,99.167000,27025000.000000,0.000000,23.800000,11.691000,11.647000,61897000.000000,65341000.000000,75664000.000000,75664000.000000,9787000.000000,,,,,3400000.000000,20956000.000000,1.000000,127798308.000000,127314000.000000,143353000.000000,0.594000,452236000.000000,6915000.000000,7106000.000000,2630000.000000,3.552000
MRQ,2014-09-30,2014-10-31,2014-10-31,2015-Q3,341756000.000000,3866568165.000000,2025-03-24,-24000.000000,492553000.000000,,449516000.000000,43037000.000000,,2.950000,-871000.000000,132135000.000000,132135000.000000,30416000.000000,10258000.000000,4.171000,0.292000,0.000000,0.000000,0.000000,0.000000,84668000.000000,1022000.000000,0.000000,0.000000,0.000000,18892000.000000,19914000.000000,0.238000,19914000.000000,18892000.000000,18892000.000000,0.080000,0.070000,0.080000,381207000.000000,,381207000.000000,3726452165.000000,64.000000,59.900000,33385000.000000,0.258000,1.000000,53409000.000000,0.637000,11465000.000000,0.000000,241193000.000000,,0.000000,260731000.000000,260731000.000000,0.000000,111346000.000000,107760000.000000,3586000.000000,-7981000.000000,0.000000,2102000.000000,0.000000,0.000000,9800000.000000,-52022000.000000,-51159000.000000,34256000.000000,-15000.000000,10198000.000000,10198000.000000,10198000.000000,0.000000,60000.000000,0.122000,33468000.000000,19941000.000000,2147000.000000,0.000000,10.143000,118.577000,119.120000,27613000.000000,0.000000,29.780000,13.379000,13.314000,45241000.000000,75599000.000000,83825000.000000,83825000.000000,10635000.000000,,,,,3585000.000000,22833000.000000,1.000000,129837749.000000,129212000.000000,144289000.000000,0.649000,481088000.000000,6885000.000000,8694000.000000,3293000.000000,3.723000
MRQ,2014-12-31,2015-01-31,2015-01-31,2015-Q4,366314000.000000,3755911596.000000,2025-03-24,26000.000000,544890000.000000,,501837000.000000,43053000.000000,,3.121000,-571000.000000,129253000.000000,129253000.000000,31156000.000000,13326000.000000,3.703000,0.339000,0.000000,0.000000,0.000000,0.000000,112960000.000000,986000.000000,0.000000,0.000000,0.000000,18984000.000000,19970000.000000,0.230000,19970000.000000,18984000.000000,18984000.000000,0.100000,0.090000,0.100000,406833000.000000,,406833000.000000,3623776596.000000,54.000000,51.133000,-1991000.000000,-0.015000,1.000000,55856000.000000,0.642000,10994000.000000,0.000000,269120000.000000,,0.000000,268620000.000000,268620000.000000,0.000000,138057000.000000,135523000.000000,2534000.000000,-2882000.000000,0.000000,1176000.000000,0.000000,0.000000,7771000.000000,-9233000.000000,-8674000.000000,-1420000.000000,0.000000,13287000.000000,13287000.000000,13287000.000000,0.000000,39000.000000,0.153000,35173000.000000,20683000.000000,3886000.000000,0.000000,9.232000,93.575000,92.774000,28203000.000000,0.000000,28.760000,11.991000,11.727000,92661000.000000,88925000.000000,87012000.000000,87012000.000000,11742000.000000,,,,,4084000.000000,23431000.000000,1.000000,130594979.000000,130344000.000000,144570000.000000,0.668000,533896000.000000,4815000.000000,5697000.000000,3411000.000000,4.096000
MRQ,2015-03-31,2015-04-30,2015-04-30,2016-Q1,372632000.000000,3490578202.000000,2025-03-24,15000.000000,568663000.000000,,509775000.000000,58888000.000000,,3.270000,-4732000.000000,107561000.000000,107561000.000000,31985000.000000,12982000.000000,3.717000,0.326000,0.000000,0.000000,0.000000,0.000000,111276000.000000,1024000.000000,0.000000,0.000000,0.000000,21670000.000000,22694000.000000,0.252000,22694000.000000,21670000.000000,21670000.000000,0.100000,0.090000,0.100000,428950000.000000,,428950000.000000,3361325202.000000,44.000000,41.930000,37059000.000000,0.283000,1.000000,57938000.000000,0.644000,19940000.000000,0.000000,304019000.000000,,0.000000,320947000.000000,320947000.000000,0.000000,139713000.000000,137143000.000000,2570000.000000,-21692000.000000,-9987000.000000,1170000.000000,0.000000,0.000000,4335000.000000,-67811000.000000,-53093000.000000,41791000.000000,-7000.000000,12964000.000000,12964000.000000,12964000.000000,0.000000,18000.000000,0.144000,37013000.000000,20925000.000000,5288000.000000,0.000000,8.137000,75.983000,75.857000,35173000.000000,0.000000,26.550000,10.376000,10.351000,70217000.000000,101907000.000000,89923000.000000,89923000.000000,12957000.000000,,,,,4799000.000000,24056000.000000,1.000000,131471872.000000,131163000.000000,144734000.000000,0.686000,548723000.000000,4815000.000000,8706000.000000,5823000.000000,4.184000
MRQ,2015-06-30,2015-07-31,2015-07-31,2016-Q2,388348000.000000,3546519272.000000,2025-03-24,-20000.000000,591632000.000000,,522750000.000000,68882000.000000,,3.442000,-9954000.000000,119776000.000000,119776000.000000,33473000.000000,13406000.000000,3.889000,0.304000,0.000000,0.000000,0.000000,0.000000,109518000.000000,1344000.000000,0.000000,0.000000,0.000000,21892000.000000,23236000.000000,0.237000,23236000.000000,21892000.000000,21892000.000000,0.100000,0.090000,0.100000,453637000.000000,,453637000.000000,3438958272.000000,42.000000,40.075000,5228000.000000,0.040000,1.000000,64634000.000000,0.659000,19385000.000000,0.000000,318069000.000000,,0.000000,318191000.000000,318191000.000000,0.000000,137995000.000000,134402000.000000,3593000.000000,12215000.000000,-7000.000000,1610000.000000,0.000000,0.000000,5590000.000000,-8597000.000000,1930000.000000,15182000.000000,40000.000000,13390000.000000,13390000.000000,13390000.000000,0.000000,16000.000000,0.136000,42281000.000000,22353000.000000,3891000.000000,0.000000,7.818000,71.160000,70.842000,44425000.000000,0.000000,26.920000,9.883000,9.887000,67977000.000000,115313000.000000,98107000.000000,98107000.000000,15255000.000000,,,,,5611000.000000,27026000.000000,1.000000,131742915.000000,131799000.000000,144871000.000000,0.744000,572247000.000000,4815000.000000,8502000.000000,2510000.000000,4.342000
MRQ,2015-09-30,2015-10-31,2015-10-31,2016-Q3,290955000.000000,3359330343.000000,2025-03-24,25000.000000,625033000.000000,,427338000.000000,197695000.000000,,3.580000,-4556000.000000,108594000.000000,108594000.000000,37012000.000000,10482000.000000,3.133000,0.319000,0.000000,0.000000,0.000000,0.000000,102053000.000000,2481000.000000,0.000000,0.000000,0.000000,20201000.000000,22682000.000000,0.212000,22682000.000000,20201000.000000,20201000.000000,0.080000,0.070000,0.080000,473978000.000000,,473978000.000000,3239554343.000000,39.000000,36.571000,15179000.000000,0.115000,1.000000,69909000.000000,0.654000,144883000.000000,0.000000,235173000.000000,,0.000000,230874000.000000,230874000.000000,0.000000,151055000.000000,136383000.000000,14672000.000000,-11182000.000000,-116189000.000000,1368000.000000,0.000000,0.000000,3185000.000000,-34155000.000000,86590000.000000,19735000.000000,53000.000000,10473000.000000,10473000.000000,10473000.000000,0.000000,9000.000000,0.098000,49809000.000000,20100000.000000,7211000.000000,0.000000,7.088000,67.034000,66.763000,47434000.000000,0.000000,25.370000,8.795000,8.795000,75301000.000000,125795000.000000,106921000.000000,106921000.000000,17667000.000000,,,,,6691000.000000,32142000.000000,1.000000,132413494.000000,132413000.000000,145063000.000000,0.807000,480150000.000000,5124000.000000,9728000.000000,17326000.000000,3.626000
MRQ,2015-12-31,2016-01-31,2016-01-31,2016-Q4,314685000.000000,3205193406.000000,2025-03-24,172000.000000,705799000.000000,,500964000.000000,204835000.000000,,3.802000,-2342000.000000,132179000.000000,132179000.000000,39744000.000000,17590000.000000,2.689000,0.397000,0.000000,0.000000,0.000000,0.000000,157419000.000000,3615000.000000,0.000000,0.000000,0.000000,14802000.000000,18417000.000000,0.161000,18417000.000000,14802000.000000,14802000.000000,0.130000,0.130000,0.130000,505249000.000000,,505249000.000000,3096599406.000000,39.000000,35.579000,1104000.000000,0.008000,1.000000,74526000.000000,0.652000,143304000.000000,0.000000,244037000.000000,,0.000000,214024000.000000,214024000.000000,0.000000,200550000.000000,186279000.000000,14271000.000000,23585000.000000,0.000000,1737000.000000,0.000000,0.000000,6296000.000000,13880000.000000,16184000.000000,3446000.000000,-37000.000000,17581000.000000,17581000.000000,17581000.000000,0.000000,9000.000000,0.154000,59315000.000000,15211000.000000,4600000.000000,0.000000,6.344000,58.905000,58.780000,47469000.000000,0.000000,24.100000,7.832000,7.775000,144798000.000000,143385000.000000,114270000.000000,114270000.000000,20097000.000000,,,,,7157000.000000,39218000.000000,1.000000,132995577.000000,132887000.000000,145181000.000000,0.860000,562495000.000000,9359000.000000,-2779000.000000,11372000.000000,4.233000
MRQ,2016-03-31,2016-04-30,2016-04-30,2017-Q1,341276000.000000,3690546031.000000,2025-03-24,459000.000000,751792000.000000,,548374000.000000,203418000.000000,,3.959000,-2197000.000000,245942000.000000,245942000.000000,41091000.000000,12509000.000000,2.648000,0.417000,0.000000,0.000000,0.000000,0.000000,180776000.000000,3405000.000000,0.000000,0.000000,0.000000,20549000.000000,23954000.000000,0.200000,23954000.000000,20549000.000000,20549000.000000,0.090000,0.090000,0.090000,530546000.000000,,530546000.000000,3558367031.000000,46.000000,40.304000,107163000.000000,0.800000,1.000000,78673000.000000,0.657000,142219000.000000,0.000000,156533000.000000,,0.000000,211493000.000000,211493000.000000,0.000000,221246000.000000,207098000.000000,14148000.000000,113763000.000000,0.000000,1345000.000000,0.000000,0.000000,4205000.000000,82000.000000,2285000.000000,109360000.000000,116000.000000,12505000.000000,12505000.000000,12505000.000000,0.000000,4000.000000,0.104000,60867000.000000,17806000.000000,4630000.000000,0.000000,6.956000,68.408000,68.775000,47659000.000000,0.000000,27.510000,8.406000,8.396000,81776000.000000,155894000.000000,119764000.000000,119764000.000000,22073000.000000,,,,,8143000.000000,38794000.000000,1.000000,134152891.000000,133996000.000000,145708000.000000,0.894000,609573000.000000,9865000.000000,8044000.000000,12040000.000000,4.549000
MRQ,2016-06-30,2016-07-31,2016-07-31,2017-Q2,378978000.000000,5119702443.000000,2025-03-24,869000.000000,787232000.000000,,587093000.000000,200139000.000000,,4.182000,-928000.000000,210365000.000000,210365000.000000,42195000.000000,12958000.000000,2.821000,0.393000,0.000000,0.000000,0.000000,0.000000,176718000.000000,3470000.000000,0.000000,0.000000,0.000000,22459000.000000,25929000.000000,0.197000,25929000.000000,22459000.000000,22459000.000000,0.100000,0.090000,0.100000,565108000.000000,,565108000.000000,4873760443.000000,62.000000,53.568000,10818000.000000,0.080000,1.000000,89152000.000000,0.679000,140052000.000000,0.000000,228700000.000000,,0.000000,269190000.000000,269190000.000000,0.000000,222124000.000000,208115000.000000,14009000.000000,-35577000.000000,0.000000,3183000.000000,0.000000,0.000000,11251000.000000,-58887000.000000,-58068000.000000,11746000.000000,313000.000000,12957000.000000,12957000.000000,12957000.000000,0.000000,1000.000000,0.099000,65330000.000000,23822000.000000,6384000.000000,0.000000,9.060000,95.667000,94.975000,47195000.000000,0.000000,37.990000,10.840000,10.869000,88963000.000000,168852000.000000,131347000.000000,131347000.000000,23563000.000000,,,,,10014000.000000,41767000.000000,1.000000,134764476.000000,135126000.000000,147155000.000000,0.972000,647180000.000000,9402000.000000,9502000.000000,13207000.000000,4.789000
MRQ,2016-09-30,2016-10-31,2016-10-31,2017-Q3,422213000.000000,5290965105.000000,2025-03-24,319000.000000,788474000.000000,,589829000.000000,198645000.000000,,4.468000,-1488000.000000,206078000.000000,206078000.000000,43925000.000000,21630000.000000,3.519000,0.301000,0.000000,0.000000,0.000000,0.000000,137051000.000000,3469000.000000,0.000000,0.000000,0.000000,34335000.000000,37804000.000000,0.265000,37804000.000000,34335000.000000,34335000.000000,0.160000,0.150000,0.160000,605905000.000000,,605905000.000000,5080600105.000000,55.000000,47.883000,23505000.000000,0.173000,1.000000,98854000.000000,0.692000,137137000.000000,0.000000,277643000.000000,,0.000000,304731000.000000,304731000.000000,0.000000,182569000.000000,167616000.000000,14953000.000000,-4287000.000000,0.000000,3473000.000000,0.000000,0.000000,8781000.000000,-37740000.000000,-36251000.000000,24993000.000000,-321000.000000,21630000.000000,21630000.000000,21630000.000000,0.000000,0.000000,0.151000,65044000.000000,33810000.000000,5048000.000000,0.000000,8.732000,81.811000,80.938000,48169000.000000,0.000000,38.850000,10.412000,10.369000,65648000.000000,190482000.000000,142779000.000000,142779000.000000,25012000.000000,,,,,10955000.000000,40032000.000000,1.000000,136189578.000000,135624000.000000,147436000.000000,1.053000,651337000.000000,9238000.000000,12705000.000000,14383000.000000,4.803000
MRQ,2016-12-31,2017-01-31,2017-01-31,2017-Q4,465081000.000000,5806084350.000000,2025-03-24,111000.000000,917376000.000000,,711865000.000000,205511000.000000,,4.751000,-2894000.000000,217606000.000000,217606000.000000,46470000.000000,30475000.000000,2.885000,0.406000,0.000000,0.000000,0.000000,0.000000,213562000.000000,3481000.000000,0.000000,0.000000,0.000000,45006000.000000,48487000.000000,0.310000,48487000.000000,45006000.000000,45006000.000000,0.220000,0.210000,0.220000,652654000.000000,,652654000.000000,5600006350.000000,46.000000,41.123000,-4982000.000000,-0.036000,1.000000,110182000.000000,0.703000,135087000.000000,0.000000,317899000.000000,,0.000000,301266000.000000,301266000.000000,0.000000,264722000.000000,246784000.000000,17938000.000000,11425000.000000,0.000000,4361000.000000,0.000000,0.000000,13739000.000000,-209000.000000,2787000.000000,-2088000.000000,-17000.000000,30474000.000000,30474000.000000,30474000.000000,0.000000,1000.000000,0.195000,64932000.000000,45250000.000000,5677000.000000,0.000000,8.896000,74.851000,74.263000,49907000.000000,0.000000,42.330000,10.546000,10.434000,182816000.000000,212884000.000000,156652000.000000,156652000.000000,26095000.000000,,,,,11686000.000000,38837000.000000,1.000000,137162399.000000,137360000.000000,149093000.000000,1.140000,782289000.000000,16460000.000000,14532000.000000,16202000.000000,5.695000
MRQ,2017-03-31,2017-04-30,2017-04-30,2018-Q1,520066000.000000,7437148532.000000,2025-03-24,910000.000000,995663000.000000,,789112000.000000,206551000.000000,,5.171000,-4751000.000000,365660000.000000,365660000.000000,48877000.000000,36996000.000000,2.933000,0.405000,0.000000,0.000000,0.000000,0.000000,238046000.000000,3449000.000000,0.000000,0.000000,0.000000,39454000.000000,42903000.000000,0.269000,42903000.000000,39454000.000000,39454000.000000,0.270000,0.240000,0.270000,708904000.000000,,708904000.000000,7219542532.000000,51.000000,46.541000,137410000.000000,1.002000,1.000000,110895000.000000,0.694000,133077000.000000,0.000000,227880000.000000,,0.000000,298257000.000000,298257000.000000,0.000000,286759000.000000,269046000.000000,17713000.000000,148055000.000000,0.000000,7285000.000000,0.000000,0.000000,7285000.000000,-2304000.000000,2447000.000000,142161000.000000,913000.000000,36996000.000000,36996000.000000,36996000.000000,0.000000,0.000000,0.232000,72032000.000000,38863000.000000,5162000.000000,0.000000,10.491000,72.872000,71.493000,51954000.000000,0.000000,53.620000,12.594000,12.448000,113124000.000000,248907000.000000,159772000.000000,159772000.000000,28311000.000000,,,,,11788000.000000,43721000.000000,1.000000,138701017.000000,137096000.000000,151056000.000000,1.165000,862586000.000000,16844000.000000,2458000.000000,13297000.000000,6.292000
MRQ,2017-06-30,2017-07-31,2017-07-31,2018-Q2,577777000.000000,8910615957.000000,2025-03-24,1271000.000000,1035870000.000000,,833355000.000000,202515000.000000,,5.475000,-2777000.000000,409226000.000000,409226000.000000,50400000.000000,38602000.000000,3.261000,0.351000,0.000000,0.000000,0.000000,0.000000,222685000.000000,3571000.000000,0.000000,0.000000,0.000000,40925000.000000,44496000.000000,0.265000,44496000.000000,40925000.000000,40925000.000000,0.280000,0.250000,0.280000,766603000.000000,,766603000.000000,8544955957.000000,53.000000,49.197000,54829000.000000,0.392000,1.000000,117395000.000000,0.700000,131092000.000000,0.000000,239974000.000000,,0.000000,315425000.000000,315425000.000000,0.000000,269267000.000000,255578000.000000,13689000.000000,43766000.000000,0.000000,6131000.000000,0.000000,0.000000,6131000.000000,-20298000.000000,-17521000.000000,57606000.000000,327000.000000,38602000.000000,38602000.000000,38602000.000000,0.000000,0.000000,0.230000,79328000.000000,38067000.000000,6298000.000000,0.000000,11.624000,69.777000,68.559000,53528000.000000,0.000000,63.760000,14.212000,14.238000,97153000.000000,286751000.000000,167795000.000000,167795000.000000,32678000.000000,,,,,13380000.000000,46650000.000000,1.000000,139752446.000000,140010000.000000,153778000.000000,1.198000,904778000.000000,12957000.000000,2323000.000000,9789000.000000,6.462000
MRQ,2017-09-30,2017-10-31,2017-10-31,2018-Q3,631719000.000000,8569174690.000000,2025-03-24,1022000.000000,1046216000.000000,,846069000.000000,200147000.000000,,5.811000,-1936000.000000,310796000.000000,310796000.000000,53234000.000000,34925000.000000,3.947000,0.278000,0.000000,0.000000,0.000000,0.000000,173358000.000000,3601000.000000,0.000000,0.000000,0.000000,43854000.000000,47455000.000000,0.268000,47455000.000000,43854000.000000,43854000.000000,0.250000,0.230000,0.250000,818468000.000000,,818468000.000000,8159948690.000000,48.000000,44.507000,30298000.000000,0.215000,1.000000,123774000.000000,0.699000,129196000.000000,0.000000,391874000.000000,,0.000000,447280000.000000,447280000.000000,0.000000,227748000.000000,214350000.000000,13398000.000000,-98429000.000000,0.000000,3747000.000000,0.000000,0.000000,3747000.000000,-134398000.000000,-132462000.000000,32234000.000000,-12000.000000,34925000.000000,34925000.000000,34925000.000000,0.000000,0.000000,0.197000,81279000.000000,42495000.000000,7444000.000000,0.000000,10.470000,60.776000,59.745000,52659000.000000,0.000000,60.940000,12.960000,12.982000,76294000.000000,321144000.000000,177008000.000000,177008000.000000,34035000.000000,,,,,14018000.000000,47244000.000000,1.000000,140616585.000000,140857000.000000,154256000.000000,1.257000,917020000.000000,12906000.000000,8929000.000000,15598000.000000,6.510000
MRQ,2017-12-31,2018-01-31,2018-01-31,2018-Q4,706252000.000000,8884841032.000000,2025-03-24,1600000.000000,1230333000.000000,,1012421000.000000,217912000.000000,,6.397000,-1903000.000000,320183000.000000,320183000.000000,58911000.000000,40654000.000000,3.307000,0.358000,0.000000,0.000000,0.000000,0.000000,266939000.000000,3656000.000000,0.000000,0.000000,0.000000,41538000.000000,45194000.000000,0.243000,45194000.000000,41538000.000000,41538000.000000,0.290000,0.260000,0.290000,906238000.000000,,906238000.000000,8574045032.000000,52.000000,47.621000,-466000.000000,-0.003000,1.000000,127073000.000000,0.683000,127294000.000000,0.000000,476687000.000000,,0.000000,441779000.000000,441779000.000000,0.000000,324095000.000000,306169000.000000,17926000.000000,9388000.000000,0.000000,3610000.000000,0.000000,0.000000,3610000.000000,2480000.000000,4383000.000000,1437000.000000,1861000.000000,40654000.000000,40654000.000000,40654000.000000,0.000000,0.000000,0.219000,88569000.000000,38504000.000000,6944000.000000,0.000000,9.804000,58.771000,58.204000,52284000.000000,0.000000,62.860000,12.866000,12.772000,238016000.000000,389365000.000000,185984000.000000,185984000.000000,36993000.000000,,,,,14863000.000000,51576000.000000,1.000000,141343319.000000,141670000.000000,154497000.000000,1.313000,1103039000.000000,2222000.000000,884000.000000,13029000.000000,7.786000
MRQ,2018-03-31,2018-04-30,2018-04-30,2019-Q1,776602000.000000,9985906988.000000,2025-03-24,1096000.000000,1317655000.000000,,1102828000.000000,214827000.000000,,6.825000,-939000.000000,460239000.000000,460239000.000000,60155000.000000,44310000.000000,3.381000,0.352000,0.000000,0.000000,0.000000,0.000000,289560000.000000,3596000.000000,0.000000,0.000000,0.000000,46095000.000000,49691000.000000,0.254000,49691000.000000,46095000.000000,46095000.000000,0.310000,0.290000,0.310000,974437000.000000,,974437000.000000,9665723988.000000,56.000000,51.734000,149646000.000000,1.048000,1.000000,135392000.000000,0.692000,125448000.000000,0.000000,405742000.000000,,0.000000,458069000.000000,458069000.000000,0.000000,343218000.000000,326226000.000000,16992000.000000,140056000.000000,0.000000,7839000.000000,0.000000,0.000000,7839000.000000,-17557000.000000,-16618000.000000,150585000.000000,-811000.000000,44310000.000000,44310000.000000,44310000.000000,0.000000,0.000000,0.227000,91436000.000000,43956000.000000,9023000.000000,0.000000,10.248000,63.006000,62.062000,51500000.000000,0.000000,70.130000,13.748000,13.786000,172475000.000000,433675000.000000,195547000.000000,195547000.000000,37197000.000000,,,,,17011000.000000,54239000.000000,1.000000,142391373.000000,142777000.000000,154935000.000000,1.370000,1192207000.000000,2189000.000000,1785000.000000,9737000.000000,8.350000
MRQ,2018-06-30,2018-07-31,2018-07-31,2019-Q2,857700000.000000,10848300116.000000,2025-03-24,-119000.000000,1364592000.000000,,1152358000.000000,212234000.000000,,7.307000,-970000.000000,511735000.000000,511735000.000000,59226000.000000,50286000.000000,3.911000,0.299000,0.000000,0.000000,0.000000,0.000000,259170000.000000,3498000.000000,0.000000,0.000000,0.000000,56160000.000000,59658000.000000,0.285000,59658000.000000,56160000.000000,56160000.000000,0.350000,0.320000,0.350000,1050376000.000000,,1050376000.000000,10388061116.000000,55.000000,51.427000,85843000.000000,0.597000,1.000000,150383000.000000,0.717000,123658000.000000,0.000000,434541000.000000,,0.000000,498690000.000000,498690000.000000,0.000000,314216000.000000,294658000.000000,19558000.000000,51497000.000000,0.000000,7022000.000000,0.000000,0.000000,7022000.000000,-40773000.000000,-39803000.000000,86813000.000000,-1565000.000000,50286000.000000,50286000.000000,50286000.000000,0.000000,0.000000,0.240000,97565000.000000,52818000.000000,7661000.000000,0.000000,10.328000,63.748000,63.025000,50705000.000000,0.000000,75.630000,14.123000,14.153000,126572000.000000,483961000.000000,209609000.000000,209609000.000000,38826000.000000,,,,,19718000.000000,58739000.000000,1.000000,143439113.000000,143748000.000000,155416000.000000,1.458000,1240934000.000000,3468000.000000,5874000.000000,14034000.000000,8.633000
MRQ,2018-09-30,2018-10-31,2018-10-31,2019-Q3,946478000.000000,13200932502.000000,2025-03-24,-1239000.000000,1397281000.000000,,1183194000.000000,214087000.000000,,7.865000,-4658000.000000,467643000.000000,467643000.000000,61374000.000000,64085000.000000,4.998000,0.228000,0.000000,0.000000,0.000000,0.000000,196159000.000000,3383000.000000,0.000000,0.000000,0.000000,67700000.000000,71083000.000000,0.316000,71083000.000000,67700000.000000,67700000.000000,0.440000,0.410000,0.440000,1138305000.000000,,1138305000.000000,12689197502.000000,60.000000,56.240000,36898000.000000,0.255000,1.000000,163357000.000000,0.727000,121992000.000000,0.000000,570930000.000000,,0.000000,584283000.000000,584283000.000000,0.000000,258976000.000000,236716000.000000,22260000.000000,-44091000.000000,0.000000,4867000.000000,0.000000,0.000000,4867000.000000,-89360000.000000,-84702000.000000,41556000.000000,-1154000.000000,64085000.000000,64085000.000000,64085000.000000,0.000000,0.000000,0.285000,100263000.000000,63094000.000000,10859000.000000,0.000000,11.597000,66.225000,65.719000,53614000.000000,0.000000,91.350000,16.180000,16.206000,110042000.000000,548046000.000000,224731000.000000,224731000.000000,40001000.000000,,,,,19918000.000000,60262000.000000,1.000000,144509387.000000,144737000.000000,156025000.000000,1.553000,1275289000.000000,3468000.000000,3615000.000000,17235000.000000,8.811000
MRQ,2018-12-31,2019-01-31,2019-01-31,2019-Q4,1032392000.000000,15846582681.000000,2025-03-24,928000.000000,1653766000.000000,,1433414000.000000,220352000.000000,,8.496000,-3252000.000000,550971000.000000,550971000.000000,64526000.000000,71151000.000000,3.574000,0.336000,0.000000,0.000000,0.000000,0.000000,356357000.000000,3594000.000000,0.000000,0.000000,0.000000,68688000.000000,72282000.000000,0.311000,72282000.000000,68688000.000000,68688000.000000,0.490000,0.450000,0.490000,1237749000.000000,,1237749000.000000,15378939681.000000,64.000000,60.855000,28621000.000000,0.196000,1.000000,167797000.000000,0.722000,120325000.000000,0.000000,581448000.000000,,0.000000,539190000.000000,539190000.000000,0.000000,416017000.000000,401022000.000000,14995000.000000,83329000.000000,0.000000,6182000.000000,0.000000,0.000000,6182000.000000,43821000.000000,47073000.000000,31873000.000000,1453000.000000,71151000.000000,71151000.000000,71151000.000000,0.000000,0.000000,0.306000,104799000.000000,62998000.000000,9110000.000000,0.000000,12.803000,68.949000,68.591000,54966000.000000,0.000000,109.060000,18.379000,18.245000,321587000.000000,619197000.000000,232323000.000000,232323000.000000,42759000.000000,,,,,19778000.000000,62040000.000000,1.000000,145301510.000000,145681000.000000,157350000.000000,1.595000,1533441000.000000,5938000.000000,-2463000.000000,10181000.000000,10.526000
MRQ,2019-03-31,2019-04-30,2019-04-30,2020-Q1,1125264000.000000,20480526573.000000,2025-03-24,1188000.000000,1776104000.000000,,1537851000.000000,238253000.000000,,9.100000,-1613000.000000,748158000.000000,748158000.000000,65503000.000000,73449000.000000,3.727000,0.330000,19270000.000000,5835000.000000,13435000.000000,19270000.000000,363943000.000000,5438000.000000,0.000000,0.000000,0.000000,77330000.000000,82768000.000000,0.338000,82768000.000000,77330000.000000,77330000.000000,0.500000,0.470000,0.500000,1335103000.000000,,1335103000.000000,19929555573.000000,74.000000,69.735000,234676000.000000,1.600000,1.000000,179249000.000000,0.732000,118755000.000000,0.000000,515874000.000000,,0.000000,581490000.000000,581490000.000000,0.000000,441001000.000000,412587000.000000,28414000.000000,197187000.000000,0.000000,3391000.000000,-249000.000000,0.000000,3142000.000000,-41542000.000000,-39929000.000000,236289000.000000,-702000.000000,73449000.000000,73449000.000000,73449000.000000,0.000000,0.000000,0.300000,108080000.000000,71169000.000000,8361000.000000,0.000000,15.340000,79.084000,78.579000,70761000.000000,0.000000,139.870000,22.471000,22.514000,187474000.000000,691989000.000000,244752000.000000,244752000.000000,44973000.000000,,,,,20756000.000000,63107000.000000,1.000000,146425442.000000,146708000.000000,157910000.000000,1.668000,1657349000.000000,6494000.000000,3881000.000000,11339000.000000,11.297000
MRQ,2019-06-30,2019-07-31,2019-07-31,2020-Q2,1237897000.000000,24431364201.000000,2025-03-24,-93000.000000,1859853000.000000,,1620838000.000000,239015000.000000,,9.796000,-1378000.000000,827468000.000000,827468000.000000,70218000.000000,79242000.000000,4.233000,0.287000,22247000.000000,6729000.000000,15518000.000000,22247000.000000,329053000.000000,5561000.000000,0.000000,0.000000,0.000000,81188000.000000,86749000.000000,0.325000,86749000.000000,81188000.000000,81188000.000000,0.540000,0.500000,0.540000,1445017000.000000,,1445017000.000000,23702476201.000000,80.000000,75.755000,99095000.000000,0.672000,1.000000,196682000.000000,0.737000,117242000.000000,0.000000,554449000.000000,,0.000000,604688000.000000,604688000.000000,0.000000,414836000.000000,382941000.000000,31895000.000000,79311000.000000,0.000000,3620000.000000,-239000.000000,0.000000,3381000.000000,-22801000.000000,-21423000.000000,100473000.000000,-1742000.000000,79242000.000000,79242000.000000,79242000.000000,0.000000,0.000000,0.297000,122826000.000000,73856000.000000,8613000.000000,0.000000,16.907000,84.853000,84.213000,73274000.000000,0.000000,165.900000,25.221000,25.262000,166847000.000000,771231000.000000,266900000.000000,266900000.000000,51146000.000000,,,,,28370000.000000,71680000.000000,1.000000,147265607.000000,147510000.000000,158675000.000000,1.809000,1742611000.000000,6499000.000000,1946000.000000,13685000.000000,11.814000
MRQ,2019-09-30,2019-10-31,2019-10-31,2020-Q3,1351224000.000000,20988701629.000000,2025-03-24,173000.000000,1900441000.000000,,1658121000.000000,242320000.000000,,10.520000,-1237000.000000,892581000.000000,892581000.000000,73329000.000000,82245000.000000,5.403000,0.219000,27312000.000000,7430000.000000,19882000.000000,27312000.000000,250674000.000000,5643000.000000,0.000000,0.000000,0.000000,89941000.000000,95584000.000000,0.340000,95584000.000000,89941000.000000,89941000.000000,0.560000,0.520000,0.560000,1558565000.000000,,1558565000.000000,20183480629.000000,64.000000,59.824000,60267000.000000,0.407000,1.000000,207592000.000000,0.739000,115752000.000000,0.000000,612523000.000000,,0.000000,602407000.000000,602407000.000000,0.000000,341876000.000000,306897000.000000,34979000.000000,65112000.000000,0.000000,1607000.000000,-241000.000000,0.000000,1366000.000000,2729000.000000,3966000.000000,61504000.000000,-487000.000000,82245000.000000,82245000.000000,82245000.000000,0.000000,0.000000,0.293000,126792000.000000,80800000.000000,9914000.000000,0.000000,13.467000,68.571000,67.861000,77345000.000000,0.000000,141.830000,20.479000,20.503000,147773000.000000,853476000.000000,280921000.000000,280921000.000000,52575000.000000,,,,,29321000.000000,74217000.000000,1.000000,147984923.000000,148157000.000000,158750000.000000,1.896000,1784689000.000000,6455000.000000,7696000.000000,16237000.000000,12.046000
MRQ,2019-12-31,2020-01-31,2020-01-31,2020-Q4,979952000.000000,21784294328.000000,2025-03-24,460000.000000,2271777000.000000,,1531124000.000000,740653000.000000,,11.195000,-93000.000000,476733000.000000,476733000.000000,94319000.000000,66182000.000000,2.778000,0.364000,54828000.000000,10013000.000000,44815000.000000,54828000.000000,468887000.000000,11183000.000000,0.000000,0.000000,0.000000,65238000.000000,76421000.000000,0.245000,76421000.000000,65238000.000000,65238000.000000,0.450000,0.410000,0.450000,1665594000.000000,,1665594000.000000,20919025328.000000,67.000000,61.252000,39016000.000000,0.262000,1.000000,217189000.000000,0.697000,573130000.000000,0.000000,725570000.000000,,0.000000,610015000.000000,610015000.000000,0.000000,606183000.000000,551172000.000000,55011000.000000,-413991000.000000,-448162000.000000,2376000.000000,-255000.000000,0.000000,2121000.000000,-455296000.000000,-7041000.000000,39109000.000000,75000.000000,66182000.000000,66182000.000000,66182000.000000,0.000000,0.000000,0.212000,156795000.000000,60394000.000000,19420000.000000,0.000000,13.079000,72.345000,71.868000,103884000.000000,0.000000,146.610000,19.731000,19.626000,422507000.000000,919658000.000000,311508000.000000,311508000.000000,61201000.000000,,,,,37459000.000000,95594000.000000,1.000000,148586688.000000,148783000.000000,158812000.000000,2.094000,1698647000.000000,11870000.000000,-944000.000000,8030000.000000,11.417000
MRQ,2020-03-31,2020-04-30,2020-04-30,2021-Q1,1124932000.000000,28478144207.000000,2025-03-24,2146000.000000,2404619000.000000,,1675272000.000000,729347000.000000,,12.044000,267000.000000,720776000.000000,720776000.000000,94880000.000000,86570000.000000,3.044000,0.335000,52557000.000000,10127000.000000,42430000.000000,52557000.000000,470262000.000000,10875000.000000,0.000000,0.000000,0.000000,90979000.000000,101854000.000000,0.302000,101854000.000000,90979000.000000,90979000.000000,0.580000,0.540000,0.580000,1801036000.000000,,1801036000.000000,28056239207.000000,86.000000,77.803000,282439000.000000,1.889000,1.000000,242226000.000000,0.719000,567932000.000000,0.000000,618128000.000000,,0.000000,660199000.000000,660199000.000000,0.000000,603583000.000000,550340000.000000,53243000.000000,244044000.000000,0.000000,9781000.000000,-248000.000000,0.000000,9533000.000000,-48209000.000000,-48476000.000000,282172000.000000,548000.000000,86570000.000000,86570000.000000,86570000.000000,0.000000,0.000000,0.257000,154661000.000000,87565000.000000,15041000.000000,0.000000,15.812000,90.626000,89.577000,99809000.000000,0.000000,190.800000,23.803000,23.848000,273192000.000000,1006228000.000000,337106000.000000,337106000.000000,62237000.000000,,,,,36907000.000000,92424000.000000,1.000000,149256521.000000,149541000.000000,159474000.000000,2.254000,1836687000.000000,11701000.000000,4409000.000000,6114000.000000,12.282000
MRQ,2020-06-30,2020-07-31,2020-07-31,2021-Q2,1283950000.000000,39724310038.000000,2025-03-24,6170000.000000,2516409000.000000,,1785432000.000000,730977000.000000,,13.009000,-5407000.000000,795782000.000000,795782000.000000,97204000.000000,93551000.000000,3.560000,0.286000,57305000.000000,11118000.000000,46187000.000000,57305000.000000,421167000.000000,10409000.000000,0.000000,0.000000,0.000000,92962000.000000,103371000.000000,0.292000,103371000.000000,92962000.000000,92962000.000000,0.620000,0.580000,0.620000,1956727000.000000,,1956727000.000000,39056091038.000000,115.000000,103.534000,99913000.000000,0.664000,1.000000,256479000.000000,0.725000,562949000.000000,0.000000,713501000.000000,,0.000000,699707000.000000,699707000.000000,0.000000,559682000.000000,501482000.000000,58200000.000000,73149000.000000,0.000000,9278000.000000,-251000.000000,0.000000,9027000.000000,-43932000.000000,-38525000.000000,105320000.000000,2734000.000000,93551000.000000,93551000.000000,93551000.000000,0.000000,0.000000,0.265000,166398000.000000,90081000.000000,16476000.000000,0.000000,20.301000,120.909000,119.715000,103862000.000000,0.000000,264.570000,30.957000,31.012000,257453000.000000,1099779000.000000,353683000.000000,353683000.000000,70053000.000000,,,,,49366000.000000,96345000.000000,1.000000,150146691.000000,150413000.000000,160840000.000000,2.351000,1953460000.000000,12167000.000000,-589000.000000,4288000.000000,12.987000
MRQ,2020-09-30,2020-10-31,2020-10-31,2021-Q3,1435605000.000000,40730672561.000000,2025-03-24,3502000.000000,2583641000.000000,,1852997000.000000,730644000.000000,,13.950000,-3316000.000000,634265000.000000,634265000.000000,102997000.000000,96959000.000000,4.439000,0.227000,59015000.000000,11050000.000000,47965000.000000,59015000.000000,331166000.000000,10847000.000000,0.000000,0.000000,0.000000,104760000.000000,115607000.000000,0.306000,115607000.000000,104760000.000000,104760000.000000,0.640000,0.600000,0.640000,2106379000.000000,,2106379000.000000,39992195561.000000,113.000000,100.672000,92087000.000000,0.610000,1.000000,274522000.000000,0.727000,555194000.000000,0.000000,1035805000.000000,,0.000000,956167000.000000,956167000.000000,0.000000,477262000.000000,417392000.000000,59870000.000000,-161517000.000000,0.000000,6186000.000000,79000.000000,0.000000,6265000.000000,-262586000.000000,-259270000.000000,95403000.000000,-599000.000000,96959000.000000,96959000.000000,96959000.000000,0.000000,0.000000,0.257000,173217000.000000,101305000.000000,21324000.000000,0.000000,19.337000,118.658000,117.926000,107176000.000000,0.000000,270.050000,29.519000,29.552000,236670000.000000,1196738000.000000,377519000.000000,377519000.000000,79992000.000000,,,,,48973000.000000,93225000.000000,1.000000,150826412.000000,150993000.000000,161711000.000000,2.500000,2028447000.000000,15689000.000000,7801000.000000,3559000.000000,13.434000
MRQ,2020-12-31,2021-01-31,2021-01-31,2021-Q4,1594874000.000000,41871146870.000000,2025-03-24,992000.000000,3046067000.000000,,2310826000.000000,735241000.000000,,14.940000,-227000.000000,730504000.000000,730504000.000000,113847000.000000,102918000.000000,3.228000,0.344000,63118000.000000,11725000.000000,51393000.000000,63118000.000000,616992000.000000,7671000.000000,0.000000,0.000000,0.000000,105292000.000000,112963000.000000,0.285000,112963000.000000,105292000.000000,105292000.000000,0.680000,0.630000,0.680000,2266320000.000000,,2266320000.000000,41295896870.000000,105.000000,95.197000,68124000.000000,0.449000,1.000000,282914000.000000,0.713000,550624000.000000,0.000000,1112105000.000000,,0.000000,933122000.000000,933122000.000000,0.000000,779747000.000000,715952000.000000,63795000.000000,96238000.000000,0.000000,9612000.000000,-619000.000000,0.000000,8993000.000000,21093000.000000,21320000.000000,68351000.000000,-2199000.000000,102918000.000000,102918000.000000,102918000.000000,0.000000,0.000000,0.259000,184071000.000000,98843000.000000,23253000.000000,0.000000,18.475000,110.188000,109.698000,110567000.000000,0.000000,276.440000,28.580000,28.429000,611593000.000000,1299656000.000000,396761000.000000,396761000.000000,81938000.000000,,,,,49755000.000000,102133000.000000,1.000000,151465587.000000,151698000.000000,161377000.000000,2.615000,2495443000.000000,14100000.000000,2374000.000000,4425000.000000,16.450000
MRQ,2021-03-31,2021-04-30,2021-04-30,2022-Q1,1785520000.000000,42995573897.000000,2025-03-24,-2304000.000000,3222149000.000000,,2495066000.000000,727083000.000000,,16.039000,-2656000.000000,1184980000.000000,1184980000.000000,116136000.000000,115567000.000000,3.516000,0.318000,59952000.000000,11280000.000000,48672000.000000,59952000.000000,608673000.000000,9455000.000000,0.000000,0.000000,0.000000,133010000.000000,142465000.000000,0.329000,142465000.000000,133010000.000000,133010000.000000,0.760000,0.710000,0.760000,2444984000.000000,,2444984000.000000,42328187897.000000,97.000000,89.224000,475729000.000000,3.121000,1.000000,317437000.000000,0.732000,546195000.000000,0.000000,841380000.000000,,0.000000,965453000.000000,965453000.000000,0.000000,777165000.000000,709546000.000000,67619000.000000,454476000.000000,0.000000,17091000.000000,-286000.000000,0.000000,16805000.000000,-37949000.000000,-35293000.000000,478385000.000000,-2765000.000000,115567000.000000,115567000.000000,115567000.000000,0.000000,0.000000,0.267000,188991000.000000,128446000.000000,18858000.000000,0.000000,17.585000,105.125000,104.611000,106024000.000000,0.000000,282.450000,27.534000,27.574000,313694000.000000,1415223000.000000,433573000.000000,433573000.000000,83226000.000000,,,,,48489000.000000,105765000.000000,1.000000,152223664.000000,152444000.000000,162213000.000000,2.844000,2675954000.000000,13845000.000000,17443000.000000,12787000.000000,17.554000
MRQ,2021-06-30,2021-07-31,2021-07-31,2022-Q2,1968955000.000000,50877769656.000000,2025-03-24,-2689000.000000,3351383000.000000,,2631792000.000000,719591000.000000,,17.115000,-5325000.000000,1064731000.000000,1064731000.000000,122097000.000000,108858000.000000,3.970000,0.279000,58735000.000000,11105000.000000,47630000.000000,58735000.000000,558720000.000000,9754000.000000,0.000000,0.000000,0.000000,126290000.000000,136044000.000000,0.299000,136044000.000000,126290000.000000,126290000.000000,0.710000,0.670000,0.710000,2620097000.000000,,2620097000.000000,49752741656.000000,106.000000,98.116000,113740000.000000,0.743000,1.000000,333497000.000000,0.732000,544514000.000000,0.000000,1138036000.000000,,0.000000,1198785000.000000,1198785000.000000,0.000000,731286000.000000,662837000.000000,68449000.000000,-118272000.000000,-2133000.000000,20851000.000000,-98000.000000,0.000000,5657000.000000,-242814000.000000,-235356000.000000,119065000.000000,-180000.000000,108858000.000000,108858000.000000,108858000.000000,0.000000,0.000000,0.239000,208873000.000000,124624000.000000,21301000.000000,0.000000,19.418000,119.909000,119.251000,105687000.000000,0.000000,332.710000,30.586000,30.620000,334719000.000000,1524081000.000000,455594000.000000,455594000.000000,94899000.000000,,,,,62385000.000000,113974000.000000,1.000000,152919268.000000,153090000.000000,162765000.000000,2.976000,2806869000.000000,7590000.000000,17432000.000000,10084000.000000,18.335000
MRQ,2021-09-30,2021-10-31,2021-10-31,2022-Q3,2122908000.000000,48634940956.000000,2025-03-24,-5738000.000000,3367486000.000000,,2659795000.000000,707691000.000000,,18.040000,-2314000.000000,1149946000.000000,1149946000.000000,129564000.000000,105869000.000000,4.954000,0.216000,56040000.000000,10803000.000000,45237000.000000,56040000.000000,417755000.000000,9754000.000000,0.000000,0.000000,0.000000,133532000.000000,143286000.000000,0.301000,143286000.000000,133532000.000000,133532000.000000,0.690000,0.650000,0.690000,2769361000.000000,,2769361000.000000,47628944956.000000,96.000000,89.066000,110645000.000000,0.721000,1.000000,346547000.000000,0.728000,539820000.000000,0.000000,1196873000.000000,,0.000000,1201541000.000000,1201541000.000000,0.000000,598125000.000000,536887000.000000,61238000.000000,85215000.000000,0.000000,5368000.000000,0.000000,0.000000,-16046000.000000,-10229000.000000,-7915000.000000,112959000.000000,-1469000.000000,105869000.000000,105869000.000000,105869000.000000,0.000000,0.000000,0.222000,213839000.000000,132708000.000000,25605000.000000,0.000000,17.562000,112.266000,111.623000,103962000.000000,0.000000,317.010000,27.602000,27.619000,279016000.000000,1629950000.000000,476111000.000000,476111000.000000,98635000.000000,,,,,62045000.000000,115204000.000000,1.000000,153417687.000000,153514000.000000,163034000.000000,3.101000,2827666000.000000,4884000.000000,27663000.000000,16418000.000000,18.420000
MRQ,2021-12-31,2022-01-31,2022-01-31,2022-Q4,2266404000.000000,36371382212.000000,2025-03-24,-11958000.000000,3816465000.000000,,3107183000.000000,709282000.000000,,18.914000,-3919000.000000,1138040000.000000,1138040000.000000,135881000.000000,97096000.000000,3.696000,0.311000,54588000.000000,10981000.000000,43607000.000000,54588000.000000,731746000.000000,9930000.000000,0.000000,0.000000,0.000000,119479000.000000,129409000.000000,0.267000,129409000.000000,119479000.000000,119479000.000000,0.630000,0.600000,0.630000,2911637000.000000,,2911637000.000000,35277476212.000000,69.000000,64.001000,50135000.000000,0.326000,1.000000,349618000.000000,0.720000,541817000.000000,0.000000,1350417000.000000,,0.000000,1238064000.000000,1238064000.000000,0.000000,904828000.000000,840779000.000000,64049000.000000,-11905000.000000,-5647000.000000,8228000.000000,0.000000,0.000000,-10556000.000000,-55160000.000000,-45594000.000000,54054000.000000,-243000.000000,97096000.000000,97096000.000000,97096000.000000,0.000000,0.000000,0.200000,229900000.000000,119718000.000000,20348000.000000,0.000000,12.492000,85.101000,84.781000,104135000.000000,0.000000,236.540000,19.652000,19.586000,694400000.000000,1727046000.000000,485499000.000000,485499000.000000,105275000.000000,,,,,61717000.000000,124625000.000000,1.000000,153764193.000000,153944000.000000,161119000.000000,3.154000,3274648000.000000,5097000.000000,22383000.000000,9977000.000000,21.272000
MRQ,2022-03-31,2022-04-30,2022-04-30,2023-Q1,2396435000.000000,28085618776.000000,2025-03-24,-24211000.000000,4011222000.000000,,3275295000.000000,735927000.000000,,19.858000,-2333000.000000,1239998000.000000,1239998000.000000,139515000.000000,100115000.000000,3.727000,0.307000,54068000.000000,11606000.000000,42462000.000000,54068000.000000,723721000.000000,10006000.000000,0.000000,0.000000,0.000000,130381000.000000,140387000.000000,0.278000,140387000.000000,130381000.000000,130381000.000000,0.650000,0.620000,0.650000,3068275000.000000,,3068275000.000000,27002166776.000000,53.000000,49.173000,478694000.000000,3.098000,1.000000,365587000.000000,0.724000,537071000.000000,0.000000,1409361000.000000,,0.000000,1598555000.000000,1598555000.000000,0.000000,942947000.000000,878860000.000000,64087000.000000,101958000.000000,0.000000,16291000.000000,0.000000,0.000000,1292000.000000,-378487000.000000,-376154000.000000,481027000.000000,-1874000.000000,100115000.000000,100115000.000000,100115000.000000,0.000000,0.000000,0.198000,237915000.000000,127672000.000000,25404000.000000,0.000000,9.154000,68.179000,67.892000,102703000.000000,0.000000,181.950000,14.610000,14.625000,391648000.000000,1827161000.000000,505102000.000000,505102000.000000,113475000.000000,,,,,67134000.000000,124440000.000000,1.000000,154358993.000000,154514000.000000,161928000.000000,3.269000,3474151000.000000,40674000.000000,30266000.000000,52709000.000000,22.484000
MRQ,2022-06-30,2022-07-31,2022-07-31,2023-Q2,2556753000.000000,34620693378.000000,2025-03-24,-27335000.000000,4116583000.000000,,3356142000.000000,760441000.000000,,20.935000,-1663000.000000,1140246000.000000,1140246000.000000,151669000.000000,90601000.000000,4.198000,0.269000,63472000.000000,11366000.000000,52106000.000000,63472000.000000,684642000.000000,10248000.000000,0.000000,0.000000,0.000000,109490000.000000,119738000.000000,0.224000,119738000.000000,109490000.000000,109490000.000000,0.580000,0.560000,0.580000,3243931000.000000,,3243931000.000000,33434763378.000000,68.000000,62.751000,91723000.000000,0.592000,1.000000,382549000.000000,0.716000,532165000.000000,0.000000,1708255000.000000,,0.000000,1778861000.000000,1778861000.000000,0.000000,872652000.000000,799389000.000000,73263000.000000,-99752000.000000,0.000000,9250000.000000,0.000000,0.000000,-7884000.000000,-184205000.000000,-182542000.000000,93386000.000000,-1049000.000000,90601000.000000,90601000.000000,90601000.000000,0.000000,0.000000,0.170000,281457000.000000,101092000.000000,30915000.000000,0.000000,10.672000,87.941000,87.678000,110948000.000000,0.000000,223.580000,17.302000,17.314000,390997000.000000,1917762000.000000,534218000.000000,534218000.000000,134008000.000000,,,,,96042000.000000,147449000.000000,1.000000,154847005.000000,154951000.000000,162132000.000000,3.448000,3584418000.000000,62059000.000000,18889000.000000,6800000.000000,23.133000
MRQ,2022-09-30,2022-10-31,2022-10-31,2023-Q3,2696205000.000000,26077960667.000000,2025-03-24,-45642000.000000,4182717000.000000,,3386485000.000000,796232000.000000,,22.001000,-5609000.000000,865159000.000000,865159000.000000,153907000.000000,108457000.000000,4.906000,0.223000,61890000.000000,11665000.000000,50225000.000000,61890000.000000,510098000.000000,10251000.000000,0.000000,0.000000,0.000000,133862000.000000,144113000.000000,0.261000,144113000.000000,133862000.000000,133862000.000000,0.700000,0.670000,0.700000,3418792000.000000,,3418792000.000000,25001186667.000000,51.000000,46.850000,137051000.000000,0.882000,1.000000,398444000.000000,0.721000,527259000.000000,0.000000,2161909000.000000,,0.000000,2157396000.000000,2157396000.000000,0.000000,763925000.000000,690280000.000000,73645000.000000,-275087000.000000,0.000000,4575000.000000,0.000000,0.000000,-10543000.000000,-405729000.000000,-400120000.000000,142660000.000000,-1475000.000000,108457000.000000,108457000.000000,108457000.000000,0.000000,0.000000,0.196000,277040000.000000,121404000.000000,40926000.000000,0.000000,7.628000,65.809000,65.602000,108384000.000000,0.000000,167.940000,12.555000,12.564000,324944000.000000,2026219000.000000,552351000.000000,552351000.000000,130257000.000000,,,,,93187000.000000,146783000.000000,1.000000,155281414.000000,155392000.000000,162295000.000000,3.555000,3655458000.000000,98573000.000000,25405000.000000,56012000.000000,23.524000
MRQ,2022-12-31,2023-01-31,2023-01-31,2023-Q4,2962510000.000000,26552666682.000000,2025-03-24,-31129000.000000,4804296000.000000,,3969313000.000000,834983000.000000,,23.721000,-3907000.000000,886465000.000000,886465000.000000,164314000.000000,188533000.000000,3.942000,0.293000,60976000.000000,11306000.000000,49670000.000000,60976000.000000,869285000.000000,10815000.000000,0.000000,0.000000,0.000000,135363000.000000,146178000.000000,0.259000,146178000.000000,135363000.000000,135363000.000000,1.210000,1.160000,1.210000,3716252000.000000,,3716252000.000000,25749397682.000000,51.000000,46.782000,59490000.000000,0.380000,1.000000,399075000.000000,0.708000,522353000.000000,0.000000,2449651000.000000,,0.000000,2216163000.000000,2216163000.000000,0.000000,1088044000.000000,1006803000.000000,81241000.000000,21306000.000000,0.000000,13538000.000000,0.000000,0.000000,-2241000.000000,-39262000.000000,-35355000.000000,63397000.000000,-588000.000000,188533000.000000,188533000.000000,188533000.000000,0.000000,0.000000,0.335000,290152000.000000,108923000.000000,41678000.000000,0.000000,7.145000,54.444000,54.315000,105153000.000000,0.000000,170.550000,12.321000,12.297000,785229000.000000,2214752000.000000,563389000.000000,563389000.000000,142538000.000000,,,,,95544000.000000,147614000.000000,1.000000,155688459.000000,156666000.000000,163181000.000000,3.596000,4281943000.000000,136697000.000000,-53170000.000000,6438000.000000,27.332000
MRQ,2023-03-31,2023-04-30,2023-04-30,2024-Q1,3181832000.000000,28618138887.000000,2025-03-24,-25759000.000000,5023370000.000000,,4188134000.000000,835236000.000000,,24.667000,-2958000.000000,1093634000.000000,1093634000.000000,166663000.000000,131521000.000000,4.162000,0.274000,58228000.000000,10734000.000000,47494000.000000,58228000.000000,869920000.000000,10609000.000000,0.000000,0.000000,0.000000,91778000.000000,102387000.000000,0.195000,102387000.000000,91778000.000000,91778000.000000,0.820000,0.810000,0.820000,3943063000.000000,,3943063000.000000,27792649887.000000,59.000000,54.238000,502978000.000000,3.147000,1.000000,359662000.000000,0.683000,517608000.000000,0.000000,2464054000.000000,,0.000000,2521268000.000000,2521268000.000000,0.000000,1080307000.000000,1006302000.000000,74005000.000000,207169000.000000,0.000000,15233000.000000,0.000000,0.000000,-1392000.000000,-297394000.000000,-294436000.000000,505936000.000000,19000.000000,131521000.000000,131521000.000000,131521000.000000,0.000000,0.000000,0.250000,298132000.000000,61530000.000000,44404000.000000,0.000000,7.258000,55.129000,54.103000,102237000.000000,0.000000,179.080000,13.150000,13.154000,451010000.000000,2346273000.000000,526325000.000000,526325000.000000,146960000.000000,,,,,90719000.000000,151172000.000000,1.000000,159806449.000000,159852000.000000,162521000.000000,3.293000,4505762000.000000,156375000.000000,-39743000.000000,6024000.000000,28.187000
MRQ,2023-06-30,2023-07-31,2023-07-31,2024-Q2,3359799000.000000,32720918731.000000,2025-03-24,-34383000.000000,5228143000.000000,,4361753000.000000,866390000.000000,,25.890000,-9593000.000000,742607000.000000,742607000.000000,169018000.000000,111628000.000000,4.353000,0.259000,58505000.000000,10652000.000000,47853000.000000,58505000.000000,836500000.000000,11052000.000000,0.000000,0.000000,0.000000,142875000.000000,153927000.000000,0.261000,153927000.000000,142875000.000000,142875000.000000,0.700000,0.680000,0.700000,4152643000.000000,,4152643000.000000,31685512731.000000,63.000000,57.968000,255443000.000000,1.593000,1.000000,421207000.000000,0.714000,512702000.000000,0.000000,3029385000.000000,,0.000000,3126132000.000000,3126132000.000000,0.000000,1075500000.000000,1001954000.000000,73546000.000000,-351027000.000000,0.000000,22995000.000000,0.000000,0.000000,2577000.000000,-618930000.000000,-609337000.000000,265036000.000000,290000.000000,111628000.000000,111628000.000000,111628000.000000,0.000000,0.000000,0.189000,317158000.000000,104049000.000000,49932000.000000,0.000000,7.880000,60.579000,59.539000,107996000.000000,0.000000,204.220000,14.658000,14.674000,416607000.000000,2457901000.000000,590225000.000000,590225000.000000,157228000.000000,,,,,102895000.000000,159930000.000000,1.000000,160223870.000000,160396000.000000,163284000.000000,3.680000,4715441000.000000,184331000.000000,31247000.000000,25426000.000000,29.399000
MRQ,2023-09-30,2023-10-31,2023-10-31,2024-Q3,3567508000.000000,30959925259.000000,2025-03-24,-37538000.000000,5225772000.000000,,4335758000.000000,890014000.000000,,27.243000,-5910000.000000,743712000.000000,743712000.000000,167682000.000000,135158000.000000,5.644000,0.193000,57666000.000000,9640000.000000,48026000.000000,57666000.000000,644463000.000000,11224000.000000,0.000000,0.000000,0.000000,170676000.000000,181900000.000000,0.295000,181900000.000000,170676000.000000,170676000.000000,0.840000,0.830000,0.840000,4379773000.000000,,4379773000.000000,30275823259.000000,56.000000,51.807000,76688000.000000,0.477000,1.000000,448823000.000000,0.728000,507796000.000000,0.000000,3263680000.000000,,0.000000,3198570000.000000,3198570000.000000,0.000000,845999000.000000,768250000.000000,77749000.000000,1103000.000000,0.000000,13956000.000000,0.000000,0.000000,-6889000.000000,-73324000.000000,-67414000.000000,82598000.000000,-1282000.000000,135158000.000000,135158000.000000,135158000.000000,0.000000,0.000000,0.219000,320334000.000000,128489000.000000,36236000.000000,0.000000,7.069000,54.618000,53.980000,105736000.000000,0.000000,192.710000,13.482000,13.491000,300341000.000000,2593059000.000000,616505000.000000,616505000.000000,161278000.000000,,,,,101226000.000000,159056000.000000,1.000000,160655520.000000,160768000.000000,163761000.000000,3.835000,4717976000.000000,218348000.000000,35518000.000000,7705000.000000,29.346000
MRQ,2023-12-31,2024-01-31,2024-01-31,2024-Q4,3824328000.000000,33396255759.000000,2025-03-24,-10637000.000000,5910920000.000000,,5003211000.000000,907709000.000000,,28.833000,-7735000.000000,703487000.000000,703487000.000000,173928000.000000,147398000.000000,4.244000,0.273000,55775000.000000,9334000.000000,46441000.000000,55775000.000000,1049761000.000000,11434000.000000,0.000000,0.000000,0.000000,182693000.000000,194127000.000000,0.308000,194127000.000000,182693000.000000,182693000.000000,0.910000,0.900000,0.910000,4644824000.000000,,4644824000.000000,32710209759.000000,56.000000,51.729000,50034000.000000,0.311000,1.000000,456690000.000000,0.724000,502894000.000000,0.000000,3581431000.000000,,0.000000,3324269000.000000,3324269000.000000,0.000000,1266096000.000000,1178883000.000000,87213000.000000,-40225000.000000,0.000000,10503000.000000,0.000000,0.000000,-10484000.000000,-86703000.000000,-78968000.000000,57769000.000000,-807000.000000,147398000.000000,147398000.000000,147398000.000000,0.000000,0.000000,0.234000,321426000.000000,135264000.000000,31513000.000000,0.000000,7.190000,63.527000,63.428000,104134000.000000,0.000000,207.410000,14.129000,14.087000,888537000.000000,2740457000.000000,630618000.000000,630618000.000000,163565000.000000,,,,,98893000.000000,157861000.000000,1.000000,161015649.000000,161096000.000000,164557000.000000,3.915000,5408026000.000000,233463000.000000,35295000.000000,13914000.000000,33.570000
MRQ,2024-03-31,2024-04-30,2024-04-30,2025-Q1,4021662000.000000,32031023500.000000,2025-03-24,-30646000.000000,6187558000.000000,,5244948000.000000,942610000.000000,,30.290000,-8476000.000000,1197196000.000000,1197196000.000000,173884000.000000,161664000.000000,4.288000,0.266000,55743000.000000,10392000.000000,45351000.000000,55743000.000000,1029455000.000000,11282000.000000,0.000000,0.000000,0.000000,206901000.000000,218183000.000000,0.335000,218183000.000000,206901000.000000,206901000.000000,1.000000,0.980000,1.000000,4889381000.000000,,4889381000.000000,31383311500.000000,45.000000,41.949000,755040000.000000,4.677000,1.000000,476461000.000000,0.733000,498108000.000000,0.000000,3324711000.000000,,0.000000,3567841000.000000,3567841000.000000,0.000000,1298177000.000000,1223286000.000000,74891000.000000,493709000.000000,0.000000,28434000.000000,0.000000,0.000000,3828000.000000,-272378000.000000,-263902000.000000,763516000.000000,-1257000.000000,161664000.000000,161664000.000000,161664000.000000,0.000000,0.000000,0.249000,321289000.000000,155172000.000000,31930000.000000,0.000000,6.551000,57.626000,57.554000,102625000.000000,0.000000,198.560000,12.876000,12.884000,401091000.000000,2902121000.000000,650345000.000000,650345000.000000,162711000.000000,,,,,95911000.000000,158578000.000000,1.000000,161316597.000000,161421000.000000,164394000.000000,4.029000,5689450000.000000,266060000.000000,45237000.000000,72272000.000000,35.246000
MRQ,2024-06-30,2024-07-31,2024-07-31,2025-Q2,4297405000.000000,31025813276.000000,2025-03-24,-5575000.000000,6330837000.000000,,5367843000.000000,962994000.000000,,32.062000,-3052000.000000,1165754000.000000,1165754000.000000,170372000.000000,171041000.000000,5.015000,0.221000,54094000.000000,10182000.000000,43912000.000000,54094000.000000,956381000.000000,13745000.000000,0.000000,0.000000,0.000000,225060000.000000,238805000.000000,0.353000,238805000.000000,225060000.000000,225060000.000000,1.060000,1.040000,1.060000,5184698000.000000,,5184698000.000000,29884360276.000000,38.000000,35.875000,89822000.000000,0.555000,1.000000,505809000.000000,0.748000,493216000.000000,0.000000,3655523000.000000,,0.000000,3719324000.000000,3719324000.000000,0.000000,1146139000.000000,1070438000.000000,75701000.000000,-32447000.000000,0.000000,6400000.000000,0.000000,0.000000,-11484000.000000,-113842000.000000,-110790000.000000,92874000.000000,5000.000000,171041000.000000,171041000.000000,171041000.000000,0.000000,0.000000,0.253000,339322000.000000,166487000.000000,28307000.000000,0.000000,5.984000,50.427000,50.375000,99831000.000000,0.000000,191.930000,12.055000,12.059000,404151000.000000,3073162000.000000,676181000.000000,676181000.000000,176429000.000000,,,,,108376000.000000,162893000.000000,1.000000,161651713.000000,161708000.000000,164564000.000000,4.181000,5837621000.000000,291044000.000000,54019000.000000,6207000.000000,36.100000
MRQ,2024-09-30,2024-10-31,2024-10-31,2025-Q3,4590159000.000000,33816637542.000000,2025-03-24,-6459000.000000,6452853000.000000,,5447160000.000000,1005693000.000000,,33.962000,-4271000.000000,1044511000.000000,1044511000.000000,174389000.000000,185808000.000000,6.356000,0.173000,71701000.000000,9156000.000000,62545000.000000,71701000.000000,739657000.000000,12772000.000000,0.000000,0.000000,0.000000,242290000.000000,255062000.000000,0.365000,255062000.000000,242290000.000000,242290000.000000,1.150000,1.130000,1.150000,5501403000.000000,,5501403000.000000,32704977542.000000,38.000000,36.091000,159846000.000000,0.987000,1.000000,524818000.000000,0.751000,488404000.000000,0.000000,4134638000.000000,,0.000000,4018475000.000000,4018475000.000000,0.000000,951450000.000000,857001000.000000,94449000.000000,-121243000.000000,0.000000,30270000.000000,0.000000,0.000000,12960000.000000,-298226000.000000,-293955000.000000,164117000.000000,-94000.000000,185808000.000000,185808000.000000,185808000.000000,0.000000,0.000000,0.266000,343465000.000000,181353000.000000,31845000.000000,0.000000,6.147000,50.783000,50.687000,116020000.000000,0.000000,208.830000,12.730000,12.735000,301289000.000000,3258970000.000000,699207000.000000,699207000.000000,172411000.000000,,,,,117859000.000000,171054000.000000,1.000000,161933810.000000,161987000.000000,164979000.000000,4.316000,5964449000.000000,322652000.000000,56482000.000000,11278000.000000,36.821000
MRQ,2024-12-31,2025-01-31,2025-01-31,2025-Q4,4910398000.000000,37869843341.000000,2025-03-24,-8416000.000000,7339756000.000000,,6308802000.000000,1030954000.000000,,35.915000,-4720000.000000,1118785000.000000,1118785000.000000,180991000.000000,195625000.000000,4.511000,0.258000,75775000.000000,9969000.000000,65806000.000000,75775000.000000,1273978000.000000,13131000.000000,0.000000,0.000000,0.000000,245130000.000000,258261000.000000,0.358000,258261000.000000,245130000.000000,245130000.000000,1.200000,1.170000,1.200000,5832373000.000000,,5832373000.000000,36897033341.000000,40.000000,38.026000,64824000.000000,0.399000,1.000000,539895000.000000,0.749000,484337000.000000,0.000000,4414005000.000000,,0.000000,4031442000.000000,4031442000.000000,0.000000,1507383000.000000,1398404000.000000,108979000.000000,74274000.000000,0.000000,40434000.000000,0.000000,0.000000,20811000.000000,-15692000.000000,-10972000.000000,69544000.000000,-389000.000000,195625000.000000,195625000.000000,195625000.000000,0.000000,0.000000,0.271000,351472000.000000,188423000.000000,30447000.000000,0.000000,6.493000,53.029000,52.893000,119775000.000000,0.000000,233.260000,13.788000,13.748000,1057117000.000000,3454595000.000000,720886000.000000,720886000.000000,181527000.000000,,,,,115204000.000000,169945000.000000,1.000000,162350353.000000,162395000.000000,166414000.000000,4.439000,6855419000.000000,343919000.000000,49505000.000000,9611000.000000,42.214000
MRT,2010-12-31,2011-01-31,2011-01-31,2011-Q4,,,2025-03-24,,,,,,,,-582000.000000,,,12317000.000000,3909000.000000,,,,,,,,219000.000000,,,0.000000,1783000.000000,2002000.000000,0.069000,2002000.000000,1783000.000000,1783000.000000,0.030000,0.020000,0.030000,,,,,,,4321000.000000,0.328000,1.000000,16812000.000000,0.577000,,0.000000,,,,,,,,,,5133000.000000,0.000000,887000.000000,0.000000,0.000000,887000.000000,-657000.000000,0.000000,4903000.000000,0.000000,428000.000000,428000.000000,428000.000000,0.000000,3481000.000000,0.015000,11721000.000000,5091000.000000,,0.000000,,,,,0.000000,,,,,,29129000.000000,29129000.000000,3637000.000000,,,,0.061000,169000.000000,8084000.000000,1.000000,,13156000.000000,20154000.000000,2.214000,,,1355000.000000,,
MRT,2011-12-31,2012-01-31,2012-01-31,2012-Q4,13456000.000000,,2025-03-24,0.000000,41414000.000000,,39664000.000000,1750000.000000,,0.799000,-1193000.000000,16880000.000000,16880000.000000,29056000.000000,4230000.000000,1.513000,1.937000,0.000000,0.000000,0.000000,0.000000,17925000.000000,407000.000000,0.000000,,0.000000,3022000.000000,3429000.000000,0.056000,3429000.000000,3022000.000000,3022000.000000,0.030000,0.020000,0.030000,14103000.000000,,14103000.000000,,,,3543000.000000,0.201000,1.000000,32206000.000000,0.526000,590000.000000,0.000000,-2264000.000000,,0.000000,250000.000000,250000.000000,0.000000,27311000.000000,26208000.000000,1103000.000000,3102000.000000,0.000000,49000.000000,0.000000,0.000000,49000.000000,-1683000.000000,-250000.000000,4736000.000000,0.000000,599000.000000,599000.000000,599000.000000,0.000000,3631000.000000,0.010000,25568000.000000,6638000.000000,1513000.000000,0.000000,,,,824000.000000,0.000000,,,,20567000.000000,6144000.000000,61262000.000000,61262000.000000,7750000.000000,,,,0.049000,434000.000000,17818000.000000,1.000000,,17655000.000000,24776000.000000,3.470000,40824000.000000,1563000.000000,2423000.000000,422000.000000,2.312000
MRT,2012-09-30,2012-10-31,2012-10-31,2013-Q3,,,2025-03-24,,,,,,,,,,,,,,,,,,,,,,,0.000000,,,,,,,,,,,,,,,,,,1.000000,,,,,,,,,,,,,,,,,,,,,,,,,,,,,,,,,,,,,,,,,,,,,,,,,,,,,1.000000,,20743000.000000,,,,,,,
MRT,2012-12-31,2013-01-31,2013-01-31,2013-Q4,32601000.000000,,2025-03-24,5000.000000,89820000.000000,65617000.000000,86890000.000000,2930000.000000,1.974000,1.626000,-1554000.000000,31890000.000000,31890000.000000,57016000.000000,18783000.000000,1.601000,1.644000,0.000000,0.000000,0.000000,0.000000,38785000.000000,789000.000000,0.000000,,0.000000,13790000.000000,14579000.000000,0.113000,14579000.000000,13790000.000000,13790000.000000,0.170000,0.110000,0.170000,33966000.000000,24034500.000000,33966000.000000,,,,29245000.000000,1.400000,1.000000,72532000.000000,0.560000,880000.000000,0.000000,2761000.000000,248500.000000,0.000000,14529000.000000,14529000.000000,0.000000,55854000.000000,54289000.000000,1565000.000000,15010000.000000,0.000000,575000.000000,0.000000,0.000000,575000.000000,-16364000.000000,-14375000.000000,30799000.000000,0.000000,3480000.000000,3480000.000000,3480000.000000,0.000000,15303000.000000,0.027000,42499000.000000,30033000.000000,3340000.000000,0.000000,,,,1379000.000000,0.000000,,,,37094000.000000,24927000.000000,129548000.000000,129548000.000000,14638000.000000,0.053000,0.145000,55.493000,0.106000,715000.000000,27861000.000000,1.000000,,20887000.000000,30599000.000000,6.202000,88940000.000000,2280000.000000,10310000.000000,5624000.000000,4.258000
MRT,2013-03-31,2013-04-30,2013-04-30,2014-Q1,,,2025-03-24,,,,,,,,,,,,,,,,,,,,,,,0.000000,,,,,,,,,,,,,,,,,,1.000000,,,,,,,,,,,,,,,,,,,,,,,,,,,,,,,,,,,,,,,,,,,,,,,,,,,,,1.000000,,21610000.000000,,,,,,,
MRT,2013-06-30,2013-07-31,2013-07-31,2014-Q2,35056000.000000,,2025-03-24,3000.000000,112620000.000000,,96279000.000000,16341000.000000,,1.941000,-2161000.000000,38608000.000000,38608000.000000,69469000.000000,22276000.000000,1.573000,1.376000,0.000000,0.000000,0.000000,0.000000,48260000.000000,1205000.000000,0.000000,,0.000000,17200000.000000,18405000.000000,0.110000,18405000.000000,17200000.000000,17200000.000000,0.190000,0.120000,0.190000,47400000.000000,,47400000.000000,,,,34803000.000000,1.425000,1.000000,98484000.000000,0.586000,13056000.000000,0.000000,-267000.000000,,0.000000,14267000.000000,14267000.000000,0.000000,65220000.000000,61223000.000000,3997000.000000,8449000.000000,-12149000.000000,223000.000000,0.000000,0.000000,223000.000000,-28738000.000000,-14291000.000000,36964000.000000,0.000000,4412000.000000,4412000.000000,4412000.000000,0.000000,17864000.000000,0.026000,62327000.000000,36157000.000000,1325000.000000,0.000000,,,,2146000.000000,0.000000,,,,38883000.000000,35770000.000000,167953000.000000,167953000.000000,20181000.000000,,,,0.102000,2356000.000000,42146000.000000,1.000000,122252440.000000,24418000.000000,37038000.000000,6.878000,99564000.000000,1781000.000000,12788000.000000,2743000.000000,4.077000
MRT,2013-09-30,2013-10-31,2013-10-31,2014-Q3,258195000.000000,4756842440.000000,2025-03-24,11000.000000,345289000.000000,,328448000.000000,16841000.000000,,7.560000,-2822000.000000,257141000.000000,257141000.000000,75005000.000000,23052000.000000,4.675000,0.276000,0.000000,0.000000,0.000000,0.000000,53514000.000000,1805000.000000,0.000000,0.000000,0.000000,18953000.000000,20758000.000000,0.111000,20758000.000000,18953000.000000,18953000.000000,0.210000,0.140000,0.210000,270646000.000000,,270646000.000000,4718234440.000000,249.000000,227.297000,29693000.000000,0.829000,1.000000,112131000.000000,0.599000,13302000.000000,0.000000,4593000.000000,,0.000000,16242000.000000,16242000.000000,0.000000,74643000.000000,70253000.000000,4390000.000000,227503000.000000,-12149000.000000,216505000.000000,0.000000,0.000000,216505000.000000,-21517000.000000,-6468000.000000,32515000.000000,0.000000,5689000.000000,5689000.000000,5689000.000000,0.000000,17363000.000000,0.030000,74773000.000000,37358000.000000,2436000.000000,0.000000,17.576000,836.147000,185.286000,2319000.000000,0.000000,38.910000,25.419000,7.444000,48603000.000000,42295000.000000,187136000.000000,187136000.000000,23161000.000000,,,,0.101000,4261000.000000,51612000.000000,1.000000,122252440.000000,35802000.000000,131963000.000000,5.227000,331987000.000000,1827000.000000,13264000.000000,2703000.000000,9.273000
MRT,2013-12-31,2014-01-31,2014-01-31,2014-Q4,267115000.000000,3961250522.000000,2025-03-24,19000.000000,370308000.000000,230064000.000000,353732000.000000,16576000.000000,0.913000,5.415000,-2977000.000000,262507000.000000,262507000.000000,82602000.000000,23615000.000000,4.084000,0.322000,0.000000,0.000000,0.000000,0.000000,67380000.000000,2410000.000000,0.000000,0.000000,0.000000,25290000.000000,27700000.000000,0.132000,27700000.000000,25290000.000000,25290000.000000,0.200000,0.150000,0.200000,280096000.000000,157031000.000000,280096000.000000,3704109522.000000,146.000000,133.722000,38776000.000000,0.750000,1.000000,127549000.000000,0.607000,12986000.000000,0.000000,8198000.000000,5479500.000000,0.000000,25625000.000000,25625000.000000,0.000000,90212000.000000,86617000.000000,3595000.000000,230617000.000000,-12149000.000000,215266000.000000,0.000000,0.000000,215440000.000000,-26576000.000000,-11450000.000000,41753000.000000,0.000000,10405000.000000,10405000.000000,10405000.000000,0.000000,13210000.000000,0.050000,88245000.000000,39304000.000000,2117000.000000,0.000000,14.142000,380.706000,158.950000,2445000.000000,0.000000,31.790000,18.850000,7.825000,58433000.000000,48542000.000000,210151000.000000,210151000.000000,26327000.000000,0.045000,0.066000,4.615000,0.120000,6950000.000000,61918000.000000,1.000000,124606811.000000,51725000.000000,68024000.000000,4.063000,357322000.000000,2075000.000000,14885000.000000,439000.000000,6.908000
MRT,2014-03-31,2014-04-30,2014-04-30,2015-Q1,317551000.000000,2397952027.000000,2025-03-24,31000.000000,435124000.000000,315835250.000000,418782000.000000,16342000.000000,0.741000,2.666000,-3279000.000000,188888000.000000,188888000.000000,90843000.000000,25991000.000000,4.137000,0.317000,0.000000,0.000000,0.000000,0.000000,74872000.000000,3073000.000000,0.000000,0.000000,0.000000,33896000.000000,36969000.000000,0.158000,36969000.000000,33896000.000000,33896000.000000,0.220000,0.150000,0.220000,330286000.000000,232107000.000000,330286000.000000,2135445027.000000,63.000000,57.763000,43581000.000000,0.352000,1.000000,143241000.000000,0.612000,12636000.000000,0.000000,132369000.000000,36223250.000000,0.000000,156608000.000000,156608000.000000,0.000000,104838000.000000,101231000.000000,3607000.000000,144534000.000000,-12149000.000000,250671000.000000,0.000000,0.000000,255224000.000000,-157514000.000000,-142295000.000000,46860000.000000,-36000.000000,16534000.000000,16534000.000000,16534000.000000,0.000000,9457000.000000,0.071000,99553000.000000,43688000.000000,3098000.000000,0.000000,7.260000,145.032000,87.318000,2494000.000000,0.000000,19.210000,10.244000,10.168000,61217000.000000,55763000.000000,234084000.000000,234084000.000000,29792000.000000,0.052000,0.071000,0.936000,0.145000,9471000.000000,69761000.000000,1.000000,124828320.000000,123902000.000000,142849000.000000,1.889000,422488000.000000,6569000.000000,17362000.000000,2564000.000000,3.410000
MRT,2014-06-30,2014-07-31,2014-07-31,2015-Q2,319748000.000000,3041599730.000000,2025-03-24,-106000.000000,464241000.000000,403740500.000000,423005000.000000,41236000.000000,0.644000,2.807000,-27085000.000000,140116000.000000,140116000.000000,99836000.000000,29571000.000000,4.097000,0.299000,0.000000,0.000000,0.000000,0.000000,85303000.000000,3553000.000000,0.000000,0.000000,0.000000,45442000.000000,48995000.000000,0.188000,48995000.000000,45442000.000000,45442000.000000,0.240000,0.190000,0.240000,357387000.000000,309603750.000000,357387000.000000,2852711730.000000,63.000000,58.225000,29145000.000000,0.229000,1.000000,160331000.000000,0.616000,12005000.000000,0.000000,208863000.000000,88505750.000000,0.000000,210086000.000000,210086000.000000,0.000000,106854000.000000,103257000.000000,3597000.000000,101508000.000000,0.000000,258009000.000000,0.000000,0.000000,269216000.000000,-223881000.000000,-196794000.000000,56230000.000000,-57000.000000,24749000.000000,24749000.000000,24749000.000000,0.000000,4822000.000000,0.095000,109696000.000000,50635000.000000,1798000.000000,0.000000,8.511000,122.898000,99.167000,27025000.000000,0.000000,23.800000,11.691000,11.647000,61897000.000000,65341000.000000,260167000.000000,260167000.000000,33222000.000000,0.061000,0.080000,0.513000,0.175000,11656000.000000,76474000.000000,1.000000,127798308.000000,127314000.000000,143353000.000000,2.044000,452236000.000000,6915000.000000,20693000.000000,2630000.000000,3.552000
MRT,2014-09-30,2014-10-31,2014-10-31,2015-Q3,341756000.000000,3866568165.000000,2025-03-24,-24000.000000,492553000.000000,440556500.000000,449516000.000000,43037000.000000,0.656000,2.950000,-26776000.000000,132135000.000000,132135000.000000,108860000.000000,33304000.000000,4.171000,0.292000,0.000000,0.000000,0.000000,0.000000,84668000.000000,3801000.000000,0.000000,0.000000,0.000000,58410000.000000,62211000.000000,0.215000,62211000.000000,58410000.000000,58410000.000000,0.250000,0.210000,0.250000,381207000.000000,337244000.000000,381207000.000000,3726452165.000000,64.000000,59.900000,58443000.000000,0.452000,1.000000,180153000.000000,0.623000,11465000.000000,0.000000,241193000.000000,147655750.000000,0.000000,260731000.000000,260731000.000000,0.000000,111346000.000000,107760000.000000,3586000.000000,-125006000.000000,0.000000,43595000.000000,0.000000,0.000000,62500000.000000,-272653000.000000,-245888000.000000,85219000.000000,-72000.000000,32608000.000000,32608000.000000,32608000.000000,0.000000,696000.000000,0.113000,119562000.000000,60591000.000000,2147000.000000,0.000000,10.143000,118.577000,119.120000,27613000.000000,0.000000,29.780000,13.379000,13.314000,45241000.000000,75599000.000000,289013000.000000,289013000.000000,37272000.000000,0.074000,0.097000,0.396000,0.202000,13155000.000000,82290000.000000,1.000000,129837749.000000,129212000.000000,144289000.000000,2.237000,481088000.000000,6885000.000000,25802000.000000,3293000.000000,3.723000
MRT,2014-12-31,2015-01-31,2015-01-31,2015-Q4,366314000.000000,3755911596.000000,2025-03-24,26000.000000,544890000.000000,484202000.000000,501837000.000000,43053000.000000,0.647000,3.186000,-26944000.000000,129253000.000000,129253000.000000,115658000.000000,40383000.000000,3.703000,0.339000,0.000000,0.000000,0.000000,0.000000,112960000.000000,3929000.000000,0.000000,0.000000,0.000000,66941000.000000,70870000.000000,0.226000,70870000.000000,66941000.000000,66941000.000000,0.310000,0.280000,0.310000,406833000.000000,368928250.000000,406833000.000000,3623776596.000000,54.000000,51.133000,40630000.000000,0.318000,1.000000,197564000.000000,0.631000,10994000.000000,0.000000,269120000.000000,212886250.000000,0.000000,268620000.000000,268620000.000000,0.000000,138057000.000000,135523000.000000,2534000.000000,-133254000.000000,0.000000,45936000.000000,0.000000,0.000000,71262000.000000,-272018000.000000,-245095000.000000,67574000.000000,-72000.000000,40138000.000000,40138000.000000,40138000.000000,0.000000,245000.000000,0.128000,127598000.000000,69966000.000000,3886000.000000,0.000000,9.232000,93.575000,92.774000,28203000.000000,0.000000,28.760000,11.991000,11.727000,92661000.000000,88925000.000000,313222000.000000,313222000.000000,41156000.000000,0.083000,0.109000,0.314000,0.214000,14325000.000000,86442000.000000,1.000000,130594979.000000,127713000.000000,144204000.000000,2.453000,533896000.000000,4815000.000000,26803000.000000,3411000.000000,4.180000
MRT,2015-03-31,2015-04-30,2015-04-30,2016-Q1,372632000.000000,3490578202.000000,2025-03-24,15000.000000,568663000.000000,517586750.000000,509775000.000000,58888000.000000,0.650000,3.270000,-31157000.000000,107561000.000000,107561000.000000,121693000.000000,46144000.000000,3.717000,0.326000,0.000000,0.000000,0.000000,0.000000,111276000.000000,4023000.000000,0.000000,0.000000,0.000000,76142000.000000,80165000.000000,0.238000,80165000.000000,76142000.000000,76142000.000000,0.350000,0.320000,0.350000,428950000.000000,393594250.000000,428950000.000000,3361325202.000000,44.000000,41.930000,60078000.000000,0.458000,1.000000,214731000.000000,0.638000,19940000.000000,0.000000,304019000.000000,255798750.000000,0.000000,320947000.000000,320947000.000000,0.000000,139713000.000000,137143000.000000,2570000.000000,-81327000.000000,-9987000.000000,11427000.000000,0.000000,0.000000,35539000.000000,-208058000.000000,-166939000.000000,91235000.000000,-43000.000000,45939000.000000,45939000.000000,45939000.000000,0.000000,205000.000000,0.137000,136397000.000000,78334000.000000,5288000.000000,0.000000,8.137000,75.983000,75.857000,35173000.000000,0.000000,26.550000,10.376000,10.351000,70217000.000000,101907000.000000,336424000.000000,336424000.000000,45121000.000000,0.089000,0.117000,0.298000,0.226000,15868000.000000,91276000.000000,1.000000,131471872.000000,131163000.000000,144734000.000000,2.565000,548723000.000000,4815000.000000,30203000.000000,5823000.000000,4.184000
MRT,2015-06-30,2015-07-31,2015-07-31,2016-Q2,388348000.000000,3546519272.000000,2025-03-24,-20000.000000,591632000.000000,549434500.000000,522750000.000000,68882000.000000,0.653000,3.442000,-16128000.000000,119776000.000000,119776000.000000,127030000.000000,49972000.000000,3.889000,0.304000,0.000000,0.000000,0.000000,0.000000,109518000.000000,4376000.000000,0.000000,0.000000,0.000000,81438000.000000,85814000.000000,0.239000,85814000.000000,81438000.000000,81438000.000000,0.380000,0.340000,0.380000,453637000.000000,417656750.000000,453637000.000000,3438958272.000000,42.000000,40.075000,73681000.000000,0.559000,1.000000,231837000.000000,0.646000,19385000.000000,0.000000,318069000.000000,283100250.000000,0.000000,318191000.000000,318191000.000000,0.000000,137995000.000000,134402000.000000,3593000.000000,-20340000.000000,-9994000.000000,6058000.000000,0.000000,0.000000,27496000.000000,-137663000.000000,-110996000.000000,89809000.000000,18000.000000,49839000.000000,49839000.000000,49839000.000000,0.000000,133000.000000,0.139000,147935000.000000,83902000.000000,3891000.000000,0.000000,7.818000,71.160000,70.842000,44425000.000000,0.000000,26.920000,9.883000,9.887000,67977000.000000,115313000.000000,358867000.000000,358867000.000000,50589000.000000,0.091000,0.119000,0.288000,0.227000,18079000.000000,97346000.000000,1.000000,131742915.000000,131799000.000000,144871000.000000,2.723000,572247000.000000,4815000.000000,31599000.000000,2510000.000000,4.342000
MRT,2015-09-30,2015-10-31,2015-10-31,2016-Q3,290955000.000000,3359330343.000000,2025-03-24,25000.000000,625033000.000000,582554500.000000,427338000.000000,197695000.000000,0.656000,3.580000,-19813000.000000,108594000.000000,108594000.000000,133626000.000000,50196000.000000,3.133000,0.319000,0.000000,0.000000,0.000000,0.000000,102053000.000000,5835000.000000,0.000000,0.000000,0.000000,82747000.000000,88582000.000000,0.232000,88582000.000000,82747000.000000,82747000.000000,0.380000,0.340000,0.380000,473978000.000000,440849500.000000,473978000.000000,3239554343.000000,39.000000,36.571000,55475000.000000,0.419000,1.000000,248337000.000000,0.650000,144883000.000000,0.000000,235173000.000000,281595250.000000,0.000000,230874000.000000,230874000.000000,0.000000,151055000.000000,136383000.000000,14672000.000000,-23541000.000000,-126183000.000000,5324000.000000,0.000000,0.000000,20881000.000000,-119796000.000000,26753000.000000,75288000.000000,86000.000000,50114000.000000,50114000.000000,50114000.000000,0.000000,82000.000000,0.131000,164276000.000000,84061000.000000,7211000.000000,0.000000,7.088000,67.034000,66.763000,47434000.000000,0.000000,25.370000,8.795000,8.795000,75301000.000000,125795000.000000,381963000.000000,381963000.000000,57621000.000000,0.086000,0.114000,0.294000,0.217000,21185000.000000,106655000.000000,1.000000,132413494.000000,132413000.000000,145063000.000000,2.885000,480150000.000000,5124000.000000,32633000.000000,17326000.000000,3.626000
MRT,2015-12-31,2016-01-31,2016-01-31,2016-Q4,314685000.000000,3205193406.000000,2025-03-24,172000.000000,705799000.000000,622781750.000000,500964000.000000,204835000.000000,0.657000,3.827000,-21584000.000000,132179000.000000,132179000.000000,142214000.000000,54460000.000000,2.689000,0.397000,0.000000,0.000000,0.000000,0.000000,157419000.000000,8464000.000000,0.000000,0.000000,0.000000,78570000.000000,87034000.000000,0.213000,87034000.000000,78570000.000000,78570000.000000,0.410000,0.380000,0.410000,505249000.000000,465453500.000000,505249000.000000,3096599406.000000,39.000000,35.579000,58570000.000000,0.444000,1.000000,267007000.000000,0.652000,143304000.000000,0.000000,244037000.000000,275324500.000000,0.000000,214024000.000000,214024000.000000,0.000000,200550000.000000,186279000.000000,14271000.000000,2926000.000000,-126183000.000000,5885000.000000,0.000000,0.000000,19406000.000000,-96683000.000000,51611000.000000,80154000.000000,49000.000000,54413000.000000,54413000.000000,54413000.000000,0.000000,47000.000000,0.133000,188418000.000000,78589000.000000,4600000.000000,0.000000,6.344000,58.905000,58.780000,47469000.000000,0.000000,24.100000,7.832000,7.775000,144798000.000000,143385000.000000,409221000.000000,409221000.000000,65976000.000000,0.087000,0.117000,0.285000,0.192000,24258000.000000,122442000.000000,1.000000,132995577.000000,132020000.000000,144977000.000000,3.100000,562495000.000000,9359000.000000,24157000.000000,11372000.000000,4.261000
MRT,2016-03-31,2016-04-30,2016-04-30,2017-Q1,341276000.000000,3690546031.000000,2025-03-24,459000.000000,751792000.000000,668564000.000000,548374000.000000,203418000.000000,0.657000,3.959000,-19049000.000000,245942000.000000,245942000.000000,151320000.000000,53987000.000000,2.648000,0.417000,0.000000,0.000000,0.000000,0.000000,180776000.000000,10845000.000000,0.000000,0.000000,0.000000,77444000.000000,88289000.000000,0.201000,88289000.000000,77444000.000000,77444000.000000,0.400000,0.380000,0.400000,530546000.000000,490852500.000000,530546000.000000,3558367031.000000,46.000000,40.304000,128674000.000000,0.960000,1.000000,287742000.000000,0.655000,142219000.000000,0.000000,156533000.000000,238453000.000000,0.000000,211493000.000000,211493000.000000,0.000000,221246000.000000,207098000.000000,14148000.000000,138381000.000000,-116196000.000000,6060000.000000,0.000000,0.000000,19276000.000000,-28790000.000000,106989000.000000,147723000.000000,172000.000000,53949000.000000,53949000.000000,53949000.000000,0.000000,38000.000000,0.123000,212272000.000000,75470000.000000,4630000.000000,0.000000,6.956000,68.408000,68.775000,47659000.000000,0.000000,27.510000,8.406000,8.396000,81776000.000000,155894000.000000,439062000.000000,439062000.000000,75092000.000000,0.081000,0.110000,0.325000,0.176000,27602000.000000,137180000.000000,1.000000,134152891.000000,133996000.000000,145708000.000000,3.277000,609573000.000000,9865000.000000,23495000.000000,12040000.000000,4.549000
MRT,2016-06-30,2016-07-31,2016-07-31,2017-Q2,378978000.000000,5119702443.000000,2025-03-24,869000.000000,787232000.000000,717464000.000000,587093000.000000,200139000.000000,0.658000,4.182000,-10023000.000000,210365000.000000,210365000.000000,160042000.000000,53539000.000000,2.821000,0.393000,0.000000,0.000000,0.000000,0.000000,176718000.000000,12971000.000000,0.000000,0.000000,0.000000,78011000.000000,90982000.000000,0.193000,90982000.000000,78011000.000000,78011000.000000,0.400000,0.380000,0.400000,565108000.000000,518720250.000000,565108000.000000,4873760443.000000,62.000000,53.568000,134264000.000000,0.994000,1.000000,312260000.000000,0.661000,140052000.000000,0.000000,228700000.000000,216110750.000000,0.000000,269190000.000000,269190000.000000,0.000000,222124000.000000,208115000.000000,14009000.000000,90589000.000000,-116189000.000000,7633000.000000,0.000000,0.000000,24937000.000000,-79080000.000000,46991000.000000,144287000.000000,445000.000000,53516000.000000,53516000.000000,53516000.000000,0.000000,23000.000000,0.113000,235321000.000000,76939000.000000,6384000.000000,0.000000,9.060000,95.667000,94.975000,47195000.000000,0.000000,37.990000,10.840000,10.869000,88963000.000000,168852000.000000,472302000.000000,472302000.000000,83400000.000000,0.075000,0.103000,0.361000,0.165000,32005000.000000,151921000.000000,1.000000,134764476.000000,135126000.000000,147155000.000000,3.495000,647180000.000000,9402000.000000,24495000.000000,13207000.000000,4.789000
MRT,2016-09-30,2016-10-31,2016-10-31,2017-Q3,422213000.000000,5290965105.000000,2025-03-24,319000.000000,788474000.000000,758324250.000000,589829000.000000,198645000.000000,0.670000,4.468000,-6955000.000000,206078000.000000,206078000.000000,166955000.000000,64687000.000000,3.519000,0.301000,0.000000,0.000000,0.000000,0.000000,137051000.000000,13959000.000000,0.000000,0.000000,0.000000,92145000.000000,106104000.000000,0.209000,106104000.000000,92145000.000000,92145000.000000,0.480000,0.460000,0.480000,605905000.000000,551702000.000000,605905000.000000,5080600105.000000,55.000000,47.883000,142590000.000000,1.051000,1.000000,341205000.000000,0.671000,137137000.000000,0.000000,277643000.000000,226728250.000000,0.000000,304731000.000000,304731000.000000,0.000000,182569000.000000,167616000.000000,14953000.000000,97484000.000000,0.000000,9738000.000000,0.000000,0.000000,30533000.000000,-82665000.000000,-75850000.000000,149545000.000000,71000.000000,64673000.000000,64673000.000000,64673000.000000,0.000000,14000.000000,0.127000,250556000.000000,90649000.000000,5048000.000000,0.000000,8.732000,81.811000,80.938000,48169000.000000,0.000000,38.850000,10.412000,10.369000,65648000.000000,190482000.000000,508160000.000000,508160000.000000,90745000.000000,0.085000,0.117000,0.406000,0.181000,36269000.000000,159811000.000000,1.000000,136189578.000000,135624000.000000,147436000.000000,3.747000,651337000.000000,9238000.000000,27472000.000000,14383000.000000,4.803000
MRT,2016-12-31,2017-01-31,2017-01-31,2017-Q4,465081000.000000,5806084350.000000,2025-03-24,111000.000000,917376000.000000,811218500.000000,711865000.000000,205511000.000000,0.679000,4.810000,-7507000.000000,217606000.000000,217606000.000000,173681000.000000,77572000.000000,2.885000,0.406000,0.000000,0.000000,0.000000,0.000000,213562000.000000,13825000.000000,0.000000,0.000000,0.000000,122352000.000000,136177000.000000,0.247000,136177000.000000,122352000.000000,122352000.000000,0.570000,0.530000,0.570000,652654000.000000,588553250.000000,652654000.000000,5600006350.000000,46.000000,41.123000,136504000.000000,1.006000,1.000000,376861000.000000,0.685000,135087000.000000,0.000000,317899000.000000,245193750.000000,0.000000,301266000.000000,301266000.000000,0.000000,264722000.000000,246784000.000000,17938000.000000,85324000.000000,0.000000,12362000.000000,0.000000,0.000000,37976000.000000,-96754000.000000,-89247000.000000,144011000.000000,91000.000000,77569000.000000,77569000.000000,77569000.000000,0.000000,3000.000000,0.141000,256173000.000000,120688000.000000,5677000.000000,0.000000,8.896000,74.851000,74.263000,49907000.000000,0.000000,42.330000,10.546000,10.434000,182816000.000000,212884000.000000,550542000.000000,550542000.000000,96743000.000000,0.096000,0.132000,0.499000,0.222000,40798000.000000,159430000.000000,1.000000,137162399.000000,135698000.000000,147578000.000000,4.057000,782289000.000000,16460000.000000,44783000.000000,16202000.000000,5.765000
MRT,2017-03-31,2017-04-30,2017-04-30,2018-Q1,520066000.000000,7437148532.000000,2025-03-24,910000.000000,995663000.000000,872186250.000000,789112000.000000,206551000.000000,0.677000,5.171000,-10061000.000000,365660000.000000,365660000.000000,181467000.000000,102059000.000000,2.933000,0.405000,0.000000,0.000000,0.000000,0.000000,238046000.000000,13869000.000000,0.000000,0.000000,0.000000,141254000.000000,155123000.000000,0.263000,155123000.000000,141254000.000000,141254000.000000,0.750000,0.690000,0.750000,708904000.000000,633142750.000000,708904000.000000,7219542532.000000,51.000000,46.541000,166751000.000000,1.216000,1.000000,409083000.000000,0.693000,133077000.000000,0.000000,227880000.000000,263030500.000000,0.000000,298257000.000000,298257000.000000,0.000000,286759000.000000,269046000.000000,17713000.000000,119616000.000000,0.000000,18302000.000000,0.000000,0.000000,41056000.000000,-99140000.000000,-89085000.000000,176812000.000000,888000.000000,102057000.000000,102057000.000000,102057000.000000,0.000000,2000.000000,0.173000,267338000.000000,141745000.000000,5162000.000000,0.000000,10.491000,72.872000,71.493000,51954000.000000,0.000000,53.620000,12.594000,12.448000,113124000.000000,248907000.000000,590550000.000000,590550000.000000,102981000.000000,0.117000,0.161000,0.537000,0.239000,44443000.000000,164357000.000000,1.000000,138701017.000000,137096000.000000,151056000.000000,4.308000,862586000.000000,16844000.000000,39197000.000000,13297000.000000,6.292000
MRT,2017-06-30,2017-07-31,2017-07-31,2018-Q2,577777000.000000,8910615957.000000,2025-03-24,1271000.000000,1035870000.000000,934345750.000000,833355000.000000,202515000.000000,0.671000,5.475000,-11910000.000000,409226000.000000,409226000.000000,189672000.000000,127703000.000000,3.261000,0.351000,0.000000,0.000000,0.000000,0.000000,222685000.000000,13970000.000000,0.000000,0.000000,0.000000,159720000.000000,173690000.000000,0.277000,173690000.000000,159720000.000000,159720000.000000,0.930000,0.850000,0.930000,766603000.000000,683516500.000000,766603000.000000,8544955957.000000,53.000000,49.197000,210762000.000000,1.505000,1.000000,437326000.000000,0.697000,131092000.000000,0.000000,239974000.000000,265849000.000000,0.000000,315425000.000000,315425000.000000,0.000000,269267000.000000,255578000.000000,13689000.000000,198959000.000000,0.000000,21250000.000000,0.000000,0.000000,35936000.000000,-60551000.000000,-48538000.000000,222672000.000000,902000.000000,127702000.000000,127702000.000000,127702000.000000,0.000000,1000.000000,0.204000,281336000.000000,155990000.000000,6298000.000000,0.000000,11.624000,69.777000,68.559000,53528000.000000,0.000000,63.760000,14.212000,14.238000,97153000.000000,286751000.000000,626998000.000000,626998000.000000,112096000.000000,0.137000,0.187000,0.601000,0.255000,47809000.000000,169240000.000000,1.000000,139752446.000000,140010000.000000,153778000.000000,4.478000,904778000.000000,12957000.000000,32018000.000000,9789000.000000,6.462000
MRT,2017-09-30,2017-10-31,2017-10-31,2018-Q3,631719000.000000,8569174690.000000,2025-03-24,1022000.000000,1046216000.000000,998781250.000000,846069000.000000,200147000.000000,0.662000,5.811000,-12358000.000000,310796000.000000,310796000.000000,198981000.000000,140998000.000000,3.947000,0.278000,0.000000,0.000000,0.000000,0.000000,173358000.000000,14102000.000000,0.000000,0.000000,0.000000,169239000.000000,183341000.000000,0.277000,183341000.000000,169239000.000000,169239000.000000,1.020000,0.930000,1.020000,818468000.000000,736657250.000000,818468000.000000,8159948690.000000,48.000000,44.507000,217555000.000000,1.545000,1.000000,462246000.000000,0.699000,129196000.000000,0.000000,391874000.000000,294406750.000000,0.000000,447280000.000000,447280000.000000,0.000000,227748000.000000,214350000.000000,13398000.000000,104817000.000000,0.000000,21524000.000000,0.000000,0.000000,30902000.000000,-157209000.000000,-144749000.000000,229913000.000000,1211000.000000,140997000.000000,140997000.000000,140997000.000000,0.000000,1000.000000,0.213000,297571000.000000,164675000.000000,7444000.000000,0.000000,10.470000,60.776000,59.745000,52659000.000000,0.000000,60.940000,12.960000,12.982000,76294000.000000,321144000.000000,661227000.000000,661227000.000000,121119000.000000,0.141000,0.191000,0.575000,0.256000,50872000.000000,176452000.000000,1.000000,140616585.000000,140857000.000000,154256000.000000,4.694000,917020000.000000,12906000.000000,28242000.000000,15598000.000000,6.510000
MRT,2017-12-31,2018-01-31,2018-01-31,2018-Q4,706252000.000000,8884841032.000000,2025-03-24,1600000.000000,1230333000.000000,1077020500.000000,1012421000.000000,217912000.000000,0.641000,6.459000,-11367000.000000,320183000.000000,320183000.000000,211422000.000000,151177000.000000,3.307000,0.358000,0.000000,0.000000,0.000000,0.000000,266939000.000000,14277000.000000,0.000000,0.000000,0.000000,165771000.000000,180048000.000000,0.261000,180048000.000000,165771000.000000,165771000.000000,1.080000,0.980000,1.080000,906238000.000000,800053250.000000,906238000.000000,8574045032.000000,52.000000,47.621000,222071000.000000,1.583000,1.000000,479137000.000000,0.694000,127294000.000000,0.000000,476687000.000000,334103750.000000,0.000000,441779000.000000,441779000.000000,0.000000,324095000.000000,306169000.000000,17926000.000000,102780000.000000,0.000000,20773000.000000,0.000000,0.000000,20773000.000000,-154520000.000000,-143153000.000000,233438000.000000,3089000.000000,151177000.000000,151177000.000000,151177000.000000,0.000000,0.000000,0.219000,321208000.000000,157929000.000000,6944000.000000,0.000000,9.804000,58.771000,58.204000,52284000.000000,0.000000,62.860000,12.866000,12.772000,238016000.000000,389365000.000000,690559000.000000,690559000.000000,132017000.000000,0.140000,0.189000,0.496000,0.240000,54049000.000000,189191000.000000,1.000000,141343319.000000,140311000.000000,153681000.000000,4.922000,1103039000.000000,2222000.000000,14594000.000000,13029000.000000,7.861000
MRT,2018-03-31,2018-04-30,2018-04-30,2019-Q1,776602000.000000,9985906988.000000,2025-03-24,1096000.000000,1317655000.000000,1157518500.000000,1102828000.000000,214827000.000000,0.627000,6.825000,-7555000.000000,460239000.000000,460239000.000000,222700000.000000,158491000.000000,3.381000,0.352000,0.000000,0.000000,0.000000,0.000000,289560000.000000,14424000.000000,0.000000,0.000000,0.000000,172412000.000000,186836000.000000,0.257000,186836000.000000,172412000.000000,172412000.000000,1.130000,1.030000,1.130000,974437000.000000,866436500.000000,974437000.000000,9665723988.000000,56.000000,51.734000,234307000.000000,1.641000,1.000000,503634000.000000,0.693000,125448000.000000,0.000000,405742000.000000,378569250.000000,0.000000,458069000.000000,458069000.000000,0.000000,343218000.000000,326226000.000000,16992000.000000,94781000.000000,0.000000,21327000.000000,0.000000,0.000000,21327000.000000,-169773000.000000,-162218000.000000,241862000.000000,1365000.000000,158491000.000000,158491000.000000,158491000.000000,0.000000,0.000000,0.218000,340612000.000000,163022000.000000,9023000.000000,0.000000,10.248000,63.006000,62.062000,51500000.000000,0.000000,70.130000,13.748000,13.786000,172475000.000000,433675000.000000,726334000.000000,726334000.000000,140903000.000000,0.137000,0.183000,0.455000,0.237000,59272000.000000,199709000.000000,1.000000,142391373.000000,142777000.000000,154935000.000000,5.087000,1192207000.000000,2189000.000000,13921000.000000,9737000.000000,8.350000
MRT,2018-06-30,2018-07-31,2018-07-31,2019-Q2,857700000.000000,10848300116.000000,2025-03-24,-119000.000000,1364592000.000000,1239699000.000000,1152358000.000000,212234000.000000,0.620000,7.307000,-5748000.000000,511735000.000000,511735000.000000,231526000.000000,170175000.000000,3.911000,0.299000,0.000000,0.000000,0.000000,0.000000,259170000.000000,14351000.000000,0.000000,0.000000,0.000000,187647000.000000,201998000.000000,0.263000,201998000.000000,187647000.000000,187647000.000000,1.200000,1.100000,1.200000,1050376000.000000,937379750.000000,1050376000.000000,10388061116.000000,55.000000,51.427000,265321000.000000,1.846000,1.000000,536622000.000000,0.699000,123658000.000000,0.000000,434541000.000000,427211000.000000,0.000000,498690000.000000,498690000.000000,0.000000,314216000.000000,294658000.000000,19558000.000000,102512000.000000,0.000000,22218000.000000,0.000000,0.000000,22218000.000000,-190248000.000000,-184500000.000000,271069000.000000,-527000.000000,170175000.000000,170175000.000000,170175000.000000,0.000000,0.000000,0.222000,358849000.000000,177773000.000000,7661000.000000,0.000000,10.328000,63.748000,63.025000,50705000.000000,0.000000,75.630000,14.123000,14.153000,126572000.000000,483961000.000000,768148000.000000,768148000.000000,147051000.000000,0.137000,0.182000,0.439000,0.244000,65610000.000000,211798000.000000,1.000000,143439113.000000,143748000.000000,155416000.000000,5.344000,1240934000.000000,3468000.000000,17472000.000000,14034000.000000,8.633000
MRT,2018-09-30,2018-10-31,2018-10-31,2019-Q3,946478000.000000,13200932502.000000,2025-03-24,-1239000.000000,1397281000.000000,1327465250.000000,1183194000.000000,214087000.000000,0.615000,7.865000,-8470000.000000,467643000.000000,467643000.000000,239666000.000000,199335000.000000,4.998000,0.228000,0.000000,0.000000,0.000000,0.000000,196159000.000000,14133000.000000,0.000000,0.000000,0.000000,211493000.000000,225626000.000000,0.277000,225626000.000000,211493000.000000,211493000.000000,1.390000,1.280000,1.390000,1138305000.000000,1017339000.000000,1138305000.000000,12689197502.000000,60.000000,56.240000,271921000.000000,1.879000,1.000000,576205000.000000,0.706000,121992000.000000,0.000000,570930000.000000,471975000.000000,0.000000,584283000.000000,584283000.000000,0.000000,258976000.000000,236716000.000000,22260000.000000,156850000.000000,0.000000,23338000.000000,0.000000,0.000000,23338000.000000,-145210000.000000,-136740000.000000,280391000.000000,-1669000.000000,199335000.000000,199335000.000000,199335000.000000,0.000000,0.000000,0.244000,377833000.000000,198372000.000000,10859000.000000,0.000000,11.597000,66.225000,65.719000,53614000.000000,0.000000,91.350000,16.180000,16.206000,110042000.000000,548046000.000000,815871000.000000,815871000.000000,153017000.000000,0.150000,0.196000,0.448000,0.259000,71510000.000000,224816000.000000,1.000000,144509387.000000,144737000.000000,156025000.000000,5.637000,1275289000.000000,3468000.000000,12158000.000000,17235000.000000,8.811000
MRT,2018-12-31,2019-01-31,2019-01-31,2019-Q4,1032392000.000000,15846582681.000000,2025-03-24,928000.000000,1653766000.000000,1433323500.000000,1433414000.000000,220352000.000000,0.602000,8.581000,-9819000.000000,550971000.000000,550971000.000000,245281000.000000,229832000.000000,3.574000,0.336000,0.000000,0.000000,0.000000,0.000000,356357000.000000,14071000.000000,0.000000,0.000000,0.000000,238643000.000000,252714000.000000,0.293000,252714000.000000,238643000.000000,238643000.000000,1.590000,1.470000,1.590000,1237749000.000000,1100216750.000000,1237749000.000000,15378939681.000000,64.000000,60.855000,301008000.000000,2.087000,1.000000,616929000.000000,0.716000,120325000.000000,0.000000,581448000.000000,498165250.000000,0.000000,539190000.000000,539190000.000000,0.000000,416017000.000000,401022000.000000,14995000.000000,230791000.000000,0.000000,25910000.000000,0.000000,0.000000,25910000.000000,-103869000.000000,-94050000.000000,310827000.000000,-2077000.000000,229832000.000000,229832000.000000,229832000.000000,0.000000,0.000000,0.267000,394063000.000000,222866000.000000,9110000.000000,0.000000,12.803000,68.949000,68.591000,54966000.000000,0.000000,109.060000,18.379000,18.245000,321587000.000000,619197000.000000,862210000.000000,862210000.000000,158783000.000000,0.160000,0.209000,0.479000,0.277000,76425000.000000,235280000.000000,1.000000,145301510.000000,144244000.000000,156117000.000000,5.977000,1533441000.000000,5938000.000000,8811000.000000,10181000.000000,10.631000
MRT,2019-03-31,2019-04-30,2019-04-30,2020-Q1,1125264000.000000,20480526573.000000,2025-03-24,1188000.000000,1776104000.000000,1547935750.000000,1537851000.000000,238253000.000000,0.589000,9.100000,-10493000.000000,748158000.000000,748158000.000000,250629000.000000,258971000.000000,3.727000,0.330000,19270000.000000,5835000.000000,13435000.000000,19270000.000000,363943000.000000,15913000.000000,0.000000,0.000000,0.000000,269878000.000000,285791000.000000,0.314000,285791000.000000,269878000.000000,269878000.000000,1.780000,1.650000,1.780000,1335103000.000000,1190383250.000000,1335103000.000000,19929555573.000000,74.000000,69.735000,386038000.000000,2.631000,1.000000,660786000.000000,0.725000,118755000.000000,0.000000,515874000.000000,525698250.000000,0.000000,581490000.000000,581490000.000000,0.000000,441001000.000000,412587000.000000,28414000.000000,287922000.000000,0.000000,21462000.000000,-249000.000000,0.000000,21213000.000000,-127854000.000000,-117361000.000000,396531000.000000,-1968000.000000,258971000.000000,258971000.000000,258971000.000000,0.000000,0.000000,0.284000,410707000.000000,250079000.000000,8361000.000000,0.000000,15.340000,79.084000,78.579000,70761000.000000,0.000000,139.870000,22.471000,22.514000,187474000.000000,691989000.000000,911415000.000000,911415000.000000,166559000.000000,0.167000,0.218000,0.513000,0.296000,80170000.000000,244148000.000000,1.000000,146425442.000000,146708000.000000,157910000.000000,6.212000,1657349000.000000,6494000.000000,10907000.000000,11339000.000000,11.297000
MRT,2019-06-30,2019-07-31,2019-07-31,2020-Q2,1237897000.000000,24431364201.000000,2025-03-24,-93000.000000,1859853000.000000,1671751000.000000,1620838000.000000,239015000.000000,0.579000,9.796000,-10901000.000000,827468000.000000,827468000.000000,261621000.000000,287927000.000000,4.233000,0.287000,22247000.000000,6729000.000000,15518000.000000,22247000.000000,329053000.000000,17976000.000000,0.000000,0.000000,0.000000,294906000.000000,312882000.000000,0.323000,312882000.000000,294906000.000000,294906000.000000,1.970000,1.830000,1.970000,1445017000.000000,1289043500.000000,1445017000.000000,23702476201.000000,80.000000,75.755000,399290000.000000,2.707000,1.000000,707085000.000000,0.730000,117242000.000000,0.000000,554449000.000000,555675250.000000,0.000000,604688000.000000,604688000.000000,0.000000,414836000.000000,382941000.000000,31895000.000000,315736000.000000,0.000000,18060000.000000,-488000.000000,0.000000,17572000.000000,-109882000.000000,-98981000.000000,410191000.000000,-2145000.000000,287927000.000000,287927000.000000,287927000.000000,0.000000,0.000000,0.297000,435968000.000000,271117000.000000,8613000.000000,0.000000,16.907000,84.853000,84.213000,73274000.000000,0.000000,165.900000,25.221000,25.262000,166847000.000000,771231000.000000,968706000.000000,968706000.000000,178879000.000000,0.172000,0.223000,0.531000,0.304000,88822000.000000,257089000.000000,1.000000,147265607.000000,147510000.000000,158675000.000000,6.567000,1742611000.000000,6499000.000000,6979000.000000,13685000.000000,11.814000
MRT,2019-09-30,2019-10-31,2019-10-31,2020-Q3,1351224000.000000,20988701629.000000,2025-03-24,173000.000000,1900441000.000000,1797541000.000000,1658121000.000000,242320000.000000,0.570000,10.520000,-7480000.000000,892581000.000000,892581000.000000,273576000.000000,306087000.000000,5.403000,0.219000,27312000.000000,7430000.000000,19882000.000000,27312000.000000,250674000.000000,20236000.000000,0.000000,0.000000,0.000000,317147000.000000,337383000.000000,0.329000,337383000.000000,317147000.000000,317147000.000000,2.090000,1.940000,2.090000,1558565000.000000,1394108500.000000,1558565000.000000,20183480629.000000,64.000000,59.824000,422659000.000000,2.853000,1.000000,751320000.000000,0.733000,115752000.000000,0.000000,612523000.000000,566073500.000000,0.000000,602407000.000000,602407000.000000,0.000000,341876000.000000,306897000.000000,34979000.000000,424939000.000000,0.000000,14800000.000000,-729000.000000,0.000000,14071000.000000,-17793000.000000,-10313000.000000,430139000.000000,-1478000.000000,306087000.000000,306087000.000000,306087000.000000,0.000000,0.000000,0.299000,462497000.000000,288823000.000000,9914000.000000,0.000000,13.467000,68.571000,67.861000,77345000.000000,0.000000,141.830000,20.479000,20.503000,147773000.000000,853476000.000000,1024896000.000000,1024896000.000000,191453000.000000,0.170000,0.220000,0.560000,0.309000,98225000.000000,271044000.000000,1.000000,147984923.000000,148157000.000000,158750000.000000,6.918000,1784689000.000000,6455000.000000,11060000.000000,16237000.000000,12.046000
MRT,2019-12-31,2020-01-31,2020-01-31,2020-Q4,979952000.000000,21784294328.000000,2025-03-24,460000.000000,2271777000.000000,1952043750.000000,1531124000.000000,740653000.000000,0.566000,11.270000,-4321000.000000,476733000.000000,476733000.000000,303369000.000000,301118000.000000,2.778000,0.364000,54828000.000000,10013000.000000,44815000.000000,54828000.000000,468887000.000000,27825000.000000,0.000000,0.000000,0.000000,313697000.000000,341522000.000000,0.309000,341522000.000000,313697000.000000,313697000.000000,2.040000,1.900000,2.040000,1665594000.000000,1501069750.000000,1665594000.000000,20919025328.000000,67.000000,61.252000,433054000.000000,2.930000,1.000000,800712000.000000,0.725000,573130000.000000,0.000000,725570000.000000,602104000.000000,0.000000,610015000.000000,610015000.000000,0.000000,606183000.000000,551172000.000000,55011000.000000,-72381000.000000,-448162000.000000,10994000.000000,-984000.000000,0.000000,10010000.000000,-516910000.000000,-64427000.000000,437375000.000000,-2856000.000000,301118000.000000,301118000.000000,301118000.000000,0.000000,0.000000,0.273000,514493000.000000,286219000.000000,19420000.000000,0.000000,13.079000,72.345000,71.868000,103884000.000000,0.000000,146.610000,19.731000,19.626000,422507000.000000,919658000.000000,1104081000.000000,1104081000.000000,209895000.000000,0.154000,0.201000,0.521000,0.284000,115906000.000000,304598000.000000,1.000000,148586688.000000,147796000.000000,158296000.000000,7.470000,1698647000.000000,11870000.000000,12579000.000000,8030000.000000,11.493000
MRT,2020-03-31,2020-04-30,2020-04-30,2021-Q1,1124932000.000000,28478144207.000000,2025-03-24,2146000.000000,2404619000.000000,2109172500.000000,1675272000.000000,729347000.000000,0.567000,12.044000,-2441000.000000,720776000.000000,720776000.000000,332746000.000000,314239000.000000,3.044000,0.335000,52557000.000000,10127000.000000,42430000.000000,52557000.000000,470262000.000000,33262000.000000,0.000000,0.000000,0.000000,327346000.000000,360608000.000000,0.301000,360608000.000000,327346000.000000,327346000.000000,2.130000,1.970000,2.130000,1801036000.000000,1617553000.000000,1801036000.000000,28056239207.000000,86.000000,77.803000,480817000.000000,3.215000,1.000000,863689000.000000,0.722000,567932000.000000,0.000000,618128000.000000,627667500.000000,0.000000,660199000.000000,660199000.000000,0.000000,603583000.000000,550340000.000000,53243000.000000,-25524000.000000,-448162000.000000,17384000.000000,-983000.000000,0.000000,16401000.000000,-523577000.000000,-72974000.000000,483258000.000000,-1606000.000000,314239000.000000,314239000.000000,314239000.000000,0.000000,0.000000,0.263000,561074000.000000,302615000.000000,15041000.000000,0.000000,15.812000,90.626000,89.577000,99809000.000000,0.000000,190.800000,23.803000,23.848000,273192000.000000,1006228000.000000,1196435000.000000,1196435000.000000,227159000.000000,0.149000,0.194000,0.522000,0.274000,132057000.000000,333915000.000000,1.000000,149256521.000000,149541000.000000,159474000.000000,8.001000,1836687000.000000,11701000.000000,13107000.000000,6114000.000000,12.282000
MRT,2020-06-30,2020-07-31,2020-07-31,2021-Q2,1283950000.000000,39724310038.000000,2025-03-24,6170000.000000,2516409000.000000,2273311500.000000,1785432000.000000,730977000.000000,0.564000,13.009000,-6470000.000000,795782000.000000,795782000.000000,359732000.000000,328548000.000000,3.560000,0.286000,57305000.000000,11118000.000000,46187000.000000,57305000.000000,421167000.000000,38110000.000000,0.000000,0.000000,0.000000,339120000.000000,377230000.000000,0.294000,377230000.000000,339120000.000000,339120000.000000,2.210000,2.050000,2.210000,1956727000.000000,1745480500.000000,1956727000.000000,39056091038.000000,115.000000,103.534000,481635000.000000,3.202000,1.000000,923486000.000000,0.720000,562949000.000000,0.000000,713501000.000000,667430500.000000,0.000000,699707000.000000,699707000.000000,0.000000,559682000.000000,501482000.000000,58200000.000000,-31686000.000000,-448162000.000000,23042000.000000,-995000.000000,0.000000,22047000.000000,-544708000.000000,-90076000.000000,488105000.000000,2870000.000000,328548000.000000,328548000.000000,328548000.000000,0.000000,0.000000,0.256000,604646000.000000,318840000.000000,16476000.000000,0.000000,20.301000,120.909000,119.715000,103862000.000000,0.000000,264.570000,30.957000,31.012000,257453000.000000,1099779000.000000,1283218000.000000,1283218000.000000,246066000.000000,0.145000,0.188000,0.508000,0.264000,153053000.000000,358580000.000000,1.000000,150146691.000000,150413000.000000,160840000.000000,8.531000,1953460000.000000,12167000.000000,10572000.000000,4288000.000000,12.987000
MRT,2020-09-30,2020-10-31,2020-10-31,2021-Q3,1435605000.000000,40730672561.000000,2025-03-24,3502000.000000,2583641000.000000,2444111500.000000,1852997000.000000,730644000.000000,0.565000,13.950000,-8549000.000000,634265000.000000,634265000.000000,389400000.000000,343262000.000000,4.439000,0.227000,59015000.000000,11050000.000000,47965000.000000,59015000.000000,331166000.000000,43314000.000000,0.000000,0.000000,0.000000,353939000.000000,397253000.000000,0.288000,397253000.000000,353939000.000000,353939000.000000,2.290000,2.130000,2.290000,2106379000.000000,1882434000.000000,2106379000.000000,39992195561.000000,113.000000,100.672000,513455000.000000,3.401000,1.000000,990416000.000000,0.718000,555194000.000000,0.000000,1035805000.000000,773251000.000000,0.000000,956167000.000000,956167000.000000,0.000000,477262000.000000,417392000.000000,59870000.000000,-258315000.000000,-448162000.000000,27621000.000000,-675000.000000,0.000000,26946000.000000,-810023000.000000,-353312000.000000,522004000.000000,2758000.000000,343262000.000000,343262000.000000,343262000.000000,0.000000,0.000000,0.249000,651071000.000000,339345000.000000,21324000.000000,0.000000,19.337000,118.658000,117.926000,107176000.000000,0.000000,270.050000,29.519000,29.552000,236670000.000000,1196738000.000000,1379816000.000000,1379816000.000000,273483000.000000,0.140000,0.182000,0.458000,0.257000,172705000.000000,377588000.000000,1.000000,150826412.000000,150993000.000000,161711000.000000,9.138000,2028447000.000000,15689000.000000,10677000.000000,3559000.000000,13.434000
MRT,2020-12-31,2021-01-31,2021-01-31,2021-Q4,1594874000.000000,41871146870.000000,2025-03-24,992000.000000,3046067000.000000,2637684000.000000,2310826000.000000,735241000.000000,0.555000,15.042000,-8683000.000000,730504000.000000,730504000.000000,408928000.000000,379998000.000000,3.228000,0.344000,63118000.000000,11725000.000000,51393000.000000,63118000.000000,616992000.000000,39802000.000000,0.000000,0.000000,0.000000,393993000.000000,433795000.000000,0.296000,433795000.000000,393993000.000000,393993000.000000,2.520000,2.360000,2.520000,2266320000.000000,2032615500.000000,2266320000.000000,41295896870.000000,105.000000,95.197000,542563000.000000,3.601000,1.000000,1056141000.000000,0.721000,550624000.000000,0.000000,1112105000.000000,869884750.000000,0.000000,933122000.000000,933122000.000000,0.000000,779747000.000000,715952000.000000,63795000.000000,251914000.000000,0.000000,34857000.000000,-1039000.000000,0.000000,33818000.000000,-333634000.000000,-324951000.000000,551246000.000000,484000.000000,379998000.000000,379998000.000000,379998000.000000,0.000000,0.000000,0.259000,678347000.000000,377794000.000000,23253000.000000,0.000000,18.475000,110.188000,109.698000,110567000.000000,0.000000,276.440000,28.580000,28.429000,611593000.000000,1299656000.000000,1465069000.000000,1465069000.000000,294220000.000000,0.144000,0.187000,0.453000,0.269000,185001000.000000,384127000.000000,1.000000,151465587.000000,150666000.000000,160732000.000000,9.724000,2495443000.000000,14100000.000000,13995000.000000,4425000.000000,16.563000
MRT,2021-03-31,2021-04-30,2021-04-30,2022-Q1,1785520000.000000,42995573897.000000,2025-03-24,-2304000.000000,3222149000.000000,2842066500.000000,2495066000.000000,727083000.000000,0.549000,16.039000,-11606000.000000,1184980000.000000,1184980000.000000,430184000.000000,408995000.000000,3.516000,0.318000,59952000.000000,11280000.000000,48672000.000000,59952000.000000,608673000.000000,38382000.000000,0.000000,0.000000,0.000000,436024000.000000,474406000.000000,0.304000,474406000.000000,436024000.000000,436024000.000000,2.700000,2.520000,2.700000,2444984000.000000,2193602500.000000,2444984000.000000,42328187897.000000,97.000000,89.224000,735853000.000000,4.827000,1.000000,1131352000.000000,0.725000,546195000.000000,0.000000,841380000.000000,925697750.000000,0.000000,965453000.000000,965453000.000000,0.000000,777165000.000000,709546000.000000,67619000.000000,462346000.000000,0.000000,42167000.000000,-1077000.000000,0.000000,41090000.000000,-323374000.000000,-311768000.000000,747459000.000000,-2829000.000000,408995000.000000,408995000.000000,408995000.000000,0.000000,0.000000,0.262000,712677000.000000,418675000.000000,18858000.000000,0.000000,17.585000,105.125000,104.611000,106024000.000000,0.000000,282.450000,27.534000,27.574000,313694000.000000,1415223000.000000,1561536000.000000,1561536000.000000,315209000.000000,0.144000,0.186000,0.471000,0.279000,196583000.000000,397468000.000000,1.000000,152223664.000000,152444000.000000,162213000.000000,10.243000,2675954000.000000,13845000.000000,27029000.000000,12787000.000000,17.554000
MRT,2021-06-30,2021-07-31,2021-07-31,2022-Q2,1968955000.000000,50877769656.000000,2025-03-24,-2689000.000000,3351383000.000000,3050810000.000000,2631792000.000000,719591000.000000,0.545000,17.115000,-11524000.000000,1064731000.000000,1064731000.000000,455077000.000000,424302000.000000,3.970000,0.279000,58735000.000000,11105000.000000,47630000.000000,58735000.000000,558720000.000000,37727000.000000,0.000000,0.000000,0.000000,469352000.000000,507079000.000000,0.305000,507079000.000000,469352000.000000,469352000.000000,2.790000,2.610000,2.790000,2620097000.000000,2359445000.000000,2620097000.000000,49752741656.000000,106.000000,98.116000,749680000.000000,4.897000,1.000000,1208370000.000000,0.726000,544514000.000000,0.000000,1138036000.000000,1031831500.000000,0.000000,1198785000.000000,1198785000.000000,0.000000,731286000.000000,662837000.000000,68449000.000000,270925000.000000,-2133000.000000,53740000.000000,-924000.000000,0.000000,37720000.000000,-522256000.000000,-508599000.000000,761204000.000000,-5743000.000000,424302000.000000,424302000.000000,424302000.000000,0.000000,0.000000,0.255000,755152000.000000,453218000.000000,21301000.000000,0.000000,19.418000,119.909000,119.251000,105687000.000000,0.000000,332.710000,30.586000,30.620000,334719000.000000,1524081000.000000,1663447000.000000,1663447000.000000,340055000.000000,0.139000,0.180000,0.455000,0.282000,209602000.000000,415097000.000000,1.000000,152919268.000000,153090000.000000,162765000.000000,10.866000,2806869000.000000,7590000.000000,45050000.000000,10084000.000000,18.335000
MRT,2021-09-30,2021-10-31,2021-10-31,2022-Q3,2122908000.000000,48634940956.000000,2025-03-24,-5738000.000000,3367486000.000000,3246771250.000000,2659795000.000000,707691000.000000,0.543000,18.040000,-10522000.000000,1149946000.000000,1149946000.000000,481644000.000000,433212000.000000,4.954000,0.216000,56040000.000000,10803000.000000,45237000.000000,56040000.000000,417755000.000000,36634000.000000,0.000000,0.000000,0.000000,498124000.000000,534758000.000000,0.303000,534758000.000000,498124000.000000,498124000.000000,2.840000,2.660000,2.840000,2769361000.000000,2525190500.000000,2769361000.000000,47628944956.000000,96.000000,89.066000,768238000.000000,5.004000,1.000000,1280395000.000000,0.727000,539820000.000000,0.000000,1196873000.000000,1072098500.000000,0.000000,1201541000.000000,1201541000.000000,0.000000,598125000.000000,536887000.000000,61238000.000000,517657000.000000,-2133000.000000,52922000.000000,-1003000.000000,0.000000,15409000.000000,-269899000.000000,-257244000.000000,778760000.000000,-6613000.000000,433212000.000000,433212000.000000,433212000.000000,0.000000,0.000000,0.246000,795774000.000000,484621000.000000,25605000.000000,0.000000,17.562000,112.266000,111.623000,103962000.000000,0.000000,317.010000,27.602000,27.619000,279016000.000000,1629950000.000000,1762039000.000000,1762039000.000000,358698000.000000,0.133000,0.172000,0.465000,0.283000,222674000.000000,437076000.000000,1.000000,153417687.000000,153514000.000000,163034000.000000,11.478000,2827666000.000000,4884000.000000,64912000.000000,16418000.000000,18.420000
MRT,2021-12-31,2022-01-31,2022-01-31,2022-Q4,2266404000.000000,36371382212.000000,2025-03-24,-11958000.000000,3816465000.000000,3439370750.000000,3107183000.000000,709282000.000000,0.538000,18.999000,-14214000.000000,1138040000.000000,1138040000.000000,503678000.000000,427390000.000000,3.696000,0.311000,54588000.000000,10981000.000000,43607000.000000,54588000.000000,731746000.000000,38893000.000000,0.000000,0.000000,0.000000,512311000.000000,551204000.000000,0.298000,551204000.000000,512311000.000000,512311000.000000,2.790000,2.630000,2.790000,2911637000.000000,2686519750.000000,2911637000.000000,35277476212.000000,69.000000,64.001000,750249000.000000,4.896000,1.000000,1347099000.000000,0.728000,541817000.000000,0.000000,1350417000.000000,1131676500.000000,0.000000,1238064000.000000,1238064000.000000,0.000000,904828000.000000,840779000.000000,64049000.000000,409514000.000000,-7780000.000000,51538000.000000,-384000.000000,0.000000,-4140000.000000,-346152000.000000,-324158000.000000,764463000.000000,-4657000.000000,427390000.000000,427390000.000000,427390000.000000,0.000000,0.000000,0.231000,841603000.000000,505496000.000000,20348000.000000,0.000000,12.492000,85.101000,84.781000,104135000.000000,0.000000,236.540000,19.652000,19.586000,694400000.000000,1727046000.000000,1850777000.000000,1850777000.000000,382035000.000000,0.124000,0.159000,0.453000,0.277000,234636000.000000,459568000.000000,1.000000,153764193.000000,153251000.000000,162277000.000000,12.077000,3274648000.000000,5097000.000000,84921000.000000,9977000.000000,21.368000
MRT,2022-03-31,2022-04-30,2022-04-30,2023-Q1,2396435000.000000,28085618776.000000,2025-03-24,-24211000.000000,4011222000.000000,3636639000.000000,3275295000.000000,735927000.000000,0.529000,19.858000,-13891000.000000,1239998000.000000,1239998000.000000,527057000.000000,411938000.000000,3.727000,0.307000,54068000.000000,11606000.000000,42462000.000000,54068000.000000,723721000.000000,39444000.000000,0.000000,0.000000,0.000000,509682000.000000,549126000.000000,0.286000,549126000.000000,509682000.000000,509682000.000000,2.680000,2.540000,2.680000,3068275000.000000,2842342500.000000,3068275000.000000,27002166776.000000,53.000000,49.173000,753214000.000000,4.875000,1.000000,1395249000.000000,0.726000,537071000.000000,0.000000,1409361000.000000,1273671750.000000,0.000000,1598555000.000000,1598555000.000000,0.000000,942947000.000000,878860000.000000,64087000.000000,56996000.000000,-7780000.000000,50738000.000000,-98000.000000,0.000000,-19653000.000000,-686690000.000000,-665019000.000000,767105000.000000,-3766000.000000,411938000.000000,411938000.000000,411938000.000000,0.000000,0.000000,0.214000,890527000.000000,504722000.000000,25404000.000000,0.000000,9.154000,68.179000,67.892000,102703000.000000,0.000000,181.950000,14.610000,14.625000,391648000.000000,1827161000.000000,1922306000.000000,1922306000.000000,412284000.000000,0.113000,0.145000,0.400000,0.265000,253281000.000000,478243000.000000,1.000000,154358993.000000,154514000.000000,161928000.000000,12.441000,3474151000.000000,40674000.000000,97744000.000000,52709000.000000,22.484000
MRT,2022-06-30,2022-07-31,2022-07-31,2023-Q2,2556753000.000000,34620693378.000000,2025-03-24,-27335000.000000,4116583000.000000,3827939000.000000,3356142000.000000,760441000.000000,0.523000,20.935000,-10229000.000000,1140246000.000000,1140246000.000000,556629000.000000,393681000.000000,4.198000,0.269000,63472000.000000,11366000.000000,52106000.000000,63472000.000000,684642000.000000,39938000.000000,0.000000,0.000000,0.000000,492882000.000000,532820000.000000,0.266000,532820000.000000,492882000.000000,492882000.000000,2.550000,2.430000,2.550000,3243931000.000000,2998301000.000000,3243931000.000000,33434763378.000000,68.000000,62.751000,731197000.000000,4.719000,1.000000,1444301000.000000,0.722000,532165000.000000,0.000000,1708255000.000000,1416226500.000000,0.000000,1778861000.000000,1778861000.000000,0.000000,872652000.000000,799389000.000000,73263000.000000,75516000.000000,-5647000.000000,39137000.000000,0.000000,0.000000,-33194000.000000,-628081000.000000,-612205000.000000,741426000.000000,-4635000.000000,393681000.000000,393681000.000000,393681000.000000,0.000000,0.000000,0.197000,963111000.000000,481190000.000000,30915000.000000,0.000000,10.672000,87.941000,87.678000,110948000.000000,0.000000,223.580000,17.302000,17.314000,390997000.000000,1917762000.000000,2000930000.000000,2000930000.000000,451393000.000000,0.103000,0.131000,0.348000,0.246000,286938000.000000,511718000.000000,1.000000,154847005.000000,154951000.000000,162132000.000000,12.913000,3584418000.000000,62059000.000000,99201000.000000,6800000.000000,23.133000
MRT,2022-09-30,2022-10-31,2022-10-31,2023-Q3,2696205000.000000,26077960667.000000,2025-03-24,-45642000.000000,4182717000.000000,4031746750.000000,3386485000.000000,796232000.000000,0.515000,22.001000,-13524000.000000,865159000.000000,865159000.000000,580972000.000000,396269000.000000,4.906000,0.223000,61890000.000000,11665000.000000,50225000.000000,61890000.000000,510098000.000000,40435000.000000,0.000000,0.000000,0.000000,493212000.000000,533647000.000000,0.257000,533647000.000000,493212000.000000,493212000.000000,2.560000,2.450000,2.560000,3418792000.000000,3160658750.000000,3418792000.000000,25001186667.000000,51.000000,46.850000,757603000.000000,4.875000,1.000000,1496198000.000000,0.720000,527259000.000000,0.000000,2161909000.000000,1657485500.000000,0.000000,2157396000.000000,2157396000.000000,0.000000,763925000.000000,690280000.000000,73645000.000000,-284786000.000000,-5647000.000000,38344000.000000,0.000000,0.000000,-27691000.000000,-1023581000.000000,-1004410000.000000,771127000.000000,-4641000.000000,396269000.000000,396269000.000000,396269000.000000,0.000000,0.000000,0.191000,1026312000.000000,469886000.000000,40926000.000000,0.000000,7.628000,65.809000,65.602000,108384000.000000,0.000000,167.940000,12.555000,12.564000,324944000.000000,2026219000.000000,2077170000.000000,2077170000.000000,483015000.000000,0.098000,0.125000,0.298000,0.237000,318080000.000000,543297000.000000,1.000000,155281414.000000,155392000.000000,162295000.000000,13.367000,3655458000.000000,98573000.000000,96943000.000000,56012000.000000,23.524000
MRT,2022-12-31,2023-01-31,2023-01-31,2023-Q4,2962510000.000000,26552666682.000000,2025-03-24,-31129000.000000,4804296000.000000,4278704500.000000,3969313000.000000,834983000.000000,0.504000,23.916000,-13512000.000000,886465000.000000,886465000.000000,609405000.000000,487706000.000000,3.942000,0.293000,60976000.000000,11306000.000000,49670000.000000,60976000.000000,869285000.000000,41320000.000000,0.000000,0.000000,0.000000,509096000.000000,550416000.000000,0.255000,550416000.000000,509096000.000000,509096000.000000,3.140000,3.000000,3.140000,3716252000.000000,3361812500.000000,3716252000.000000,25749397682.000000,51.000000,46.782000,766958000.000000,4.936000,1.000000,1545655000.000000,0.717000,522353000.000000,0.000000,2449651000.000000,1932294000.000000,0.000000,2216163000.000000,2216163000.000000,0.000000,1088044000.000000,1006803000.000000,81241000.000000,-251575000.000000,0.000000,43654000.000000,0.000000,0.000000,-19376000.000000,-1007683000.000000,-994171000.000000,780470000.000000,-4986000.000000,487706000.000000,487706000.000000,487706000.000000,0.000000,0.000000,0.226000,1086564000.000000,459091000.000000,41678000.000000,0.000000,7.145000,54.444000,54.315000,105153000.000000,0.000000,170.550000,12.321000,12.297000,785229000.000000,2214752000.000000,2155060000.000000,2155060000.000000,520278000.000000,0.114000,0.145000,0.263000,0.236000,351907000.000000,566286000.000000,1.000000,155688459.000000,155385000.000000,162437000.000000,13.869000,4281943000.000000,136697000.000000,21390000.000000,6438000.000000,27.557000
MRT,2023-03-31,2023-04-30,2023-04-30,2024-Q1,3181832000.000000,28618138887.000000,2025-03-24,-25759000.000000,5023370000.000000,4531741500.000000,4188134000.000000,835236000.000000,0.480000,24.667000,-14137000.000000,1093634000.000000,1093634000.000000,636553000.000000,519112000.000000,4.162000,0.274000,58228000.000000,10734000.000000,47494000.000000,58228000.000000,869920000.000000,41923000.000000,0.000000,0.000000,0.000000,470493000.000000,512416000.000000,0.235000,512416000.000000,470493000.000000,470493000.000000,3.310000,3.200000,3.310000,3943063000.000000,3580509500.000000,3943063000.000000,27792649887.000000,59.000000,54.238000,791242000.000000,4.950000,1.000000,1539730000.000000,0.708000,517608000.000000,0.000000,2464054000.000000,2195967250.000000,0.000000,2521268000.000000,2521268000.000000,0.000000,1080307000.000000,1006302000.000000,74005000.000000,-146364000.000000,0.000000,42596000.000000,0.000000,0.000000,-22060000.000000,-926590000.000000,-912453000.000000,805379000.000000,-3093000.000000,519112000.000000,519112000.000000,519112000.000000,0.000000,0.000000,0.239000,1146781000.000000,392949000.000000,44404000.000000,0.000000,7.258000,55.129000,54.103000,102237000.000000,0.000000,179.080000,13.150000,13.154000,451010000.000000,2346273000.000000,2176283000.000000,2176283000.000000,553763000.000000,0.115000,0.145000,0.214000,0.216000,375492000.000000,593018000.000000,1.000000,159806449.000000,159852000.000000,162521000.000000,13.614000,4505762000.000000,156375000.000000,-48619000.000000,6024000.000000,28.187000
MRT,2023-06-30,2023-07-31,2023-07-31,2024-Q2,3359799000.000000,32720918731.000000,2025-03-24,-34383000.000000,5228143000.000000,4809631500.000000,4361753000.000000,866390000.000000,0.464000,25.890000,-22067000.000000,742607000.000000,742607000.000000,653902000.000000,540139000.000000,4.353000,0.259000,58505000.000000,10652000.000000,47853000.000000,58505000.000000,836500000.000000,42727000.000000,0.000000,0.000000,0.000000,503878000.000000,546605000.000000,0.245000,546605000.000000,503878000.000000,503878000.000000,3.430000,3.320000,3.430000,4152643000.000000,3807687500.000000,4152643000.000000,31685512731.000000,63.000000,57.968000,954962000.000000,5.954000,1.000000,1578388000.000000,0.707000,512702000.000000,0.000000,3029385000.000000,2526249750.000000,0.000000,3126132000.000000,3126132000.000000,0.000000,1075500000.000000,1001954000.000000,73546000.000000,-397639000.000000,0.000000,56341000.000000,0.000000,0.000000,-11599000.000000,-1361315000.000000,-1339248000.000000,977029000.000000,-1754000.000000,540139000.000000,540139000.000000,540139000.000000,0.000000,0.000000,0.242000,1182482000.000000,395906000.000000,49932000.000000,0.000000,7.880000,60.579000,59.539000,107996000.000000,0.000000,204.220000,14.658000,14.674000,416607000.000000,2457901000.000000,2232290000.000000,2232290000.000000,576983000.000000,0.112000,0.142000,0.199000,0.226000,382345000.000000,605499000.000000,1.000000,160223870.000000,160396000.000000,163284000.000000,13.917000,4715441000.000000,184331000.000000,-36261000.000000,25426000.000000,29.399000
MRT,2023-09-30,2023-10-31,2023-10-31,2024-Q3,3567508000.000000,30959925259.000000,2025-03-24,-37538000.000000,5225772000.000000,5070395250.000000,4335758000.000000,890014000.000000,0.453000,27.243000,-22368000.000000,743712000.000000,743712000.000000,667677000.000000,566840000.000000,5.644000,0.193000,57666000.000000,9640000.000000,48026000.000000,57666000.000000,644463000.000000,43700000.000000,0.000000,0.000000,0.000000,540692000.000000,584392000.000000,0.254000,584392000.000000,540692000.000000,540692000.000000,3.570000,3.480000,3.570000,4379773000.000000,4047932750.000000,4379773000.000000,30275823259.000000,56.000000,51.807000,894599000.000000,5.565000,1.000000,1628767000.000000,0.709000,507796000.000000,0.000000,3263680000.000000,2801692500.000000,0.000000,3198570000.000000,3198570000.000000,0.000000,845999000.000000,768250000.000000,77749000.000000,-121449000.000000,0.000000,65722000.000000,0.000000,0.000000,-7945000.000000,-1028910000.000000,-1006542000.000000,916967000.000000,-1561000.000000,566840000.000000,566840000.000000,566840000.000000,0.000000,0.000000,0.247000,1225776000.000000,402991000.000000,36236000.000000,0.000000,7.069000,54.618000,53.980000,105736000.000000,0.000000,192.710000,13.482000,13.491000,300341000.000000,2593059000.000000,2296444000.000000,2296444000.000000,608004000.000000,0.112000,0.140000,0.193000,0.235000,390384000.000000,617772000.000000,1.000000,160655520.000000,160768000.000000,163761000.000000,14.284000,4717976000.000000,218348000.000000,-26148000.000000,7705000.000000,29.346000
MRT,2023-12-31,2024-01-31,2024-01-31,2024-Q4,3824328000.000000,33396255759.000000,2025-03-24,-10637000.000000,5910920000.000000,5347051250.000000,5003211000.000000,907709000.000000,0.442000,28.934000,-26196000.000000,703487000.000000,703487000.000000,677291000.000000,525705000.000000,4.244000,0.273000,55775000.000000,9334000.000000,46441000.000000,55775000.000000,1049761000.000000,44319000.000000,0.000000,0.000000,0.000000,588023000.000000,632342000.000000,0.268000,632342000.000000,588023000.000000,588023000.000000,3.270000,3.220000,3.270000,4644824000.000000,4280075750.000000,4644824000.000000,32710209759.000000,56.000000,51.729000,885143000.000000,5.514000,1.000000,1686382000.000000,0.713000,502894000.000000,0.000000,3581431000.000000,3084637500.000000,0.000000,3324269000.000000,3324269000.000000,0.000000,1266096000.000000,1178883000.000000,87213000.000000,-182980000.000000,0.000000,62687000.000000,0.000000,0.000000,-16188000.000000,-1076351000.000000,-1050155000.000000,911339000.000000,-1780000.000000,525705000.000000,525705000.000000,525705000.000000,0.000000,0.000000,0.222000,1257048000.000000,429334000.000000,31513000.000000,0.000000,7.190000,63.527000,63.428000,104134000.000000,0.000000,207.410000,14.129000,14.087000,888537000.000000,2740457000.000000,2363673000.000000,2363673000.000000,629031000.000000,0.098000,0.123000,0.191000,0.249000,393733000.000000,628017000.000000,1.000000,161015649.000000,160532000.000000,163486000.000000,14.724000,5408026000.000000,233463000.000000,62318000.000000,13914000.000000,33.688000
MRT,2024-03-31,2024-04-30,2024-04-30,2025-Q1,4021662000.000000,32031023500.000000,2025-03-24,-30646000.000000,6187558000.000000,5638098250.000000,5244948000.000000,942610000.000000,0.441000,30.290000,-31714000.000000,1197196000.000000,1197196000.000000,684512000.000000,555848000.000000,4.288000,0.266000,55743000.000000,10392000.000000,45351000.000000,55743000.000000,1029455000.000000,44992000.000000,0.000000,0.000000,0.000000,703145000.000000,748137000.000000,0.301000,748137000.000000,703145000.000000,703145000.000000,3.450000,3.390000,3.450000,4889381000.000000,4516655250.000000,4889381000.000000,31383311500.000000,45.000000,41.949000,1137205000.000000,7.045000,1.000000,1803181000.000000,0.725000,498108000.000000,0.000000,3324711000.000000,3299801750.000000,0.000000,3567841000.000000,3567841000.000000,0.000000,1298177000.000000,1223286000.000000,74891000.000000,103560000.000000,0.000000,75888000.000000,0.000000,0.000000,-10968000.000000,-1051335000.000000,-1019621000.000000,1168919000.000000,-3056000.000000,555848000.000000,555848000.000000,555848000.000000,0.000000,0.000000,0.223000,1280207000.000000,522974000.000000,31930000.000000,0.000000,6.551000,57.626000,57.554000,102625000.000000,0.000000,198.560000,12.876000,12.884000,401091000.000000,2902121000.000000,2487693000.000000,2487693000.000000,644782000.000000,0.099000,0.123000,0.213000,0.283000,398925000.000000,635425000.000000,1.000000,161316597.000000,161421000.000000,164394000.000000,15.411000,5689450000.000000,266060000.000000,147297000.000000,72272000.000000,35.246000
MRT,2024-06-30,2024-07-31,2024-07-31,2025-Q2,4297405000.000000,31025813276.000000,2025-03-24,-5575000.000000,6330837000.000000,5913771750.000000,5367843000.000000,962994000.000000,0.435000,32.062000,-25173000.000000,1165754000.000000,1165754000.000000,685866000.000000,615261000.000000,5.015000,0.221000,54094000.000000,10182000.000000,43912000.000000,54094000.000000,956381000.000000,47685000.000000,0.000000,0.000000,0.000000,785330000.000000,833015000.000000,0.324000,833015000.000000,785330000.000000,785330000.000000,3.810000,3.750000,3.810000,5184698000.000000,4774669000.000000,5184698000.000000,29884360276.000000,38.000000,35.875000,971584000.000000,6.008000,1.000000,1887783000.000000,0.734000,493216000.000000,0.000000,3655523000.000000,3456336250.000000,0.000000,3719324000.000000,3719324000.000000,0.000000,1146139000.000000,1070438000.000000,75701000.000000,422140000.000000,0.000000,59293000.000000,0.000000,0.000000,-25029000.000000,-546247000.000000,-521074000.000000,996757000.000000,-3341000.000000,615261000.000000,615261000.000000,615261000.000000,0.000000,0.000000,0.239000,1302371000.000000,585412000.000000,28307000.000000,0.000000,5.984000,50.427000,50.375000,99831000.000000,0.000000,191.930000,12.055000,12.059000,404151000.000000,3073162000.000000,2573649000.000000,2573649000.000000,663983000.000000,0.104000,0.129000,0.227000,0.305000,404406000.000000,638388000.000000,1.000000,161651713.000000,161708000.000000,164564000.000000,15.915000,5837621000.000000,291044000.000000,170069000.000000,6207000.000000,36.100000
MRT,2024-09-30,2024-10-31,2024-10-31,2025-Q3,4590159000.000000,33816637542.000000,2025-03-24,-6459000.000000,6452853000.000000,6220542000.000000,5447160000.000000,1005693000.000000,0.427000,33.962000,-23534000.000000,1044511000.000000,1044511000.000000,692573000.000000,665911000.000000,6.356000,0.173000,71701000.000000,9156000.000000,62545000.000000,71701000.000000,739657000.000000,49233000.000000,0.000000,0.000000,0.000000,856944000.000000,906177000.000000,0.341000,906177000.000000,856944000.000000,856944000.000000,4.120000,4.050000,4.120000,5501403000.000000,5055076500.000000,5501403000.000000,32704977542.000000,38.000000,36.091000,1054742000.000000,6.511000,1.000000,1963778000.000000,0.739000,488404000.000000,0.000000,4134638000.000000,3674075750.000000,0.000000,4018475000.000000,4018475000.000000,0.000000,951450000.000000,857001000.000000,94449000.000000,299794000.000000,0.000000,75607000.000000,0.000000,0.000000,-5180000.000000,-771149000.000000,-747615000.000000,1078276000.000000,-2153000.000000,665911000.000000,665911000.000000,665911000.000000,0.000000,0.000000,0.251000,1325502000.000000,638276000.000000,31845000.000000,0.000000,6.147000,50.783000,50.687000,116020000.000000,0.000000,208.830000,12.730000,12.735000,301289000.000000,3258970000.000000,2656351000.000000,2656351000.000000,675116000.000000,0.107000,0.132000,0.233000,0.323000,421039000.000000,650386000.000000,1.000000,161933810.000000,161987000.000000,164979000.000000,16.399000,5964449000.000000,322652000.000000,191033000.000000,11278000.000000,36.821000
MRT,2024-12-31,2025-01-31,2025-01-31,2025-Q4,4910398000.000000,37869843341.000000,2025-03-24,-8416000.000000,7339756000.000000,6577751000.000000,6308802000.000000,1030954000.000000,0.418000,36.029000,-20519000.000000,1118785000.000000,1118785000.000000,699636000.000000,714138000.000000,4.511000,0.258000,75775000.000000,9969000.000000,65806000.000000,75775000.000000,1273978000.000000,50930000.000000,0.000000,0.000000,0.000000,919381000.000000,970311000.000000,0.353000,970311000.000000,919381000.000000,919381000.000000,4.410000,4.320000,4.410000,5832373000.000000,5351963750.000000,5832373000.000000,36897033341.000000,40.000000,38.026000,1069532000.000000,6.607000,1.000000,2046983000.000000,0.745000,484337000.000000,0.000000,4414005000.000000,3882219250.000000,0.000000,4031442000.000000,4031442000.000000,0.000000,1507383000.000000,1398404000.000000,108979000.000000,414293000.000000,0.000000,105538000.000000,0.000000,0.000000,26115000.000000,-700138000.000000,-679619000.000000,1090051000.000000,-1735000.000000,714138000.000000,714138000.000000,714138000.000000,0.000000,0.000000,0.260000,1355548000.000000,691435000.000000,30447000.000000,0.000000,6.493000,53.029000,52.893000,119775000.000000,0.000000,233.260000,13.788000,13.748000,1057117000.000000,3454595000.000000,2746619000.000000,2746619000.000000,693078000.000000,0.109000,0.133000,0.237000,0.335000,437350000.000000,662470000.000000,1.000000,162350353.000000,161879000.000000,165232000.000000,16.967000,6855419000.000000,343919000.000000,205243000.000000,9611000.000000,42.349000
MRY,2010-12-31,2011-01-31,2011-01-31,2011-FY,,,2025-03-24,,,,,,,,-582000.000000,,,12317000.000000,3909000.000000,,,,,,,,219000.000000,,,0.000000,1783000.000000,2002000.000000,0.069000,2002000.000000,1783000.000000,1783000.000000,0.030000,0.020000,0.030000,,,,,,,4321000.000000,0.328000,1.000000,16812000.000000,0.577000,,0.000000,,,,,,,,,,5133000.000000,0.000000,887000.000000,0.000000,0.000000,887000.000000,-657000.000000,0.000000,4903000.000000,0.000000,428000.000000,428000.000000,428000.000000,0.000000,3481000.000000,0.015000,11721000.000000,5091000.000000,,0.000000,,,,,0.000000,,,,,,29129000.000000,29129000.000000,3637000.000000,,,,0.061000,169000.000000,8084000.000000,1.000000,,13156000.000000,20154000.000000,2.214000,,,1355000.000000,,
MRY,2011-12-31,2012-01-31,2012-01-31,2012-FY,13456000.000000,,2025-03-24,0.000000,41414000.000000,,39664000.000000,1750000.000000,,0.799000,-1193000.000000,16880000.000000,16880000.000000,29056000.000000,4230000.000000,1.513000,1.937000,0.000000,0.000000,0.000000,0.000000,17925000.000000,407000.000000,0.000000,,0.000000,3022000.000000,3429000.000000,0.056000,3429000.000000,3022000.000000,3022000.000000,0.030000,0.020000,0.030000,14103000.000000,,14103000.000000,,,,3543000.000000,0.201000,1.000000,32206000.000000,0.526000,590000.000000,0.000000,-2264000.000000,,0.000000,250000.000000,250000.000000,0.000000,27311000.000000,26208000.000000,1103000.000000,3102000.000000,0.000000,49000.000000,0.000000,0.000000,49000.000000,-1683000.000000,-250000.000000,4736000.000000,0.000000,599000.000000,599000.000000,599000.000000,0.000000,3631000.000000,0.010000,25568000.000000,6638000.000000,1513000.000000,0.000000,,,,824000.000000,0.000000,,,,20567000.000000,6144000.000000,61262000.000000,61262000.000000,7750000.000000,,,,0.049000,434000.000000,17818000.000000,1.000000,,17655000.000000,24776000.000000,3.470000,40824000.000000,1563000.000000,2423000.000000,422000.000000,2.312000
MRY,2012-12-31,2013-01-31,2013-01-31,2013-FY,32601000.000000,,2025-03-24,5000.000000,89820000.000000,65617000.000000,86890000.000000,2930000.000000,1.974000,1.626000,-1554000.000000,31890000.000000,31890000.000000,57016000.000000,18783000.000000,1.601000,1.644000,0.000000,0.000000,0.000000,0.000000,38785000.000000,789000.000000,0.000000,,0.000000,13790000.000000,14579000.000000,0.113000,14579000.000000,13790000.000000,13790000.000000,0.170000,0.110000,0.170000,33966000.000000,24034500.000000,33966000.000000,,,,29245000.000000,1.400000,1.000000,72532000.000000,0.560000,880000.000000,0.000000,2761000.000000,248500.000000,0.000000,14529000.000000,14529000.000000,0.000000,55854000.000000,54289000.000000,1565000.000000,15010000.000000,0.000000,575000.000000,0.000000,0.000000,575000.000000,-16364000.000000,-14375000.000000,30799000.000000,0.000000,3480000.000000,3480000.000000,3480000.000000,0.000000,15303000.000000,0.027000,42499000.000000,30033000.000000,3340000.000000,0.000000,,,,1379000.000000,0.000000,,,,37094000.000000,24927000.000000,129548000.000000,129548000.000000,14638000.000000,0.053000,0.145000,55.493000,0.106000,715000.000000,27861000.000000,1.000000,,20887000.000000,30599000.000000,6.202000,88940000.000000,2280000.000000,10310000.000000,5624000.000000,4.258000
MRY,2013-12-31,2014-01-31,2014-01-31,2014-FY,267115000.000000,3961250522.000000,2025-03-24,19000.000000,370308000.000000,230064000.000000,353732000.000000,16576000.000000,0.913000,5.415000,-2977000.000000,262507000.000000,262507000.000000,82602000.000000,23615000.000000,4.084000,0.322000,0.000000,0.000000,0.000000,0.000000,67380000.000000,2410000.000000,0.000000,0.000000,0.000000,25290000.000000,27700000.000000,0.132000,27700000.000000,25290000.000000,25290000.000000,0.200000,0.150000,0.200000,280096000.000000,157031000.000000,280096000.000000,3704109522.000000,146.000000,133.722000,38776000.000000,0.750000,1.000000,127549000.000000,0.607000,12986000.000000,0.000000,8198000.000000,5479500.000000,0.000000,25625000.000000,25625000.000000,0.000000,90212000.000000,86617000.000000,3595000.000000,230617000.000000,-12149000.000000,215266000.000000,0.000000,0.000000,215440000.000000,-26576000.000000,-11450000.000000,41753000.000000,0.000000,10405000.000000,10405000.000000,10405000.000000,0.000000,13210000.000000,0.050000,88245000.000000,39304000.000000,2117000.000000,0.000000,14.142000,380.706000,158.950000,2445000.000000,0.000000,31.790000,18.850000,7.825000,58433000.000000,48542000.000000,210151000.000000,210151000.000000,26327000.000000,0.045000,0.066000,4.615000,0.120000,6950000.000000,61918000.000000,1.000000,124606811.000000,51725000.000000,68024000.000000,4.063000,357322000.000000,2075000.000000,14885000.000000,439000.000000,6.908000
MRY,2014-12-31,2015-01-31,2015-01-31,2015-FY,366314000.000000,3755911596.000000,2025-03-24,26000.000000,544890000.000000,484202000.000000,501837000.000000,43053000.000000,0.647000,3.186000,-26944000.000000,129253000.000000,129253000.000000,115658000.000000,40383000.000000,3.703000,0.339000,0.000000,0.000000,0.000000,0.000000,112960000.000000,3929000.000000,0.000000,0.000000,0.000000,66941000.000000,70870000.000000,0.226000,70870000.000000,66941000.000000,66941000.000000,0.310000,0.280000,0.310000,406833000.000000,368928250.000000,406833000.000000,3623776596.000000,54.000000,51.133000,40630000.000000,0.318000,1.000000,197564000.000000,0.631000,10994000.000000,0.000000,269120000.000000,212886250.000000,0.000000,268620000.000000,268620000.000000,0.000000,138057000.000000,135523000.000000,2534000.000000,-133254000.000000,0.000000,45936000.000000,0.000000,0.000000,71262000.000000,-272018000.000000,-245095000.000000,67574000.000000,-72000.000000,40138000.000000,40138000.000000,40138000.000000,0.000000,245000.000000,0.128000,127598000.000000,69966000.000000,3886000.000000,0.000000,9.232000,93.575000,92.774000,28203000.000000,0.000000,28.760000,11.991000,11.727000,92661000.000000,88925000.000000,313222000.000000,313222000.000000,41156000.000000,0.083000,0.109000,0.314000,0.214000,14325000.000000,86442000.000000,1.000000,130594979.000000,127713000.000000,144204000.000000,2.453000,533896000.000000,4815000.000000,26803000.000000,3411000.000000,4.180000
MRY,2015-12-31,2016-01-31,2016-01-31,2016-FY,314685000.000000,3205193406.000000,2025-03-24,172000.000000,705799000.000000,622781750.000000,500964000.000000,204835000.000000,0.657000,3.827000,-21584000.000000,132179000.000000,132179000.000000,142214000.000000,54460000.000000,2.689000,0.397000,0.000000,0.000000,0.000000,0.000000,157419000.000000,8464000.000000,0.000000,0.000000,0.000000,78570000.000000,87034000.000000,0.213000,87034000.000000,78570000.000000,78570000.000000,0.410000,0.380000,0.410000,505249000.000000,465453500.000000,505249000.000000,3096599406.000000,39.000000,35.579000,58570000.000000,0.444000,1.000000,267007000.000000,0.652000,143304000.000000,0.000000,244037000.000000,275324500.000000,0.000000,214024000.000000,214024000.000000,0.000000,200550000.000000,186279000.000000,14271000.000000,2926000.000000,-126183000.000000,5885000.000000,0.000000,0.000000,19406000.000000,-96683000.000000,51611000.000000,80154000.000000,49000.000000,54413000.000000,54413000.000000,54413000.000000,0.000000,47000.000000,0.133000,188418000.000000,78589000.000000,4600000.000000,0.000000,6.344000,58.905000,58.780000,47469000.000000,0.000000,24.100000,7.832000,7.775000,144798000.000000,143385000.000000,409221000.000000,409221000.000000,65976000.000000,0.087000,0.117000,0.285000,0.192000,24258000.000000,122442000.000000,1.000000,132995577.000000,132020000.000000,144977000.000000,3.100000,562495000.000000,9359000.000000,24157000.000000,11372000.000000,4.261000
MRY,2016-12-31,2017-01-31,2017-01-31,2017-FY,465081000.000000,5806084350.000000,2025-03-24,111000.000000,917376000.000000,811218500.000000,711865000.000000,205511000.000000,0.679000,4.810000,-7507000.000000,217606000.000000,217606000.000000,173681000.000000,77572000.000000,2.885000,0.406000,0.000000,0.000000,0.000000,0.000000,213562000.000000,13825000.000000,0.000000,0.000000,0.000000,122352000.000000,136177000.000000,0.247000,136177000.000000,122352000.000000,122352000.000000,0.570000,0.530000,0.570000,652654000.000000,588553250.000000,652654000.000000,5600006350.000000,46.000000,41.123000,136504000.000000,1.006000,1.000000,376861000.000000,0.685000,135087000.000000,0.000000,317899000.000000,245193750.000000,0.000000,301266000.000000,301266000.000000,0.000000,264722000.000000,246784000.000000,17938000.000000,85324000.000000,0.000000,12362000.000000,0.000000,0.000000,37976000.000000,-96754000.000000,-89247000.000000,144011000.000000,91000.000000,77569000.000000,77569000.000000,77569000.000000,0.000000,3000.000000,0.141000,256173000.000000,120688000.000000,5677000.000000,0.000000,8.896000,74.851000,74.263000,49907000.000000,0.000000,42.330000,10.546000,10.434000,182816000.000000,212884000.000000,550542000.000000,550542000.000000,96743000.000000,0.096000,0.132000,0.499000,0.222000,40798000.000000,159430000.000000,1.000000,137162399.000000,135698000.000000,147578000.000000,4.057000,782289000.000000,16460000.000000,44783000.000000,16202000.000000,5.765000
MRY,2017-12-31,2018-01-31,2018-01-31,2018-FY,706252000.000000,8884841032.000000,2025-03-24,1600000.000000,1230333000.000000,1077020500.000000,1012421000.000000,217912000.000000,0.641000,6.459000,-11367000.000000,320183000.000000,320183000.000000,211422000.000000,151177000.000000,3.307000,0.358000,0.000000,0.000000,0.000000,0.000000,266939000.000000,14277000.000000,0.000000,0.000000,0.000000,165771000.000000,180048000.000000,0.261000,180048000.000000,165771000.000000,165771000.000000,1.080000,0.980000,1.080000,906238000.000000,800053250.000000,906238000.000000,8574045032.000000,52.000000,47.621000,222071000.000000,1.583000,1.000000,479137000.000000,0.694000,127294000.000000,0.000000,476687000.000000,334103750.000000,0.000000,441779000.000000,441779000.000000,0.000000,324095000.000000,306169000.000000,17926000.000000,102780000.000000,0.000000,20773000.000000,0.000000,0.000000,20773000.000000,-154520000.000000,-143153000.000000,233438000.000000,3089000.000000,151177000.000000,151177000.000000,151177000.000000,0.000000,0.000000,0.219000,321208000.000000,157929000.000000,6944000.000000,0.000000,9.804000,58.771000,58.204000,52284000.000000,0.000000,62.860000,12.866000,12.772000,238016000.000000,389365000.000000,690559000.000000,690559000.000000,132017000.000000,0.140000,0.189000,0.496000,0.240000,54049000.000000,189191000.000000,1.000000,141343319.000000,140311000.000000,153681000.000000,4.922000,1103039000.000000,2222000.000000,14594000.000000,13029000.000000,7.861000
MRY,2018-12-31,2019-01-31,2019-01-31,2019-FY,1032392000.000000,15846582681.000000,2025-03-24,928000.000000,1653766000.000000,1433323500.000000,1433414000.000000,220352000.000000,0.602000,8.581000,-9819000.000000,550971000.000000,550971000.000000,245281000.000000,229832000.000000,3.574000,0.336000,0.000000,0.000000,0.000000,0.000000,356357000.000000,14071000.000000,0.000000,0.000000,0.000000,238643000.000000,252714000.000000,0.293000,252714000.000000,238643000.000000,238643000.000000,1.590000,1.470000,1.590000,1237749000.000000,1100216750.000000,1237749000.000000,15378939681.000000,64.000000,60.855000,301008000.000000,2.087000,1.000000,616929000.000000,0.716000,120325000.000000,0.000000,581448000.000000,498165250.000000,0.000000,539190000.000000,539190000.000000,0.000000,416017000.000000,401022000.000000,14995000.000000,230791000.000000,0.000000,25910000.000000,0.000000,0.000000,25910000.000000,-103869000.000000,-94050000.000000,310827000.000000,-2077000.000000,229832000.000000,229832000.000000,229832000.000000,0.000000,0.000000,0.267000,394063000.000000,222866000.000000,9110000.000000,0.000000,12.803000,68.949000,68.591000,54966000.000000,0.000000,109.060000,18.379000,18.245000,321587000.000000,619197000.000000,862210000.000000,862210000.000000,158783000.000000,0.160000,0.209000,0.479000,0.277000,76425000.000000,235280000.000000,1.000000,145301510.000000,144244000.000000,156117000.000000,5.977000,1533441000.000000,5938000.000000,8811000.000000,10181000.000000,10.631000
MRY,2019-12-31,2020-01-31,2020-01-31,2020-FY,979952000.000000,21784294328.000000,2025-03-24,460000.000000,2271777000.000000,1952043750.000000,1531124000.000000,740653000.000000,0.566000,11.270000,-4321000.000000,476733000.000000,476733000.000000,303369000.000000,301118000.000000,2.778000,0.364000,54828000.000000,10013000.000000,44815000.000000,54828000.000000,468887000.000000,27825000.000000,0.000000,0.000000,0.000000,313697000.000000,341522000.000000,0.309000,341522000.000000,313697000.000000,313697000.000000,2.040000,1.900000,2.040000,1665594000.000000,1501069750.000000,1665594000.000000,20919025328.000000,67.000000,61.252000,433054000.000000,2.930000,1.000000,800712000.000000,0.725000,573130000.000000,0.000000,725570000.000000,602104000.000000,0.000000,610015000.000000,610015000.000000,0.000000,606183000.000000,551172000.000000,55011000.000000,-72381000.000000,-448162000.000000,10994000.000000,-984000.000000,0.000000,10010000.000000,-516910000.000000,-64427000.000000,437375000.000000,-2856000.000000,301118000.000000,301118000.000000,301118000.000000,0.000000,0.000000,0.273000,514493000.000000,286219000.000000,19420000.000000,0.000000,13.079000,72.345000,71.868000,103884000.000000,0.000000,146.610000,19.731000,19.626000,422507000.000000,919658000.000000,1104081000.000000,1104081000.000000,209895000.000000,0.154000,0.201000,0.521000,0.284000,115906000.000000,304598000.000000,1.000000,148586688.000000,147796000.000000,158296000.000000,7.470000,1698647000.000000,11870000.000000,12579000.000000,8030000.000000,11.493000
MRY,2020-12-31,2021-01-31,2021-01-31,2021-FY,1594874000.000000,41871146870.000000,2025-03-24,992000.000000,3046067000.000000,2637684000.000000,2310826000.000000,735241000.000000,0.555000,15.042000,-8683000.000000,730504000.000000,730504000.000000,408928000.000000,379998000.000000,3.228000,0.344000,63118000.000000,11725000.000000,51393000.000000,63118000.000000,616992000.000000,39802000.000000,0.000000,0.000000,0.000000,393993000.000000,433795000.000000,0.296000,433795000.000000,393993000.000000,393993000.000000,2.520000,2.360000,2.520000,2266320000.000000,2032615500.000000,2266320000.000000,41295896870.000000,105.000000,95.197000,542563000.000000,3.601000,1.000000,1056141000.000000,0.721000,550624000.000000,0.000000,1112105000.000000,869884750.000000,0.000000,933122000.000000,933122000.000000,0.000000,779747000.000000,715952000.000000,63795000.000000,251914000.000000,0.000000,34857000.000000,-1039000.000000,0.000000,33818000.000000,-333634000.000000,-324951000.000000,551246000.000000,484000.000000,379998000.000000,379998000.000000,379998000.000000,0.000000,0.000000,0.259000,678347000.000000,377794000.000000,23253000.000000,0.000000,18.475000,110.188000,109.698000,110567000.000000,0.000000,276.440000,28.580000,28.429000,611593000.000000,1299656000.000000,1465069000.000000,1465069000.000000,294220000.000000,0.144000,0.187000,0.453000,0.269000,185001000.000000,384127000.000000,1.000000,151465587.000000,150666000.000000,160732000.000000,9.724000,2495443000.000000,14100000.000000,13995000.000000,4425000.000000,16.563000
MRY,2021-12-31,2022-01-31,2022-01-31,2022-FY,2266404000.000000,36371382212.000000,2025-03-24,-11958000.000000,3816465000.000000,3439370750.000000,3107183000.000000,709282000.000000,0.538000,18.999000,-14214000.000000,1138040000.000000,1138040000.000000,503678000.000000,427390000.000000,3.696000,0.311000,54588000.000000,10981000.000000,43607000.000000,54588000.000000,731746000.000000,38893000.000000,0.000000,0.000000,0.000000,512311000.000000,551204000.000000,0.298000,551204000.000000,512311000.000000,512311000.000000,2.790000,2.630000,2.790000,2911637000.000000,2686519750.000000,2911637000.000000,35277476212.000000,69.000000,64.001000,750249000.000000,4.896000,1.000000,1347099000.000000,0.728000,541817000.000000,0.000000,1350417000.000000,1131676500.000000,0.000000,1238064000.000000,1238064000.000000,0.000000,904828000.000000,840779000.000000,64049000.000000,409514000.000000,-7780000.000000,51538000.000000,-384000.000000,0.000000,-4140000.000000,-346152000.000000,-324158000.000000,764463000.000000,-4657000.000000,427390000.000000,427390000.000000,427390000.000000,0.000000,0.000000,0.231000,841603000.000000,505496000.000000,20348000.000000,0.000000,12.492000,85.101000,84.781000,104135000.000000,0.000000,236.540000,19.652000,19.586000,694400000.000000,1727046000.000000,1850777000.000000,1850777000.000000,382035000.000000,0.124000,0.159000,0.453000,0.277000,234636000.000000,459568000.000000,1.000000,153764193.000000,153251000.000000,162277000.000000,12.077000,3274648000.000000,5097000.000000,84921000.000000,9977000.000000,21.368000
MRY,2022-12-31,2023-01-31,2023-01-31,2023-FY,2962510000.000000,26552666682.000000,2025-03-24,-31129000.000000,4804296000.000000,4278704500.000000,3969313000.000000,834983000.000000,0.504000,23.916000,-13512000.000000,886465000.000000,886465000.000000,609405000.000000,487706000.000000,3.942000,0.293000,60976000.000000,11306000.000000,49670000.000000,60976000.000000,869285000.000000,41320000.000000,0.000000,0.000000,0.000000,509096000.000000,550416000.000000,0.255000,550416000.000000,509096000.000000,509096000.000000,3.140000,3.000000,3.140000,3716252000.000000,3361812500.000000,3716252000.000000,25749397682.000000,51.000000,46.782000,766958000.000000,4.936000,1.000000,1545655000.000000,0.717000,522353000.000000,0.000000,2449651000.000000,1932294000.000000,0.000000,2216163000.000000,2216163000.000000,0.000000,1088044000.000000,1006803000.000000,81241000.000000,-251575000.000000,0.000000,43654000.000000,0.000000,0.000000,-19376000.000000,-1007683000.000000,-994171000.000000,780470000.000000,-4986000.000000,487706000.000000,487706000.000000,487706000.000000,0.000000,0.000000,0.226000,1086564000.000000,459091000.000000,41678000.000000,0.000000,7.145000,54.444000,54.315000,105153000.000000,0.000000,170.550000,12.321000,12.297000,785229000.000000,2214752000.000000,2155060000.000000,2155060000.000000,520278000.000000,0.114000,0.145000,0.263000,0.236000,351907000.000000,566286000.000000,1.000000,155688459.000000,155385000.000000,162437000.000000,13.869000,4281943000.000000,136697000.000000,21390000.000000,6438000.000000,27.557000
MRY,2023-12-31,2024-01-31,2024-01-31,2024-FY,3824328000.000000,33396255759.000000,2025-03-24,-10637000.000000,5910920000.000000,5347051250.000000,5003211000.000000,907709000.000000,0.442000,28.934000,-26196000.000000,703487000.000000,703487000.000000,677291000.000000,525705000.000000,4.244000,0.273000,55775000.000000,9334000.000000,46441000.000000,55775000.000000,1049761000.000000,44319000.000000,0.000000,0.000000,0.000000,588023000.000000,632342000.000000,0.268000,632342000.000000,588023000.000000,588023000.000000,3.270000,3.220000,3.270000,4644824000.000000,4280075750.000000,4644824000.000000,32710209759.000000,56.000000,51.729000,885143000.000000,5.514000,1.000000,1686382000.000000,0.713000,502894000.000000,0.000000,3581431000.000000,3084637500.000000,0.000000,3324269000.000000,3324269000.000000,0.000000,1266096000.000000,1178883000.000000,87213000.000000,-182980000.000000,0.000000,62687000.000000,0.000000,0.000000,-16188000.000000,-1076351000.000000,-1050155000.000000,911339000.000000,-1780000.000000,525705000.000000,525705000.000000,525705000.000000,0.000000,0.000000,0.222000,1257048000.000000,429334000.000000,31513000.000000,0.000000,7.190000,63.527000,63.428000,104134000.000000,0.000000,207.410000,14.129000,14.087000,888537000.000000,2740457000.000000,2363673000.000000,2363673000.000000,629031000.000000,0.098000,0.123000,0.191000,0.249000,393733000.000000,628017000.000000,1.000000,161015649.000000,160532000.000000,163486000.000000,14.724000,5408026000.000000,233463000.000000,62318000.000000,13914000.000000,33.688000
MRY,2024-12-31,2025-01-31,2025-01-31,2025-FY,4910398000.000000,37869843341.000000,2025-03-24,-8416000.000000,7339756000.000000,6577751000.000000,6308802000.000000,1030954000.000000,0.418000,36.029000,-20519000.000000,1118785000.000000,1118785000.000000,699636000.000000,714138000.000000,4.511000,0.258000,75775000.000000,9969000.000000,65806000.000000,75775000.000000,1273978000.000000,50930000.000000,0.000000,0.000000,0.000000,919381000.000000,970311000.000000,0.353000,970311000.000000,919381000.000000,919381000.000000,4.410000,4.320000,4.410000,5832373000.000000,5351963750.000000,5832373000.000000,36897033341.000000,40.000000,38.026000,1069532000.000000,6.607000,1.000000,2046983000.000000,0.745000,484337000.000000,0.000000,4414005000.000000,3882219250.000000,0.000000,4031442000.000000,4031442000.000000,0.000000,1507383000.000000,1398404000.000000,108979000.000000,414293000.000000,0.000000,105538000.000000,0.000000,0.000000,26115000.000000,-700138000.000000,-679619000.000000,1090051000.000000,-1735000.000000,714138000.000000,714138000.000000,714138000.000000,0.000000,0.000000,0.260000,1355548000.000000,691435000.000000,30447000.000000,0.000000,6.493000,53.029000,52.893000,119775000.000000,0.000000,233.260000,13.788000,13.748000,1057117000.000000,3454595000.000000,2746619000.000000,2746619000.000000,693078000.000000,0.109000,0.133000,0.237000,0.335000,437350000.000000,662470000.000000,1.000000,162350353.000000,161879000.000000,165232000.000000,16.967000,6855419000.000000,343919000.000000,205243000.000000,9611000.000000,42.349000
