dimension,calendardate,datekey,reportperiod,fiscalperiod,workingcapital,marketcap,lastupdated,accoci,assets,assetsavg,assetsc,assetsnc,assetturnover,bvps,capex,cashneq,cashnequsd,cor,consolinc,currentratio,de,debt,debtc,debtnc,debtusd,deferredrev,depamor,deposits,divyield,dps,ebit,ebitda,ebitdamargin,ebitdausd,ebitusd,ebt,eps,epsdil,epsusd,equity,equityavg,equityusd,ev,evebit,evebitda,fcf,fcfps,fxusd,gp,grossmargin,intangibles,intexp,invcap,invcapavg,inventory,investments,investmentsc,investmentsnc,liabilities,liabilitiesc,liabilitiesnc,ncf,ncfbus,ncfcommon,ncfdebt,ncfdiv,ncff,ncfi,ncfinv,ncfo,ncfx,netinc,netinccmn,netinccmnusd,netincdis,netincnci,netmargin,opex,opinc,payables,payoutratio,pb,pe,pe1,ppnenet,prefdivis,price,ps,ps1,receivables,retearn,revenue,revenueusd,rnd,roa,roe,roic,ros,sbcomp,sgna,sharefactor,sharesbas,shareswa,shareswadil,sps,tangibles,taxassets,taxexp,taxliabilities,tbvps
ARQ,2012-06-30,2012-10-11,2012-07-31,2013-Q2,14323000.000000,,2025-05-23,25000.000000,267155000.000000,,209897000.000000,57258000.000000,,-6.425000,,36741000.000000,36741000.000000,,,1.073000,-1.440000,16087000.000000,8219000.000000,7868000.000000,16087000.000000,247471000.000000,,0.000000,,0.000000,,,,,,,,,,-217690000.000000,,-217690000.000000,,,,,,1.000000,,,8532000.000000,,42395000.000000,,0.000000,85910000.000000,85910000.000000,0.000000,313532000.000000,195574000.000000,117958000.000000,,,,,,,,,,,,,,,,,,,3366000.000000,,,,,29406000.000000,,,,,68481000.000000,-329465000.000000,,,,,,,,,,1.000000,160290031.000000,33881000.000000,,,258623000.000000,0.000000,,0.000000,7.633000
ARQ,2012-09-30,2012-12-07,2012-10-31,2013-Q3,666760000.000000,8499200000.000000,2025-05-23,32000.000000,950148000.000000,,881654000.000000,68494000.000000,,9.934000,-801000.000000,442980000.000000,442980000.000000,30194000.000000,-41310000.000000,4.103000,0.544000,27013000.000000,9580000.000000,17433000.000000,27013000.000000,252163000.000000,4461000.000000,0.000000,0.000000,0.000000,-41232000.000000,-36771000.000000,-0.506000,-36771000.000000,-41232000.000000,-41232000.000000,-0.670000,-0.670000,-0.670000,615501000.000000,,615501000.000000,8083233000.000000,,,-10159000.000000,-0.164000,1.000000,42424000.000000,0.584000,8509000.000000,0.000000,310778000.000000,,0.000000,354397000.000000,354397000.000000,0.000000,334647000.000000,214894000.000000,119753000.000000,406239000.000000,0.000000,687575000.000000,-2369000.000000,0.000000,685206000.000000,-269615000.000000,-268814000.000000,-9358000.000000,6000.000000,-41310000.000000,-41471000.000000,-41471000.000000,0.000000,0.000000,-0.571000,83292000.000000,-40868000.000000,3481000.000000,0.000000,13.809000,,,39760000.000000,161000.000000,51.200000,,,61099000.000000,-370936000.000000,72618000.000000,72618000.000000,28075000.000000,,,,,6152000.000000,55217000.000000,1.000000,166000000.000000,61960000.000000,61960000.000000,1.172000,941639000.000000,0.000000,78000.000000,0.000000,15.198000
ARQ,2012-12-31,2013-03-22,2013-01-31,2013-Q4,629528000.000000,10373340000.000000,2025-05-23,68000.000000,959080000.000000,,884302000.000000,74778000.000000,,8.003000,-9095000.000000,84158000.000000,84158000.000000,32986000.000000,-30944000.000000,3.471000,0.619000,24980000.000000,12008000.000000,12972000.000000,24980000.000000,285260000.000000,5784000.000000,0.000000,0.000000,0.000000,-30845000.000000,-25061000.000000,-0.307000,-25061000.000000,-30845000.000000,-30845000.000000,0.440000,0.440000,0.440000,592283000.000000,,592283000.000000,10314162000.000000,-87.000000,-101.774000,-3155000.000000,-0.043000,1.000000,48533000.000000,0.595000,8488000.000000,0.000000,636640000.000000,,0.000000,706181000.000000,706181000.000000,0.000000,366797000.000000,254774000.000000,112023000.000000,-358822000.000000,0.000000,285000.000000,-3541000.000000,0.000000,-3256000.000000,-361501000.000000,-352406000.000000,5940000.000000,-5000.000000,-30944000.000000,-30944000.000000,-30944000.000000,0.000000,0.000000,-0.380000,79211000.000000,-30678000.000000,2665000.000000,0.000000,17.514000,-86.619000,-38.574000,44585000.000000,0.000000,62.490000,37.906000,16.901000,67437000.000000,-401880000.000000,81519000.000000,81519000.000000,30252000.000000,,,,,5448000.000000,48959000.000000,1.000000,166000000.000000,74011000.000000,74011000.000000,1.101000,950592000.000000,0.000000,99000.000000,0.000000,12.844000
ARQ,2013-03-31,2013-06-05,2013-04-30,2014-Q1,584552000.000000,10739840000.000000,2025-05-23,65000.000000,981255000.000000,,893684000.000000,87571000.000000,,3.402000,-1895000.000000,219264000.000000,219264000.000000,36699000.000000,-33015000.000000,2.891000,0.716000,21342000.000000,11179000.000000,10163000.000000,21342000.000000,300938000.000000,6569000.000000,0.000000,0.000000,0.000000,-32880000.000000,-26311000.000000,-0.287000,-26311000.000000,-32880000.000000,-32880000.000000,-0.200000,-0.200000,-0.200000,571785000.000000,,571785000.000000,10541918000.000000,,,15415000.000000,0.092000,1.000000,54946000.000000,0.600000,8488000.000000,0.000000,465713000.000000,,0.000000,586503000.000000,586503000.000000,0.000000,409470000.000000,309132000.000000,100338000.000000,135106000.000000,0.000000,4565000.000000,-3753000.000000,0.000000,820000.000000,117062000.000000,118867000.000000,17310000.000000,-86000.000000,-33015000.000000,-33015000.000000,-33015000.000000,0.000000,0.000000,-0.360000,87570000.000000,-32624000.000000,16408000.000000,0.000000,18.783000,,,54197000.000000,0.000000,62.080000,,,60345000.000000,-434895000.000000,91645000.000000,91645000.000000,36282000.000000,,,,,7416000.000000,51288000.000000,1.000000,173000000.000000,168074000.000000,168074000.000000,0.545000,972767000.000000,0.000000,135000.000000,0.000000,5.788000
ARQ,2013-06-30,2013-09-06,2013-07-31,2014-Q2,1084674000.000000,13224000000.000000,2025-05-23,111000.000000,1505973000.000000,,1395395000.000000,110578000.000000,,3.684000,-29732000.000000,437432000.000000,437432000.000000,40754000.000000,-35978000.000000,4.491000,1.358000,476256000.000000,10720000.000000,465536000.000000,476256000.000000,325618000.000000,8051000.000000,0.000000,0.000000,0.000000,-35762000.000000,-27711000.000000,-0.258000,-27711000.000000,-35762000.000000,-35762000.000000,-0.210000,-0.210000,-0.210000,638741000.000000,,638741000.000000,13262824000.000000,-94.000000,-114.479000,-42648000.000000,-0.246000,1.000000,66801000.000000,0.621000,8488000.000000,0.000000,1225588000.000000,,0.000000,857169000.000000,857169000.000000,0.000000,867232000.000000,310721000.000000,556511000.000000,218168000.000000,0.000000,94818000.000000,581356000.000000,0.000000,532517000.000000,-301433000.000000,-271701000.000000,-12916000.000000,0.000000,-35978000.000000,-35978000.000000,-35978000.000000,0.000000,0.000000,-0.335000,99084000.000000,-32283000.000000,6337000.000000,0.000000,20.703000,-93.517000,-118.750000,64097000.000000,0.000000,76.000000,37.426000,37.292000,66972000.000000,-470873000.000000,107555000.000000,107555000.000000,41168000.000000,,,,,9783000.000000,57916000.000000,1.000000,174000000.000000,173375000.000000,173375000.000000,0.620000,1497485000.000000,0.000000,216000.000000,0.000000,8.637000
ARQ,2013-09-30,2013-12-02,2013-10-31,2014-Q3,1043900000.000000,14087500000.000000,2025-05-23,184000.000000,1528185000.000000,,1405602000.000000,122583000.000000,,3.518000,-16757000.000000,183460000.000000,183460000.000000,48591000.000000,-47534000.000000,3.886000,1.491000,478682000.000000,10044000.000000,468638000.000000,478682000.000000,351769000.000000,9361000.000000,0.000000,0.000000,0.000000,-47292000.000000,-37931000.000000,-0.297000,-37931000.000000,-47292000.000000,-47292000.000000,-0.270000,-0.270000,-0.270000,613402000.000000,,613402000.000000,14382722000.000000,-98.000000,-122.915000,-9681000.000000,-0.056000,1.000000,79281000.000000,0.620000,8488000.000000,0.000000,1453217000.000000,,0.000000,1099235000.000000,1099235000.000000,0.000000,914783000.000000,361702000.000000,553081000.000000,-253972000.000000,0.000000,2637000.000000,-2817000.000000,0.000000,-776000.000000,-260304000.000000,-243547000.000000,7076000.000000,32000.000000,-47534000.000000,-47534000.000000,-47534000.000000,0.000000,0.000000,-0.372000,119680000.000000,-40399000.000000,8228000.000000,0.000000,22.966000,-95.527000,-335.417000,73960000.000000,0.000000,80.500000,34.478000,34.357000,86961000.000000,-518407000.000000,127872000.000000,127872000.000000,49349000.000000,,,,,19683000.000000,70331000.000000,1.000000,175000000.000000,174385000.000000,174385000.000000,0.733000,1519697000.000000,0.000000,242000.000000,0.000000,8.715000
ARQ,2013-12-31,2014-03-31,2014-01-31,2014-Q4,1601768000.000000,16823120000.000000,2025-05-23,269000.000000,2176265000.000000,,2023658000.000000,152607000.000000,,6.927000,-27341000.000000,581326000.000000,581326000.000000,50766000.000000,-55982000.000000,4.797000,0.833000,481378000.000000,9377000.000000,472001000.000000,481378000.000000,413565000.000000,10714000.000000,0.000000,0.000000,0.000000,-54897000.000000,-44183000.000000,-0.311000,-44183000.000000,-54897000.000000,-54897000.000000,-0.330000,-0.330000,-0.330000,1187217000.000000,,1187217000.000000,16723172000.000000,-98.000000,-122.842000,7452000.000000,0.043000,1.000000,91100000.000000,0.642000,8488000.000000,0.000000,1645939000.000000,,0.000000,1305253000.000000,1305253000.000000,0.000000,989048000.000000,421890000.000000,567158000.000000,397866000.000000,0.000000,606621000.000000,-2624000.000000,0.000000,601049000.000000,-237958000.000000,-209617000.000000,34793000.000000,-18000.000000,-55982000.000000,-55982000.000000,-55982000.000000,0.000000,0.000000,-0.395000,139076000.000000,-47976000.000000,6212000.000000,0.000000,14.170000,-97.520000,-90.525000,77664000.000000,0.000000,91.430000,35.875000,33.398000,92184000.000000,-574389000.000000,141866000.000000,141866000.000000,55317000.000000,,,,,24969000.000000,83759000.000000,1.000000,184000000.000000,171381000.000000,171381000.000000,0.828000,2167777000.000000,0.000000,1085000.000000,0.000000,12.649000
ARQ,2014-03-31,2014-06-06,2014-04-30,2015-Q1,1526573000.000000,14986850000.000000,2025-05-23,481000.000000,2206690000.000000,,2013893000.000000,192797000.000000,,6.311000,-9873000.000000,246001000.000000,246001000.000000,57419000.000000,-59389000.000000,4.133000,0.910000,484034000.000000,8442000.000000,475592000.000000,484034000.000000,461943000.000000,12523000.000000,0.000000,0.000000,0.000000,-59082000.000000,-46559000.000000,-0.291000,-46559000.000000,-59082000.000000,-59082000.000000,-0.320000,-0.320000,-0.320000,1155436000.000000,,1155436000.000000,15224883000.000000,-77.000000,-97.356000,11824000.000000,0.065000,1.000000,102318000.000000,0.641000,35679000.000000,0.000000,1921724000.000000,,0.000000,1619950000.000000,1619950000.000000,0.000000,1051254000.000000,487320000.000000,563934000.000000,-335325000.000000,-26317000.000000,-2011000.000000,-2744000.000000,0.000000,-4695000.000000,-352366000.000000,-317176000.000000,21697000.000000,39000.000000,-59389000.000000,-59389000.000000,-59389000.000000,0.000000,0.000000,-0.372000,154401000.000000,-52083000.000000,12033000.000000,0.000000,12.971000,-75.355000,-71.690000,89125000.000000,0.000000,81.010000,27.907000,27.618000,99136000.000000,-633778000.000000,159737000.000000,159737000.000000,65171000.000000,,,,,28874000.000000,89230000.000000,1.000000,185000000.000000,183084000.000000,183084000.000000,0.872000,2171011000.000000,0.000000,307000.000000,0.000000,11.858000
ARQ,2014-06-30,2014-09-02,2014-07-31,2015-Q2,1491345000.000000,16730700000.000000,2025-05-23,-37000.000000,2194898000.000000,,1980810000.000000,214088000.000000,,6.179000,-28409000.000000,262634000.000000,262634000.000000,65640000.000000,-69215000.000000,4.047000,0.927000,485097000.000000,5133000.000000,479964000.000000,485097000.000000,481473000.000000,14474000.000000,0.000000,0.000000,0.000000,-68722000.000000,-54248000.000000,-0.290000,-54248000.000000,-68722000.000000,-68722000.000000,-0.380000,-0.380000,-0.380000,1138841000.000000,,1138841000.000000,16953163000.000000,-74.000000,-92.680000,-37420000.000000,-0.203000,1.000000,121140000.000000,0.649000,35379000.000000,0.000000,1892517000.000000,,0.000000,1559748000.000000,1559748000.000000,0.000000,1056057000.000000,489465000.000000,566592000.000000,16633000.000000,0.000000,11885000.000000,-4418000.000000,0.000000,7467000.000000,18192000.000000,46601000.000000,-9011000.000000,-15000.000000,-69215000.000000,-69215000.000000,-69215000.000000,0.000000,0.000000,-0.371000,182909000.000000,-61769000.000000,6561000.000000,0.000000,14.691000,-72.078000,-69.192000,105855000.000000,0.000000,89.950000,27.149000,26.904000,100534000.000000,-702993000.000000,186780000.000000,186780000.000000,77464000.000000,,,,,40782000.000000,105445000.000000,1.000000,186000000.000000,184319000.000000,184319000.000000,1.013000,2159519000.000000,0.000000,493000.000000,0.000000,11.716000
ARQ,2014-09-30,2014-12-05,2014-10-31,2015-Q3,1472113000.000000,15588320000.000000,2025-05-23,64000.000000,2232318000.000000,,2009746000.000000,222572000.000000,,6.127000,-27699000.000000,192142000.000000,192142000.000000,71789000.000000,-59912000.000000,3.738000,0.977000,489536000.000000,4681000.000000,484855000.000000,489536000.000000,508131000.000000,15682000.000000,0.000000,0.000000,0.000000,-59513000.000000,-43831000.000000,-0.204000,-43831000.000000,-59513000.000000,-59513000.000000,-0.330000,-0.330000,-0.330000,1129216000.000000,,1129216000.000000,15885714000.000000,-66.000000,-84.131000,13343000.000000,0.072000,1.000000,143281000.000000,0.666000,35079000.000000,0.000000,1957000000.000000,,0.000000,1642517000.000000,1642517000.000000,0.000000,1103102000.000000,537633000.000000,565469000.000000,-70492000.000000,0.000000,2615000.000000,-1123000.000000,0.000000,1583000.000000,-112934000.000000,-85235000.000000,41042000.000000,-183000.000000,-59912000.000000,-59912000.000000,-59912000.000000,0.000000,0.000000,-0.279000,194747000.000000,-51466000.000000,9610000.000000,0.000000,13.805000,-63.756000,-61.294000,116640000.000000,0.000000,83.360000,22.160000,21.841000,118943000.000000,-762905000.000000,215070000.000000,215070000.000000,85270000.000000,,,,,47008000.000000,109477000.000000,1.000000,187000000.000000,184310000.000000,184310000.000000,1.167000,2197239000.000000,0.000000,399000.000000,0.000000,11.921000
ARQ,2014-12-31,2015-03-25,2015-01-31,2015-Q4,1467774000.000000,15736140000.000000,2025-05-23,-140000.000000,2358633000.000000,,2109039000.000000,249594000.000000,,6.037000,-37665000.000000,298192000.000000,298192000.000000,69955000.000000,-59466000.000000,3.289000,1.095000,493708000.000000,3207000.000000,490501000.000000,493708000.000000,632744000.000000,16526000.000000,0.000000,0.000000,0.000000,-58655000.000000,-42129000.000000,-0.186000,-42129000.000000,-58655000.000000,-58655000.000000,-0.320000,-0.320000,-0.320000,1125975000.000000,,1125975000.000000,15931656000.000000,-65.000000,-85.302000,10610000.000000,0.057000,1.000000,156318000.000000,0.691000,34779000.000000,0.000000,1878105000.000000,,0.000000,1559517000.000000,1559517000.000000,0.000000,1232658000.000000,641265000.000000,591393000.000000,106050000.000000,0.000000,15459000.000000,-1474000.000000,0.000000,15100000.000000,42941000.000000,80606000.000000,48275000.000000,-266000.000000,-59466000.000000,-59466000.000000,-59466000.000000,0.000000,0.000000,-0.263000,206702000.000000,-50384000.000000,10623000.000000,0.000000,13.976000,-63.457000,-61.674000,140136000.000000,0.000000,83.260000,19.973000,19.413000,188357000.000000,-822371000.000000,226273000.000000,226273000.000000,88963000.000000,,,,,39384000.000000,117739000.000000,1.000000,189000000.000000,186498000.000000,186498000.000000,1.213000,2323854000.000000,0.000000,811000.000000,0.000000,12.460000
ARQ,2015-03-31,2015-06-05,2015-04-30,2016-Q1,1454439000.000000,15161580000.000000,2025-05-23,-279000.000000,2382561000.000000,,2120993000.000000,261568000.000000,,5.956000,-30180000.000000,270484000.000000,270484000.000000,77914000.000000,-61558000.000000,3.182000,1.135000,497989000.000000,1759000.000000,496230000.000000,497989000.000000,653423000.000000,18569000.000000,0.000000,0.000000,0.000000,-60640000.000000,-42071000.000000,-0.168000,-42071000.000000,-60640000.000000,-60640000.000000,-0.330000,-0.330000,-0.330000,1116027000.000000,,1116027000.000000,15389085000.000000,-62.000000,-84.426000,63879000.000000,0.341000,1.000000,173043000.000000,0.690000,34479000.000000,0.000000,1909033000.000000,,0.000000,1651051000.000000,1651051000.000000,0.000000,1266534000.000000,666554000.000000,599980000.000000,-27708000.000000,0.000000,3564000.000000,-1448000.000000,0.000000,2533000.000000,-124348000.000000,-94168000.000000,94059000.000000,48000.000000,-61558000.000000,-61558000.000000,-61558000.000000,0.000000,0.000000,-0.245000,226447000.000000,-53404000.000000,13320000.000000,0.000000,13.585000,-60.610000,-58.368000,154537000.000000,0.000000,79.380000,17.247000,16.921000,128493000.000000,-883929000.000000,250957000.000000,250957000.000000,99335000.000000,,,,,47274000.000000,127112000.000000,1.000000,191000000.000000,187390000.000000,187390000.000000,1.339000,2348082000.000000,0.000000,918000.000000,0.000000,12.530000
ARQ,2015-06-30,2015-09-04,2015-07-31,2016-Q2,1434257000.000000,13457280000.000000,2025-05-23,320000.000000,2443884000.000000,,2140528000.000000,303356000.000000,,5.978000,-25792000.000000,230578000.000000,230578000.000000,92079000.000000,-69421000.000000,3.031000,1.159000,502788000.000000,743000.000000,502045000.000000,502788000.000000,683088000.000000,19888000.000000,0.000000,0.000000,0.000000,-71419000.000000,-51531000.000000,-0.182000,-51531000.000000,-71419000.000000,-71419000.000000,-0.370000,-0.370000,-0.370000,1131975000.000000,,1131975000.000000,13729490000.000000,-55.000000,-76.461000,-10281000.000000,-0.054000,1.000000,190617000.000000,0.674000,42953000.000000,0.000000,1966870000.000000,,0.000000,1676351000.000000,1676351000.000000,0.000000,1311909000.000000,706271000.000000,605638000.000000,-39906000.000000,-7961000.000000,19172000.000000,-1016000.000000,0.000000,18518000.000000,-73725000.000000,-39972000.000000,15511000.000000,-210000.000000,-69421000.000000,-69421000.000000,-69421000.000000,0.000000,0.000000,-0.246000,258257000.000000,-67640000.000000,23668000.000000,0.000000,11.888000,-53.752000,-51.919000,172701000.000000,0.000000,70.090000,13.802000,13.613000,156282000.000000,-953350000.000000,282696000.000000,282696000.000000,115345000.000000,,,,,64764000.000000,142912000.000000,1.000000,192000000.000000,189360000.000000,189360000.000000,1.493000,2400931000.000000,0.000000,-1998000.000000,0.000000,12.679000
ARQ,2015-09-30,2015-12-04,2015-10-31,2016-Q3,1405394000.000000,16408520000.000000,2025-05-23,-54000.000000,2511153000.000000,,2157075000.000000,354078000.000000,,5.901000,-40280000.000000,219893000.000000,219893000.000000,101754000.000000,-77811000.000000,2.870000,1.231000,508027000.000000,80000.000000,507947000.000000,508027000.000000,718025000.000000,22260000.000000,0.000000,0.000000,0.000000,-76896000.000000,-54636000.000000,-0.179000,-54636000.000000,-76896000.000000,-76896000.000000,-0.410000,-0.410000,-0.410000,1125527000.000000,,1125527000.000000,16696654000.000000,-62.000000,-87.708000,14866000.000000,0.078000,1.000000,203512000.000000,0.667000,70353000.000000,0.000000,1977253000.000000,,0.000000,1676454000.000000,1676454000.000000,0.000000,1385626000.000000,751681000.000000,633945000.000000,-10685000.000000,-23577000.000000,2360000.000000,-663000.000000,0.000000,1943000.000000,-67477000.000000,-3620000.000000,55146000.000000,-297000.000000,-77811000.000000,-77811000.000000,-77811000.000000,0.000000,0.000000,-0.255000,273686000.000000,-70174000.000000,16953000.000000,0.000000,14.579000,-61.167000,-59.147000,195004000.000000,0.000000,84.580000,15.404000,15.144000,170851000.000000,-1031161000.000000,305266000.000000,305266000.000000,124020000.000000,,,,,68659000.000000,149666000.000000,1.000000,194000000.000000,190727000.000000,190727000.000000,1.601000,2440800000.000000,0.000000,915000.000000,0.000000,12.797000
ARQ,2015-12-31,2016-03-22,2016-01-31,2016-Q4,1439629000.000000,14040000000.000000,2025-05-23,799000.000000,2730094000.000000,,2362308000.000000,367786000.000000,,5.902000,-37415000.000000,300087000.000000,300087000.000000,102680000.000000,-81128000.000000,2.560000,1.403000,507476000.000000,0.000000,507476000.000000,507476000.000000,899729000.000000,25222000.000000,0.000000,0.000000,0.000000,-79946000.000000,-54724000.000000,-0.169000,-54724000.000000,-79946000.000000,-79946000.000000,-0.430000,-0.430000,-0.430000,1136157000.000000,,1136157000.000000,14247389000.000000,-49.000000,-70.197000,56506000.000000,0.294000,1.000000,220747000.000000,0.683000,65816000.000000,0.000000,1948988000.000000,,0.000000,1669372000.000000,1669372000.000000,0.000000,1593937000.000000,922679000.000000,671258000.000000,80194000.000000,102000.000000,20560000.000000,-66000.000000,0.000000,21115000.000000,-34597000.000000,3476000.000000,93921000.000000,-245000.000000,-81128000.000000,-81128000.000000,-81128000.000000,0.000000,0.000000,-0.251000,294188000.000000,-73441000.000000,19605000.000000,0.000000,12.357000,-48.427000,-47.059000,214158000.000000,0.000000,72.000000,12.079000,11.770000,293407000.000000,-1112289000.000000,323427000.000000,323427000.000000,131244000.000000,,,,,69273000.000000,162944000.000000,1.000000,195000000.000000,192509000.000000,192509000.000000,1.680000,2664278000.000000,0.000000,1182000.000000,0.000000,13.840000
ARQ,2016-03-31,2016-06-01,2016-04-30,2017-Q1,1401879000.000000,15243860000.000000,2025-05-23,-9032000.000000,2776153000.000000,,2372131000.000000,404022000.000000,,5.799000,-34478000.000000,404604000.000000,404604000.000000,108627000.000000,-80622000.000000,2.445000,1.461000,514075000.000000,0.000000,514075000.000000,514075000.000000,926056000.000000,26124000.000000,0.000000,0.000000,0.000000,-79487000.000000,-53363000.000000,-0.154000,-53363000.000000,-79487000.000000,-79487000.000000,-0.410000,-0.410000,-0.410000,1128156000.000000,,1128156000.000000,15353331000.000000,-50.000000,-71.659000,126988000.000000,0.653000,1.000000,236803000.000000,0.686000,64887000.000000,0.000000,1850485000.000000,,0.000000,1675486000.000000,1675486000.000000,0.000000,1647997000.000000,970252000.000000,677745000.000000,104517000.000000,0.000000,3381000.000000,0.000000,0.000000,3757000.000000,-61344000.000000,-8268000.000000,161466000.000000,638000.000000,-80622000.000000,-80622000.000000,-80622000.000000,0.000000,0.000000,-0.233000,310452000.000000,-73649000.000000,18975000.000000,0.000000,13.512000,-49.336000,-47.765000,254697000.000000,0.000000,77.380000,12.129000,11.977000,193100000.000000,-1192911000.000000,345430000.000000,345430000.000000,141778000.000000,,,,,78235000.000000,168674000.000000,1.000000,197000000.000000,194529000.000000,194529000.000000,1.776000,2711266000.000000,0.000000,1135000.000000,0.000000,13.938000
ARQ,2016-06-30,2016-09-02,2016-07-31,2017-Q2,1422537000.000000,17796000000.000000,2025-05-23,-2588000.000000,2829804000.000000,,2430090000.000000,399714000.000000,,5.785000,-26539000.000000,405529000.000000,405529000.000000,117852000.000000,-108025000.000000,2.412000,1.480000,520765000.000000,0.000000,520765000.000000,520765000.000000,979114000.000000,26662000.000000,0.000000,0.000000,0.000000,-108090000.000000,-81428000.000000,-0.216000,-81428000.000000,-108090000.000000,-108090000.000000,-0.550000,-0.550000,-0.550000,1140846000.000000,,1140846000.000000,17911236000.000000,-52.000000,-73.361000,-20281000.000000,-0.103000,1.000000,259871000.000000,0.688000,68623000.000000,0.000000,1868864000.000000,,0.000000,1662381000.000000,1662381000.000000,0.000000,1688958000.000000,1007553000.000000,681405000.000000,925000.000000,-3670000.000000,25395000.000000,0.000000,0.000000,25590000.000000,-30779000.000000,10902000.000000,6258000.000000,-144000.000000,-108025000.000000,-108025000.000000,-108025000.000000,0.000000,0.000000,-0.286000,346768000.000000,-86897000.000000,17135000.000000,0.000000,15.599000,-51.199000,-49.433000,255118000.000000,0.000000,88.980000,13.164000,12.981000,248658000.000000,-1300936000.000000,377723000.000000,377723000.000000,161886000.000000,,,,,88222000.000000,184882000.000000,1.000000,200000000.000000,197223000.000000,197223000.000000,1.915000,2761181000.000000,0.000000,-65000.000000,0.000000,14.000000
ARQ,2016-09-30,2016-12-02,2016-10-31,2017-Q3,1196499000.000000,14351400000.000000,2025-05-23,2622000.000000,2922569000.000000,,2294595000.000000,627974000.000000,,5.702000,-27518000.000000,386557000.000000,386557000.000000,126885000.000000,-114066000.000000,2.090000,1.569000,527547000.000000,0.000000,527547000.000000,527547000.000000,1023620000.000000,30453000.000000,0.000000,0.000000,0.000000,-112989000.000000,-82536000.000000,-0.202000,-82536000.000000,-112989000.000000,-112989000.000000,-0.570000,-0.570000,-0.570000,1137459000.000000,,1137459000.000000,14492390000.000000,-38.000000,-53.271000,43941000.000000,0.220000,1.000000,282697000.000000,0.690000,212087000.000000,0.000000,1753376000.000000,,0.000000,1527238000.000000,1527238000.000000,0.000000,1785110000.000000,1098096000.000000,687014000.000000,-18972000.000000,-144209000.000000,4491000.000000,0.000000,0.000000,4926000.000000,-95220000.000000,132312000.000000,71459000.000000,-137000.000000,-114066000.000000,-114066000.000000,-114066000.000000,0.000000,0.000000,-0.278000,392581000.000000,-109884000.000000,28374000.000000,0.000000,12.617000,-37.389000,-36.429000,334265000.000000,0.000000,71.400000,9.856000,9.781000,268945000.000000,-1415002000.000000,409582000.000000,409582000.000000,185311000.000000,,,,,100098000.000000,207270000.000000,1.000000,201000000.000000,199479000.000000,199479000.000000,2.053000,2710482000.000000,0.000000,1077000.000000,0.000000,13.588000
ARQ,2016-12-31,2017-03-20,2017-01-31,2017-Q4,1200078000.000000,17356500000.000000,2025-05-23,2071000.000000,3166424000.000000,,2496526000.000000,669898000.000000,,5.769000,-32278000.000000,539923000.000000,539923000.000000,130181000.000000,-105565000.000000,1.926000,1.723000,534423000.000000,0.000000,534423000.000000,534423000.000000,1233387000.000000,32646000.000000,0.000000,0.000000,0.000000,-108526000.000000,-75880000.000000,-0.174000,-75880000.000000,-108526000.000000,-108526000.000000,-0.520000,-0.520000,-0.520000,1162906000.000000,,1162906000.000000,17351000000.000000,-42.000000,-59.177000,77194000.000000,0.383000,1.000000,306491000.000000,0.702000,207141000.000000,0.000000,1657335000.000000,,0.000000,1456822000.000000,1456822000.000000,0.000000,2003518000.000000,1296448000.000000,707070000.000000,153366000.000000,0.000000,24812000.000000,0.000000,0.000000,25408000.000000,18458000.000000,72154000.000000,109472000.000000,28000.000000,-105565000.000000,-105565000.000000,-105565000.000000,0.000000,0.000000,-0.242000,412726000.000000,-106235000.000000,26824000.000000,0.000000,14.925000,-42.511000,-41.505000,365877000.000000,0.000000,85.500000,11.059000,10.799000,383908000.000000,-1520567000.000000,436672000.000000,436672000.000000,191556000.000000,,,,,105717000.000000,221170000.000000,1.000000,203000000.000000,201577000.000000,201577000.000000,2.166000,2959283000.000000,0.000000,-2961000.000000,0.000000,14.681000
ARQ,2017-03-31,2017-06-02,2017-04-30,2018-Q1,1244376000.000000,21612870000.000000,2025-05-23,-190000.000000,3308741000.000000,,2533820000.000000,774921000.000000,,6.481000,-30593000.000000,498931000.000000,498931000.000000,136711000.000000,-64044000.000000,1.965000,1.505000,541393000.000000,0.000000,541393000.000000,541393000.000000,1200263000.000000,33377000.000000,0.000000,0.000000,0.000000,-61863000.000000,-28486000.000000,-0.059000,-28486000.000000,-61863000.000000,-61863000.000000,-0.310000,-0.310000,-0.310000,1320857000.000000,,1320857000.000000,21655332000.000000,-55.000000,-80.704000,149429000.000000,0.733000,1.000000,343150000.000000,0.715000,202108000.000000,0.000000,1859651000.000000,,0.000000,1616770000.000000,1616770000.000000,0.000000,1987884000.000000,1289444000.000000,698440000.000000,-40790000.000000,0.000000,2253000.000000,0.000000,0.000000,2209000.000000,-222889000.000000,-162757000.000000,180022000.000000,-132000.000000,-64044000.000000,-64044000.000000,-64044000.000000,0.000000,0.000000,-0.133000,403350000.000000,-60200000.000000,28182000.000000,0.000000,16.363000,-55.177000,-53.544000,404102000.000000,0.000000,104.410000,12.685000,12.490000,297894000.000000,-1470678000.000000,479861000.000000,479861000.000000,196439000.000000,,,,,107788000.000000,206911000.000000,1.000000,207000000.000000,203818000.000000,203818000.000000,2.354000,3106633000.000000,0.000000,2181000.000000,0.000000,15.242000
ARQ,2017-06-30,2017-08-31,2017-07-31,2018-Q2,909650000.000000,22815520000.000000,2025-05-23,-22197000.000000,3407127000.000000,,2586224000.000000,820903000.000000,,6.619000,-38528000.000000,748599000.000000,748599000.000000,158195000.000000,-82532000.000000,1.543000,1.486000,548460000.000000,332422000.000000,216038000.000000,548460000.000000,1222743000.000000,34021000.000000,0.000000,0.000000,0.000000,-80691000.000000,-46670000.000000,-0.089000,-46670000.000000,-80691000.000000,-80691000.000000,-0.400000,-0.400000,-0.400000,1370397000.000000,,1370397000.000000,22615381000.000000,-62.000000,-96.824000,-23402000.000000,-0.113000,1.000000,367125000.000000,0.699000,197650000.000000,0.000000,1332764000.000000,,0.000000,1349191000.000000,1349191000.000000,0.000000,2036730000.000000,1676574000.000000,360156000.000000,249428000.000000,0.000000,32274000.000000,0.000000,0.000000,32242000.000000,201345000.000000,262869000.000000,15126000.000000,715000.000000,-82532000.000000,-82532000.000000,-82532000.000000,0.000000,0.000000,-0.157000,448754000.000000,-81629000.000000,39948000.000000,0.000000,16.649000,-62.302000,-60.939000,438754000.000000,0.000000,109.690000,12.323000,12.266000,370557000.000000,-1553210000.000000,525320000.000000,525320000.000000,221103000.000000,,,,,121523000.000000,227651000.000000,1.000000,208000000.000000,207028000.000000,207028000.000000,2.537000,3209477000.000000,0.000000,1841000.000000,0.000000,15.503000
ARQ,2017-09-30,2017-11-30,2017-10-31,2018-Q3,1944226000.000000,21630000000.000000,2025-05-23,-16310000.000000,4564716000.000000,,3693772000.000000,870944000.000000,,7.363000,-36356000.000000,1336984000.000000,1336984000.000000,163555000.000000,-85546000.000000,2.111000,1.964000,1473430000.000000,336936000.000000,1136494000.000000,1473430000.000000,1229166000.000000,34982000.000000,0.000000,0.000000,0.000000,-83801000.000000,-48819000.000000,-0.088000,-48819000.000000,-83801000.000000,-83801000.000000,-0.410000,-0.410000,-0.410000,1540274000.000000,,1540274000.000000,21766446000.000000,-65.000000,-108.911000,107675000.000000,0.515000,1.000000,391834000.000000,0.706000,192723000.000000,0.000000,2758893000.000000,,0.000000,1874139000.000000,1874139000.000000,0.000000,3024442000.000000,1749546000.000000,1274896000.000000,587565000.000000,0.000000,82779000.000000,1132101000.000000,0.000000,1039314000.000000,-595458000.000000,-530486000.000000,144031000.000000,-322000.000000,-85546000.000000,-85546000.000000,-85546000.000000,0.000000,0.000000,-0.154000,471893000.000000,-80059000.000000,35837000.000000,0.000000,14.043000,-64.053000,-62.805000,487234000.000000,0.000000,103.000000,10.830000,10.788000,349309000.000000,-1638756000.000000,555389000.000000,555389000.000000,239588000.000000,,,,,122479000.000000,232305000.000000,1.000000,210000000.000000,209188000.000000,209188000.000000,2.655000,4371993000.000000,0.000000,1745000.000000,0.000000,20.900000
ARQ,2017-12-31,2018-03-14,2018-01-31,2018-Q4,1898104000.000000,29423480000.000000,2025-05-23,-46413000.000000,4947424000.000000,,3956978000.000000,990446000.000000,,7.492000,-47059000.000000,1134355000.000000,1134355000.000000,170952000.000000,-89100000.000000,1.922000,2.131000,1491354000.000000,341509000.000000,1149845000.000000,1491354000.000000,1537147000.000000,34594000.000000,0.000000,0.000000,0.000000,-88431000.000000,-53837000.000000,-0.092000,-53837000.000000,-88431000.000000,-88431000.000000,-0.430000,-0.430000,-0.430000,1580365000.000000,,1580365000.000000,29780479000.000000,-95.000000,-167.483000,79489000.000000,0.377000,1.000000,411528000.000000,0.707000,193610000.000000,0.000000,3051939000.000000,,0.000000,2133495000.000000,2133495000.000000,0.000000,3367059000.000000,2058874000.000000,1308185000.000000,-202443000.000000,-5744000.000000,32555000.000000,0.000000,0.000000,32497000.000000,-361978000.000000,-265515000.000000,126548000.000000,490000.000000,-89100000.000000,-89100000.000000,-89100000.000000,0.000000,0.000000,-0.153000,492863000.000000,-81335000.000000,20998000.000000,0.000000,18.618000,-91.599000,-89.542000,546609000.000000,0.000000,138.790000,13.730000,13.456000,528208000.000000,-1727856000.000000,582480000.000000,582480000.000000,253454000.000000,,,,,126635000.000000,239409000.000000,1.000000,212000000.000000,210951000.000000,210951000.000000,2.761000,4753814000.000000,0.000000,669000.000000,0.000000,22.535000
ARQ,2018-03-31,2018-06-01,2018-04-30,2019-Q1,1684155000.000000,27278640000.000000,2025-05-23,-30766000.000000,4927832000.000000,,3880809000.000000,1047023000.000000,,7.779000,-48862000.000000,1036045000.000000,1036045000.000000,177971000.000000,-74410000.000000,1.767000,1.973000,1509493000.000000,570251000.000000,939242000.000000,1509493000.000000,1415064000.000000,38664000.000000,0.000000,0.000000,0.000000,-75112000.000000,-36448000.000000,-0.059000,-36448000.000000,-75112000.000000,-75112000.000000,-0.350000,-0.350000,-0.350000,1657300000.000000,,1657300000.000000,27752088000.000000,-85.000000,-149.386000,135371000.000000,0.635000,1.000000,440672000.000000,0.712000,188544000.000000,0.000000,3016082000.000000,,0.000000,2329623000.000000,2329623000.000000,0.000000,3270532000.000000,2196654000.000000,1073878000.000000,-98219000.000000,0.000000,2611000.000000,0.000000,0.000000,2554000.000000,-284586000.000000,-196491000.000000,184233000.000000,-420000.000000,-74410000.000000,-74410000.000000,-74410000.000000,0.000000,0.000000,-0.120000,511936000.000000,-71264000.000000,30249000.000000,0.000000,16.460000,-82.267000,-79.428000,611293000.000000,0.000000,126.290000,11.955000,11.792000,354209000.000000,-1801839000.000000,618643000.000000,618643000.000000,263584000.000000,,,,,132659000.000000,248352000.000000,1.000000,216000000.000000,213055000.000000,213055000.000000,2.904000,4739288000.000000,0.000000,-702000.000000,0.000000,22.244000
ARQ,2018-06-30,2018-09-05,2018-07-31,2019-Q2,1700091000.000000,30859570000.000000,2025-05-23,-12431000.000000,4765060000.000000,,3614038000.000000,1151022000.000000,,8.221000,-54346000.000000,1693743000.000000,1693743000.000000,200230000.000000,-86156000.000000,1.888000,1.684000,1177009000.000000,226877000.000000,950132000.000000,1177009000.000000,1483224000.000000,42226000.000000,0.000000,0.000000,0.000000,-87369000.000000,-45143000.000000,-0.067000,-45143000.000000,-87369000.000000,-87369000.000000,-0.400000,-0.400000,-0.400000,1775224000.000000,,1775224000.000000,30342836000.000000,-91.000000,-164.686000,3270000.000000,0.015000,1.000000,471490000.000000,0.702000,211000000.000000,0.000000,2123379000.000000,,0.000000,1291352000.000000,1291352000.000000,0.000000,2989836000.000000,1913947000.000000,1075889000.000000,658383000.000000,-26737000.000000,38686000.000000,-350005000.000000,0.000000,-311378000.000000,912307000.000000,1042927000.000000,57616000.000000,-162000.000000,-86156000.000000,-86156000.000000,-86156000.000000,0.000000,0.000000,-0.128000,560472000.000000,-88982000.000000,32910000.000000,0.000000,17.383000,-92.060000,-89.440000,678525000.000000,0.000000,142.210000,12.709000,12.646000,457496000.000000,-1887995000.000000,671720000.000000,671720000.000000,292840000.000000,,,,,147063000.000000,267632000.000000,1.000000,217000000.000000,215932000.000000,215932000.000000,3.111000,4554060000.000000,0.000000,-1213000.000000,0.000000,21.090000
ARQ,2018-09-30,2018-12-03,2018-10-31,2019-Q3,215394000.000000,36916000000.000000,2025-05-23,3768000.000000,5000299000.000000,,2271279000.000000,2729020000.000000,,8.421000,-55427000.000000,540430000.000000,540430000.000000,223001000.000000,-153331000.000000,1.105000,1.728000,1190823000.000000,229684000.000000,961139000.000000,1190823000.000000,1570344000.000000,57602000.000000,0.000000,0.000000,0.000000,-156138000.000000,-98536000.000000,-0.133000,-98536000.000000,-156138000.000000,-156138000.000000,-0.700000,-0.700000,-0.700000,1833149000.000000,,1833149000.000000,37566393000.000000,-92.000000,-160.565000,58869000.000000,0.270000,1.000000,520188000.000000,0.700000,1710198000.000000,0.000000,1884609000.000000,,0.000000,1041709000.000000,1041709000.000000,0.000000,3167150000.000000,2055885000.000000,1111265000.000000,-1151292000.000000,-1447600000.000000,2767000.000000,-3000.000000,0.000000,2704000.000000,-1268079000.000000,272261000.000000,114296000.000000,-213000.000000,-153331000.000000,-153331000.000000,-153331000.000000,0.000000,0.000000,-0.206000,702943000.000000,-182755000.000000,28779000.000000,0.000000,20.138000,-91.604000,-89.255000,735443000.000000,0.000000,167.800000,14.111000,13.964000,486044000.000000,-2041823000.000000,743189000.000000,743189000.000000,318003000.000000,,,,,187971000.000000,384940000.000000,1.000000,220000000.000000,217694000.000000,217694000.000000,3.414000,3290101000.000000,0.000000,-2807000.000000,0.000000,15.113000
ARQ,2018-12-31,2019-03-18,2019-01-31,2019-Q4,269905000.000000,41627220000.000000,2025-05-23,-809000.000000,5520746000.000000,,2700596000.000000,2820150000.000000,,8.886000,-54322000.000000,638554000.000000,638554000.000000,233748000.000000,-104361000.000000,1.111000,1.819000,1204778000.000000,232514000.000000,972264000.000000,1204778000.000000,1949270000.000000,59619000.000000,0.000000,0.000000,0.000000,-105133000.000000,-45514000.000000,-0.058000,-45514000.000000,-105133000.000000,-105133000.000000,-0.470000,-0.470000,-0.470000,1958442000.000000,,1958442000.000000,42193444000.000000,-100.000000,-186.994000,196191000.000000,0.890000,1.000000,554880000.000000,0.704000,1692365000.000000,0.000000,1963914000.000000,,0.000000,1139864000.000000,1139864000.000000,0.000000,3562304000.000000,2430691000.000000,1131613000.000000,97677000.000000,0.000000,49503000.000000,-22000.000000,0.000000,49409000.000000,-202426000.000000,-93007000.000000,250513000.000000,181000.000000,-104361000.000000,-104361000.000000,-104361000.000000,0.000000,0.000000,-0.132000,675163000.000000,-120283000.000000,29093000.000000,0.000000,21.255000,-99.525000,-97.155000,796907000.000000,0.000000,187.510000,14.750000,14.404000,704680000.000000,-2146304000.000000,788628000.000000,788628000.000000,337405000.000000,,,,,184772000.000000,337758000.000000,1.000000,222000000.000000,220392000.000000,220392000.000000,3.578000,3828381000.000000,0.000000,-772000.000000,0.000000,17.371000
ARQ,2019-03-31,2019-05-30,2019-04-30,2020-Q1,222055000.000000,46987660000.000000,2025-05-23,13113000.000000,5824174000.000000,,2665134000.000000,3159040000.000000,,9.157000,-65535000.000000,781772000.000000,781772000.000000,243219000.000000,-116275000.000000,1.091000,1.848000,1529059000.000000,299515000.000000,1229544000.000000,1529059000.000000,1830150000.000000,61165000.000000,0.000000,0.000000,0.000000,-116245000.000000,-55080000.000000,-0.067000,-55080000.000000,-116245000.000000,-116245000.000000,-0.520000,-0.520000,-0.520000,2044748000.000000,,2044748000.000000,47734947000.000000,-103.000000,-195.416000,143628000.000000,0.643000,1.000000,581836000.000000,0.705000,1673022000.000000,0.000000,2455360000.000000,,0.000000,1110141000.000000,1110141000.000000,0.000000,3779426000.000000,2443079000.000000,1336347000.000000,144843000.000000,0.000000,3455000.000000,0.000000,0.000000,3362000.000000,-67355000.000000,37791000.000000,209163000.000000,-327000.000000,-116275000.000000,-116275000.000000,-116275000.000000,0.000000,0.000000,-0.141000,705222000.000000,-123386000.000000,35146000.000000,0.000000,22.980000,-102.120000,-99.478000,1165934000.000000,0.000000,207.910000,15.515000,15.330000,542843000.000000,-2262960000.000000,825055000.000000,825055000.000000,347831000.000000,,,,,185235000.000000,357391000.000000,1.000000,226000000.000000,223309000.000000,223309000.000000,3.695000,4151152000.000000,0.000000,30000.000000,0.000000,18.589000
ARQ,2019-06-30,2019-08-30,2019-07-31,2020-Q2,-645232000.000000,40419840000.000000,2025-05-23,32458000.000000,5992156000.000000,,2789032000.000000,3203124000.000000,,9.763000,-75576000.000000,619514000.000000,619514000.000000,266334000.000000,-120712000.000000,0.812000,1.711000,1542606000.000000,1298743000.000000,243863000.000000,1542606000.000000,1885642000.000000,67754000.000000,0.000000,0.000000,0.000000,-122603000.000000,-54849000.000000,-0.062000,-54849000.000000,-122603000.000000,-122603000.000000,-0.530000,-0.530000,-0.530000,2210285000.000000,,2210285000.000000,41342932000.000000,-83.000000,-162.781000,24743000.000000,0.109000,1.000000,621418000.000000,0.700000,1667302000.000000,0.000000,1813682000.000000,,0.000000,1307006000.000000,1307006000.000000,0.000000,3781871000.000000,3434264000.000000,347607000.000000,-162400000.000000,-12885000.000000,58085000.000000,-27000.000000,0.000000,57951000.000000,-320745000.000000,-198103000.000000,100319000.000000,75000.000000,-120712000.000000,-120712000.000000,-120712000.000000,0.000000,0.000000,-0.136000,743915000.000000,-122497000.000000,32540000.000000,0.000000,18.287000,-81.709000,-79.856000,1214347000.000000,0.000000,177.280000,12.457000,12.370000,613425000.000000,-2383672000.000000,887752000.000000,887752000.000000,378122000.000000,,,,,208912000.000000,365793000.000000,1.000000,228000000.000000,226392000.000000,226392000.000000,3.921000,4324854000.000000,0.000000,-1891000.000000,0.000000,19.103000
ARQ,2019-09-30,2019-12-04,2019-10-31,2020-Q3,464031000.000000,38039700000.000000,2025-05-23,24619000.000000,6155645000.000000,,2955420000.000000,3200225000.000000,,10.151000,-55163000.000000,912748000.000000,912748000.000000,270930000.000000,-115729000.000000,1.186000,1.654000,1552347000.000000,308609000.000000,1243738000.000000,1552347000.000000,1880890000.000000,89314000.000000,0.000000,0.000000,0.000000,-114386000.000000,-25072000.000000,-0.027000,-25072000.000000,-114386000.000000,-114386000.000000,-0.510000,-0.510000,-0.510000,2319179000.000000,,2319179000.000000,38679299000.000000,-84.000000,-214.272000,202839000.000000,0.888000,1.000000,667170000.000000,0.711000,1651367000.000000,0.000000,2652488000.000000,,0.000000,1191848000.000000,1191848000.000000,0.000000,3836466000.000000,2491389000.000000,1345077000.000000,292211000.000000,0.000000,1780000.000000,-3000.000000,0.000000,1602000.000000,32559000.000000,109554000.000000,258002000.000000,48000.000000,-115729000.000000,-115729000.000000,-115729000.000000,0.000000,0.000000,-0.123000,777420000.000000,-110250000.000000,35581000.000000,0.000000,16.402000,-83.224000,-81.473000,1218169000.000000,0.000000,165.390000,11.060000,10.986000,615508000.000000,-2499401000.000000,938100000.000000,938100000.000000,401742000.000000,,,,,231002000.000000,375678000.000000,1.000000,230000000.000000,228461000.000000,228461000.000000,4.106000,4504278000.000000,0.000000,1343000.000000,0.000000,19.716000
ARQ,2019-12-31,2020-03-03,2020-01-31,2020-Q4,125218000.000000,38641920000.000000,2025-05-23,23492000.000000,6816365000.000000,,3094622000.000000,3721743000.000000,,10.786000,-48270000.000000,731141000.000000,731141000.000000,284775000.000000,-127958000.000000,1.042000,1.741000,1569858000.000000,310466000.000000,1259392000.000000,1569858000.000000,2309203000.000000,93296000.000000,0.000000,0.000000,0.000000,-129213000.000000,-35917000.000000,-0.037000,-35917000.000000,-129213000.000000,-129213000.000000,-0.560000,-0.560000,-0.560000,2486551000.000000,,2486551000.000000,39480637000.000000,-82.000000,-284.352000,248844000.000000,1.079000,1.000000,691524000.000000,0.708000,2127662000.000000,0.000000,2558016000.000000,,0.000000,1213432000.000000,1213432000.000000,0.000000,4329814000.000000,2969404000.000000,1360410000.000000,-182136000.000000,-460718000.000000,62353000.000000,0.000000,0.000000,62209000.000000,-541381000.000000,-28700000.000000,297114000.000000,-78000.000000,-127958000.000000,-127958000.000000,-127958000.000000,0.000000,0.000000,-0.131000,837621000.000000,-146097000.000000,57556000.000000,0.000000,15.540000,-80.391000,-78.566000,1227081000.000000,0.000000,166.560000,10.653000,10.432000,877578000.000000,-2627359000.000000,976299000.000000,976299000.000000,422211000.000000,,,,,234422000.000000,415410000.000000,1.000000,232000000.000000,230527000.000000,230527000.000000,4.235000,4688703000.000000,0.000000,-1255000.000000,0.000000,20.339000
ARQ,2020-03-31,2020-05-28,2020-04-30,2021-Q1,679404000.000000,42901600000.000000,2025-05-23,57526000.000000,7227503000.000000,,3450367000.000000,3777136000.000000,,11.170000,-59940000.000000,1214213000.000000,1214213000.000000,305630000.000000,-158368000.000000,1.245000,1.778000,2099867000.000000,336901000.000000,1762966000.000000,2099867000.000000,2090398000.000000,89883000.000000,0.000000,0.000000,0.000000,-155430000.000000,-65547000.000000,-0.064000,-65547000.000000,-155430000.000000,-155430000.000000,-0.680000,-0.680000,-0.680000,2602004000.000000,,2602004000.000000,43787254000.000000,-84.000000,-241.405000,203743000.000000,0.875000,1.000000,712755000.000000,0.700000,2111853000.000000,0.000000,3230341000.000000,,0.000000,1384793000.000000,1384793000.000000,0.000000,4625499000.000000,2770963000.000000,1854536000.000000,485402000.000000,0.000000,3577000.000000,497794000.000000,0.000000,499331000.000000,-277347000.000000,-214920000.000000,263683000.000000,-265000.000000,-158368000.000000,-158368000.000000,-158368000.000000,0.000000,0.000000,-0.156000,857212000.000000,-144457000.000000,35430000.000000,0.000000,16.488000,-82.066000,-80.070000,1247275000.000000,0.000000,182.560000,11.229000,11.131000,584219000.000000,-2785927000.000000,1018385000.000000,1018385000.000000,443484000.000000,,,,,236672000.000000,413728000.000000,1.000000,235000000.000000,232939000.000000,232939000.000000,4.372000,5115650000.000000,0.000000,2938000.000000,0.000000,21.961000
ARQ,2020-06-30,2020-08-28,2020-07-31,2021-Q2,1161066000.000000,57799560000.000000,2025-05-23,646000.000000,7501451000.000000,,3714181000.000000,3787270000.000000,,12.027000,-66555000.000000,1239696000.000000,1239696000.000000,284277000.000000,-28016000.000000,1.455000,1.643000,2136909000.000000,113298000.000000,2023611000.000000,2136909000.000000,2067920000.000000,93057000.000000,0.000000,0.000000,0.000000,-28207000.000000,64850000.000000,0.061000,64850000.000000,-28207000.000000,-28207000.000000,-0.120000,-0.120000,-0.120000,2838478000.000000,,2838478000.000000,58696773000.000000,-137.000000,-951.541000,90655000.000000,0.384000,1.000000,777690000.000000,0.732000,2096108000.000000,0.000000,3749441000.000000,,0.000000,1513842000.000000,1513842000.000000,0.000000,4662973000.000000,2553115000.000000,2109858000.000000,26123000.000000,0.000000,70940000.000000,55000.000000,0.000000,70780000.000000,-202638000.000000,-134319000.000000,157210000.000000,771000.000000,-28016000.000000,-28016000.000000,-28016000.000000,0.000000,0.000000,-0.026000,794444000.000000,-16754000.000000,57764000.000000,0.000000,20.363000,-134.395000,-130.417000,1282089000.000000,0.000000,243.880000,14.469000,14.408000,694289000.000000,-2813943000.000000,1061967000.000000,1061967000.000000,418681000.000000,,,,,251236000.000000,375763000.000000,1.000000,237000000.000000,236002000.000000,236002000.000000,4.500000,5405343000.000000,0.000000,-191000.000000,0.000000,22.904000
ARQ,2020-09-30,2020-11-20,2020-10-31,2021-Q3,333037000.000000,50256000000.000000,2025-05-23,1110000.000000,7845027000.000000,,3958242000.000000,3886785000.000000,,12.930000,-78197000.000000,1067038000.000000,1067038000.000000,295181000.000000,-24340000.000000,1.092000,1.549000,2229680000.000000,1175602000.000000,1054078000.000000,2229680000.000000,2069291000.000000,96005000.000000,0.000000,0.000000,0.000000,-22923000.000000,73082000.000000,0.066000,73082000.000000,-22923000.000000,-22923000.000000,-0.100000,-0.100000,-0.100000,3078054000.000000,,3078054000.000000,51418642000.000000,-153.000000,1409.966000,215605000.000000,0.906000,1.000000,810779000.000000,0.733000,2082228000.000000,0.000000,3300236000.000000,,0.000000,1880772000.000000,1880772000.000000,0.000000,4766973000.000000,3625205000.000000,1141768000.000000,-174730000.000000,0.000000,3650000.000000,-9375000.000000,0.000000,-5906000.000000,-462666000.000000,-383397000.000000,293802000.000000,40000.000000,-24340000.000000,-24340000.000000,-24340000.000000,0.000000,0.000000,-0.022000,824856000.000000,-14077000.000000,54949000.000000,0.000000,16.327000,-148.387000,-143.425000,1392157000.000000,0.000000,209.400000,12.073000,11.976000,742744000.000000,-2838283000.000000,1105960000.000000,1105960000.000000,419962000.000000,,,,,259832000.000000,404894000.000000,1.000000,240000000.000000,238059000.000000,238059000.000000,4.646000,5762799000.000000,0.000000,1417000.000000,0.000000,24.207000
ARQ,2020-12-31,2021-03-02,2021-01-31,2021-Q4,519413000.000000,60254280000.000000,2025-05-23,-54970000.000000,8718411000.000000,,4802061000.000000,3916350000.000000,,13.600000,-51638000.000000,1384181000.000000,1384181000.000000,313044000.000000,-71707000.000000,1.121000,1.660000,2238065000.000000,1196101000.000000,1041964000.000000,2238065000.000000,2636735000.000000,99088000.000000,0.000000,0.000000,0.000000,-68574000.000000,30514000.000000,0.027000,30514000.000000,-68574000.000000,-68574000.000000,-0.300000,-0.300000,-0.300000,3277834000.000000,,3277834000.000000,61108164000.000000,-222.000000,593.865000,502108000.000000,2.083000,1.000000,818640000.000000,0.723000,2068251000.000000,0.000000,3221396000.000000,,0.000000,2151472000.000000,2151472000.000000,0.000000,5440577000.000000,4282648000.000000,1157929000.000000,316405000.000000,0.000000,70506000.000000,-9441000.000000,0.000000,60844000.000000,-298973000.000000,-246542000.000000,553746000.000000,788000.000000,-71707000.000000,-71707000.000000,-71707000.000000,0.000000,0.000000,-0.063000,891951000.000000,-73311000.000000,75596000.000000,0.000000,18.382000,-213.342000,-208.370000,1386546000.000000,0.000000,247.960000,13.954000,13.611000,1032484000.000000,-2909990000.000000,1131684000.000000,1131684000.000000,439095000.000000,,,,,257114000.000000,452856000.000000,1.000000,243000000.000000,241021000.000000,241021000.000000,4.695000,6650160000.000000,0.000000,3133000.000000,0.000000,27.592000
ARQ,2021-03-31,2021-05-26,2021-04-30,2022-Q1,-304958000.000000,58556290000.000000,2025-05-23,-60421000.000000,8624007000.000000,,3905797000.000000,4718210000.000000,,13.972000,-69796000.000000,959358000.000000,959358000.000000,333053000.000000,-46522000.000000,0.928000,1.532000,2159669000.000000,1272828000.000000,886841000.000000,2159669000.000000,2426009000.000000,104693000.000000,0.000000,0.000000,0.000000,-47364000.000000,57329000.000000,0.049000,57329000.000000,-47364000.000000,-47364000.000000,-0.190000,-0.190000,-0.190000,3405441000.000000,,3405441000.000000,59756601000.000000,-358.000000,264.673000,382632000.000000,1.570000,1.000000,841980000.000000,0.717000,2763386000.000000,0.000000,2850177000.000000,,0.000000,2035171000.000000,2035171000.000000,0.000000,5218566000.000000,4210755000.000000,1007811000.000000,-420110000.000000,-679220000.000000,-1357000.000000,-9426000.000000,0.000000,-11008000.000000,-861716000.000000,58728000.000000,452428000.000000,186000.000000,-46522000.000000,-46522000.000000,-46522000.000000,0.000000,0.000000,-0.040000,880293000.000000,-38313000.000000,48097000.000000,0.000000,17.195000,-343.268000,-333.901000,1436640000.000000,0.000000,237.070000,13.086000,12.913000,647163000.000000,-2820480000.000000,1175033000.000000,1175033000.000000,441616000.000000,,,,,264635000.000000,438677000.000000,1.000000,247000000.000000,243739000.000000,243739000.000000,4.821000,5860621000.000000,0.000000,-842000.000000,0.000000,24.045000
ARQ,2021-06-30,2021-08-26,2021-07-31,2022-Q2,187019000.000000,61196480000.000000,2025-05-23,-44150000.000000,9113845000.000000,,4461114000.000000,4652731000.000000,,15.663000,-87781000.000000,1087070000.000000,1087070000.000000,345521000.000000,105736000.000000,1.044000,1.356000,2147865000.000000,1284039000.000000,863826000.000000,2147865000.000000,2518589000.000000,106452000.000000,0.000000,0.000000,0.000000,101865000.000000,208317000.000000,0.165000,208317000.000000,101865000.000000,101865000.000000,0.430000,0.410000,0.430000,3867990000.000000,,3867990000.000000,62257275000.000000,-1683.000000,168.608000,110692000.000000,0.448000,1.000000,914840000.000000,0.726000,2743558000.000000,0.000000,3156987000.000000,,0.000000,2220888000.000000,2220888000.000000,0.000000,5245855000.000000,4274095000.000000,971760000.000000,125118000.000000,0.000000,75844000.000000,-9395000.000000,0.000000,66298000.000000,-139332000.000000,-51486000.000000,198473000.000000,-321000.000000,105736000.000000,105736000.000000,105736000.000000,0.000000,0.000000,0.084000,915960000.000000,-1120000.000000,53082000.000000,0.000000,15.821000,-1661.458000,-1542.250000,1411340000.000000,0.000000,246.760000,13.096000,13.040000,872764000.000000,-2714744000.000000,1260361000.000000,1260361000.000000,444251000.000000,,,,,264719000.000000,471709000.000000,1.000000,248000000.000000,246943000.000000,260016000.000000,5.104000,6370287000.000000,0.000000,-3871000.000000,0.000000,25.797000
ARQ,2021-09-30,2021-11-18,2021-10-31,2022-Q3,418658000.000000,74772500000.000000,2025-05-23,-20627000.000000,9440883000.000000,,4693708000.000000,4747175000.000000,,16.967000,-33335000.000000,1297259000.000000,1297259000.000000,359724000.000000,43412000.000000,1.098000,1.239000,2134630000.000000,1295667000.000000,838963000.000000,2134630000.000000,2493911000.000000,108534000.000000,0.000000,0.000000,0.000000,45502000.000000,154036000.000000,0.116000,154036000.000000,45502000.000000,45502000.000000,0.170000,0.170000,0.170000,4215816000.000000,,4215816000.000000,75609871000.000000,2406.000000,167.949000,351319000.000000,1.414000,1.000000,967539000.000000,0.729000,2800139000.000000,0.000000,3203065000.000000,,0.000000,2257722000.000000,2257722000.000000,0.000000,5225067000.000000,4275050000.000000,950017000.000000,210322000.000000,-60645000.000000,1894000.000000,-9384000.000000,0.000000,-7523000.000000,-166859000.000000,-72875000.000000,384654000.000000,50000.000000,43412000.000000,43412000.000000,43412000.000000,0.000000,0.000000,0.033000,943594000.000000,23945000.000000,47928000.000000,0.000000,17.736000,2418.335000,2719.000000,1389883000.000000,0.000000,299.090000,15.277000,15.184000,865040000.000000,-2671332000.000000,1327263000.000000,1327263000.000000,455615000.000000,,,,,278995000.000000,487979000.000000,1.000000,250000000.000000,248468000.000000,254760000.000000,5.342000,6640744000.000000,0.000000,2090000.000000,0.000000,26.727000
ARQ,2021-12-31,2022-02-28,2022-01-31,2022-Q4,146210000.000000,57491550000.000000,2025-05-23,7709000.000000,10498505000.000000,,5214065000.000000,5284440000.000000,,18.144000,-81362000.000000,1534273000.000000,1534273000.000000,389797000.000000,-73253000.000000,1.029000,1.315000,2102756000.000000,1302946000.000000,799810000.000000,2102756000.000000,3182480000.000000,110279000.000000,0.000000,0.000000,0.000000,-83821000.000000,26458000.000000,0.019000,26458000.000000,-83821000.000000,-83821000.000000,-0.300000,-0.280000,-0.300000,4535082000.000000,,4535082000.000000,58060033000.000000,3588.000000,130.139000,533787000.000000,2.136000,1.000000,986344000.000000,0.717000,3231046000.000000,0.000000,2768087000.000000,,0.000000,2109888000.000000,2109888000.000000,0.000000,5963423000.000000,5067855000.000000,895568000.000000,237494000.000000,-450334000.000000,71947000.000000,-9409000.000000,0.000000,62484000.000000,-439519000.000000,92181000.000000,615149000.000000,-620000.000000,-73253000.000000,-73253000.000000,-73253000.000000,0.000000,0.000000,-0.053000,1087306000.000000,-100962000.000000,55487000.000000,0.000000,12.677000,1957.292000,1908.750000,1370883000.000000,0.000000,229.050000,11.188000,11.021000,1242545000.000000,-2744585000.000000,1376141000.000000,1376141000.000000,537738000.000000,,,,,292235000.000000,549568000.000000,1.000000,251000000.000000,249952000.000000,254377000.000000,5.506000,7267459000.000000,0.000000,-10568000.000000,0.000000,29.075000
ARQ,2022-03-31,2022-05-26,2022-04-30,2023-Q1,2661839000.000000,42710100000.000000,2025-05-23,43109000.000000,12799106000.000000,,7443226000.000000,5355880000.000000,,18.991000,-58750000.000000,2776336000.000000,2776336000.000000,402821000.000000,-102173000.000000,1.557000,1.677000,4384004000.000000,1228699000.000000,3155305000.000000,4384004000.000000,2879427000.000000,111894000.000000,0.000000,0.000000,0.000000,-93006000.000000,18888000.000000,0.013000,18888000.000000,-93006000.000000,-93006000.000000,-0.410000,-0.410000,-0.410000,4780807000.000000,,4780807000.000000,44317768000.000000,-1504.000000,108.702000,380967000.000000,1.513000,1.000000,1031836000.000000,0.719000,3209431000.000000,0.000000,6415956000.000000,,0.000000,3479019000.000000,3479019000.000000,0.000000,8018299000.000000,4781387000.000000,3236912000.000000,1245993000.000000,0.000000,990000.000000,2276904000.000000,0.000000,2277702000.000000,-1470741000.000000,-1411971000.000000,439717000.000000,-685000.000000,-102173000.000000,-102173000.000000,-102173000.000000,0.000000,0.000000,-0.071000,1104679000.000000,-72843000.000000,123361000.000000,0.000000,8.934000,-1625.318000,-1528.636000,1438240000.000000,0.000000,168.150000,7.912000,7.841000,778076000.000000,-2846758000.000000,1434657000.000000,1434657000.000000,541509000.000000,,,,,311506000.000000,563170000.000000,1.000000,254000000.000000,251743000.000000,251743000.000000,5.699000,9589675000.000000,0.000000,9167000.000000,0.000000,38.093000
ARQ,2022-06-30,2022-08-25,2022-07-31,2023-Q2,2946800000.000000,41564160000.000000,2025-05-23,62961000.000000,13249550000.000000,,7804657000.000000,5444893000.000000,,20.160000,-168598000.000000,2486540000.000000,2486540000.000000,423085000.000000,-64158000.000000,1.607000,1.584000,4428023000.000000,1240463000.000000,3187560000.000000,4428023000.000000,2942730000.000000,115606000.000000,0.000000,0.000000,0.000000,-66867000.000000,48739000.000000,0.032000,48739000.000000,-66867000.000000,-66867000.000000,-0.250000,-0.250000,-0.250000,5127808000.000000,,5127808000.000000,43505643000.000000,-220.000000,175.340000,-54240000.000000,-0.213000,1.000000,1112713000.000000,0.725000,3187919000.000000,0.000000,7145257000.000000,,0.000000,3806427000.000000,3806427000.000000,0.000000,8121742000.000000,4857857000.000000,3263885000.000000,-289695000.000000,0.000000,83302000.000000,-30000.000000,0.000000,83087000.000000,-486995000.000000,-318152000.000000,114358000.000000,-145000.000000,-64158000.000000,-64158000.000000,-64158000.000000,0.000000,0.000000,-0.042000,1146791000.000000,-34078000.000000,60710000.000000,0.000000,8.106000,-211.876000,-205.519000,1519435000.000000,0.000000,162.360000,7.326000,7.278000,1105288000.000000,-2910916000.000000,1535798000.000000,1535798000.000000,547835000.000000,,,,,308007000.000000,598956000.000000,1.000000,256000000.000000,254355000.000000,254355000.000000,6.038000,10061631000.000000,0.000000,-2709000.000000,0.000000,39.557000
ARQ,2022-09-30,2022-11-29,2022-10-31,2023-Q3,3246876000.000000,36828100000.000000,2025-05-23,104114000.000000,12389787000.000000,,6970275000.000000,5419512000.000000,,21.150000,-59365000.000000,1575955000.000000,1575955000.000000,435793000.000000,-74721000.000000,1.872000,1.291000,3261294000.000000,90237000.000000,3171057000.000000,3261294000.000000,2879335000.000000,115213000.000000,0.000000,0.000000,0.000000,-22158000.000000,93055000.000000,0.058000,93055000.000000,-22158000.000000,-22158000.000000,-0.290000,-0.290000,-0.290000,5409108000.000000,,5409108000.000000,38513439000.000000,-145.000000,205.800000,349303000.000000,1.366000,1.000000,1163310000.000000,0.727000,3166714000.000000,0.000000,7185013000.000000,,0.000000,3916130000.000000,3916130000.000000,0.000000,6980679000.000000,3723399000.000000,3257280000.000000,-909388000.000000,0.000000,710000.000000,-1149622000.000000,0.000000,-1149073000.000000,-168063000.000000,-108517000.000000,408668000.000000,-920000.000000,-74721000.000000,-74721000.000000,-74721000.000000,0.000000,0.000000,-0.047000,1189631000.000000,-26321000.000000,75803000.000000,0.000000,6.809000,-117.173000,-114.640000,1487237000.000000,0.000000,143.300000,6.194000,6.164000,1040468000.000000,-2985637000.000000,1599103000.000000,1599103000.000000,565727000.000000,,,,,314196000.000000,623904000.000000,1.000000,257000000.000000,255753000.000000,255753000.000000,6.253000,9223073000.000000,0.000000,52563000.000000,0.000000,36.062000
ARQ,2022-12-31,2023-02-27,2023-01-31,2023-Q4,3480058000.000000,47896870000.000000,2025-05-23,53051000.000000,13486238000.000000,,8108224000.000000,5378014000.000000,,21.704000,-73539000.000000,1886311000.000000,1886311000.000000,453479000.000000,-125697000.000000,1.752000,1.414000,3249076000.000000,91343000.000000,3157733000.000000,3249076000.000000,3633933000.000000,113394000.000000,0.000000,0.000000,0.000000,-77919000.000000,35475000.000000,0.022000,35475000.000000,-77919000.000000,-77919000.000000,-0.490000,-0.490000,-0.490000,5585568000.000000,,5585568000.000000,49259635000.000000,-189.000000,251.124000,620913000.000000,2.413000,1.000000,1192781000.000000,0.725000,3145509000.000000,0.000000,7075328000.000000,,0.000000,4235083000.000000,4235083000.000000,0.000000,7900670000.000000,4628166000.000000,3272504000.000000,307585000.000000,0.000000,-7694000.000000,0.000000,0.000000,-7895000.000000,-380127000.000000,-302798000.000000,694452000.000000,1155000.000000,-125697000.000000,-125697000.000000,-125697000.000000,0.000000,0.000000,-0.076000,1281739000.000000,-88958000.000000,153751000.000000,0.000000,8.575000,-130.599000,-128.424000,1450532000.000000,0.000000,184.930000,7.706000,7.581000,1570086000.000000,-3111334000.000000,1646260000.000000,1646260000.000000,615589000.000000,,,,,360913000.000000,666150000.000000,1.000000,259000000.000000,257351000.000000,257351000.000000,6.397000,10340729000.000000,0.000000,47778000.000000,0.000000,40.181000
ARQ,2023-03-31,2023-05-25,2023-04-30,2024-Q1,3829004000.000000,51263010000.000000,2025-05-23,42650000.000000,13252796000.000000,,7873093000.000000,5379703000.000000,,22.958000,-68276000.000000,1443651000.000000,1443651000.000000,417444000.000000,136000.000000,1.947000,1.230000,3254912000.000000,95008000.000000,3159904000.000000,3254912000.000000,3289750000.000000,94315000.000000,0.000000,0.000000,0.000000,6909000.000000,101224000.000000,0.060000,101224000.000000,6909000.000000,6909000.000000,0.000000,0.000000,0.000000,5941863000.000000,,5941863000.000000,53074271000.000000,-332.000000,190.577000,209040000.000000,0.808000,1.000000,1266868000.000000,0.752000,3124305000.000000,0.000000,7895663000.000000,,0.000000,4885310000.000000,4885310000.000000,0.000000,7310933000.000000,4044089000.000000,3266844000.000000,-438949000.000000,0.000000,-2900000.000000,0.000000,0.000000,-3160000.000000,-712976000.000000,-644378000.000000,277316000.000000,-129000.000000,136000.000000,136000.000000,136000.000000,0.000000,0.000000,0.000000,1286668000.000000,-19800000.000000,113263000.000000,,8.627000,-193.855000,-190.689000,1472776000.000000,0.000000,196.410000,7.929000,7.863000,1089286000.000000,-3111198000.000000,1684312000.000000,1684312000.000000,600457000.000000,,,,,369460000.000000,686211000.000000,1.000000,261000000.000000,258820000.000000,261371000.000000,6.508000,10128491000.000000,0.000000,6773000.000000,0.000000,39.133000
ARQ,2023-06-30,2023-08-24,2023-07-31,2024-Q2,4199735000.000000,58915940000.000000,2025-05-23,-6780000.000000,13735315000.000000,,8381694000.000000,5353621000.000000,,24.023000,-63753000.000000,1435690000.000000,1435690000.000000,448100000.000000,78660000.000000,2.004000,1.189000,3268793000.000000,98810000.000000,3169983000.000000,3268793000.000000,3369461000.000000,95698000.000000,0.000000,0.000000,0.000000,81812000.000000,177510000.000000,0.099000,177510000.000000,81812000.000000,81812000.000000,0.300000,0.300000,0.300000,6274553000.000000,,6274553000.000000,60749043000.000000,-5350.000000,149.164000,361511000.000000,1.384000,1.000000,1338666000.000000,0.749000,3103100000.000000,0.000000,8283359000.000000,,0.000000,5221401000.000000,5221401000.000000,0.000000,7460762000.000000,4181959000.000000,3278803000.000000,-8457000.000000,0.000000,-48451000.000000,0.000000,0.000000,-48596000.000000,-385343000.000000,-320224000.000000,425264000.000000,218000.000000,78660000.000000,78660000.000000,78660000.000000,0.000000,0.000000,0.044000,1302409000.000000,36257000.000000,88814000.000000,0.000000,9.390000,-484.418000,-468.479000,1483974000.000000,0.000000,224.870000,8.772000,8.745000,1270936000.000000,-3032538000.000000,1786766000.000000,1786766000.000000,609677000.000000,,,,,351912000.000000,692732000.000000,1.000000,262000000.000000,261191000.000000,264435000.000000,6.841000,10632215000.000000,0.000000,3152000.000000,0.000000,40.707000
ARQ,2023-09-30,2023-11-28,2023-10-31,2024-Q3,4544773000.000000,62417790000.000000,2025-05-23,33207000.000000,13925933000.000000,,8574163000.000000,5351770000.000000,,25.271000,-59224000.000000,1563939000.000000,1563939000.000000,445240000.000000,113709000.000000,2.128000,1.102000,3275968000.000000,98325000.000000,3177643000.000000,3275968000.000000,3258796000.000000,93068000.000000,0.000000,0.000000,0.000000,129243000.000000,222311000.000000,0.119000,222311000.000000,129243000.000000,129243000.000000,0.430000,0.430000,0.430000,6624917000.000000,,6624917000.000000,64129819000.000000,458.000000,119.529000,391551000.000000,1.494000,1.000000,1420435000.000000,0.761000,3095706000.000000,0.000000,8512866000.000000,,0.000000,5316045000.000000,5316045000.000000,0.000000,7301016000.000000,4029390000.000000,3271626000.000000,128421000.000000,-8517000.000000,-149489000.000000,0.000000,0.000000,-149558000.000000,-172009000.000000,-102844000.000000,450775000.000000,-787000.000000,113709000.000000,113709000.000000,113709000.000000,0.000000,0.000000,0.061000,1332580000.000000,87855000.000000,79333000.000000,0.000000,9.422000,934.286000,988.875000,1472527000.000000,0.000000,237.330000,8.939000,8.910000,1224818000.000000,-2918829000.000000,1865675000.000000,1865675000.000000,618736000.000000,,,,,349257000.000000,713844000.000000,1.000000,263000000.000000,262153000.000000,266377000.000000,7.117000,10830227000.000000,0.000000,15534000.000000,0.000000,41.313000
ARQ,2023-12-31,2024-03-08,2024-01-31,2024-Q4,4884000000.000000,69780480000.000000,2025-05-23,21000000.000000,16452000000.000000,,9939000000.000000,6513000000.000000,,30.714000,-46747000.000000,2012000000.000000,2012000000.000000,460216000.000000,1188495000.000000,1.966000,1.036000,3296000000.000000,89000000.000000,3207000000.000000,3296000000.000000,4127000000.000000,94919000.000000,0.000000,0.000000,0.000000,138036000.000000,232955000.000000,0.121000,232955000.000000,138036000.000000,138036000.000000,4.540000,4.480000,4.540000,8082000000.000000,,8082000000.000000,71064480000.000000,200.000000,96.818000,948898000.000000,3.606000,1.000000,1462031000.000000,0.761000,3079000000.000000,0.000000,9602000000.000000,,0.000000,5801000000.000000,5801000000.000000,0.000000,8370000000.000000,5055000000.000000,3315000000.000000,447985000.000000,517000.000000,-67160000.000000,0.000000,0.000000,-66686000.000000,-480672000.000000,-433554000.000000,995645000.000000,-302000.000000,1188495000.000000,1188495000.000000,1188495000.000000,0.000000,0.000000,0.618000,1383343000.000000,78688000.000000,78000000.000000,0.000000,8.634000,50.529000,50.061000,1523000000.000000,0.000000,264.320000,9.613000,9.516000,1639000000.000000,-1731000000.000000,1922247000.000000,1922247000.000000,635130000.000000,,,,,345371000.000000,748213000.000000,1.000000,264000000.000000,263135000.000000,268879000.000000,7.305000,13373000000.000000,1065000000.000000,-1050459000.000000,0.000000,50.822000
ARQ,2024-03-31,2024-05-29,2024-04-30,2025-Q1,4446000000.000000,56068700000.000000,2025-05-23,17000000.000000,15941000000.000000,,8874000000.000000,7067000000.000000,,30.869000,-81000000.000000,1752000000.000000,1752000000.000000,489000000.000000,107000000.000000,2.004000,0.953000,3344000000.000000,95000000.000000,3249000000.000000,3344000000.000000,3613000000.000000,100000000.000000,0.000000,0.000000,0.000000,123000000.000000,223000000.000000,0.112000,223000000.000000,123000000.000000,123000000.000000,0.400000,0.400000,0.400000,8163000000.000000,,8163000000.000000,57660700000.000000,122.000000,67.378000,291000000.000000,1.100000,1.000000,1501000000.000000,0.754000,3608000000.000000,0.000000,9497000000.000000,,0.000000,5430000000.000000,5430000000.000000,0.000000,7778000000.000000,4428000000.000000,3350000000.000000,-253000000.000000,-512000000.000000,-128000000.000000,0.000000,0.000000,-367000000.000000,-258000000.000000,335000000.000000,372000000.000000,0.000000,107000000.000000,107000000.000000,107000000.000000,0.000000,0.000000,0.054000,1437000000.000000,64000000.000000,76000000.000000,0.000000,6.869000,37.684000,37.316000,1561000000.000000,0.000000,211.580000,7.412000,7.396000,1133000000.000000,-1624000000.000000,1990000000.000000,1990000000.000000,656000000.000000,,,,,385000000.000000,781000000.000000,1.000000,265000000.000000,264444000.000000,270298000.000000,7.525000,12333000000.000000,1056000000.000000,16000000.000000,0.000000,46.637000
ARQ,2024-06-30,2024-08-28,2024-07-31,2025-Q2,4687000000.000000,68979500000.000000,2025-05-23,19000000.000000,16234000000.000000,,9200000000.000000,7034000000.000000,,31.453000,-55000000.000000,1635000000.000000,1635000000.000000,511000000.000000,132000000.000000,2.039000,0.945000,3364000000.000000,98000000.000000,3266000000.000000,3364000000.000000,3611000000.000000,104000000.000000,0.000000,0.000000,0.000000,168000000.000000,272000000.000000,0.130000,272000000.000000,168000000.000000,168000000.000000,0.500000,0.490000,0.500000,8345000000.000000,,8345000000.000000,70708500000.000000,127.000000,74.409000,516000000.000000,1.945000,1.000000,1574000000.000000,0.755000,3588000000.000000,0.000000,9862000000.000000,,0.000000,5738000000.000000,5738000000.000000,0.000000,7889000000.000000,4513000000.000000,3376000000.000000,-122000000.000000,-10000000.000000,-206000000.000000,0.000000,0.000000,-347000000.000000,-346000000.000000,-281000000.000000,571000000.000000,0.000000,132000000.000000,132000000.000000,132000000.000000,0.000000,0.000000,0.063000,1463000000.000000,111000000.000000,87000000.000000,0.000000,8.266000,44.757000,44.344000,1598000000.000000,0.000000,260.300000,8.773000,8.783000,1292000000.000000,-1492000000.000000,2085000000.000000,2085000000.000000,649000000.000000,,,,,370000000.000000,814000000.000000,1.000000,265000000.000000,265317000.000000,267949000.000000,7.859000,12646000000.000000,1022000000.000000,36000000.000000,0.000000,47.664000
ARQ,2024-09-30,2024-12-05,2024-10-31,2025-Q3,4656000000.000000,69878200000.000000,2025-05-23,16000000.000000,16424000000.000000,,9078000000.000000,7346000000.000000,,32.493000,-49000000.000000,1311000000.000000,1311000000.000000,530000000.000000,193000000.000000,2.053000,0.904000,3363000000.000000,102000000.000000,3261000000.000000,3363000000.000000,3511000000.000000,107000000.000000,0.000000,0.000000,0.000000,227000000.000000,334000000.000000,0.155000,334000000.000000,227000000.000000,227000000.000000,0.730000,0.720000,0.730000,8624000000.000000,,8624000000.000000,71930200000.000000,110.000000,67.734000,357000000.000000,1.345000,1.000000,1630000000.000000,0.755000,3862000000.000000,0.000000,10192000000.000000,,0.000000,5846000000.000000,5846000000.000000,0.000000,7800000000.000000,4422000000.000000,3378000000.000000,-326000000.000000,-302000000.000000,-158000000.000000,0.000000,0.000000,-282000000.000000,-450000000.000000,-99000000.000000,406000000.000000,0.000000,193000000.000000,193000000.000000,193000000.000000,0.000000,0.000000,0.089000,1465000000.000000,165000000.000000,74000000.000000,0.000000,8.103000,43.122000,42.577000,1598000000.000000,0.000000,262.700000,8.566000,8.547000,1404000000.000000,-1299000000.000000,2160000000.000000,2160000000.000000,647000000.000000,,,,,368000000.000000,818000000.000000,1.000000,266000000.000000,265411000.000000,268549000.000000,8.138000,12562000000.000000,1031000000.000000,34000000.000000,0.000000,47.330000
ARQ,2024-12-31,2025-03-11,2025-01-31,2025-Q4,4997000000.000000,64619380000.000000,2025-05-23,84000000.000000,17977000000.000000,,10545000000.000000,7432000000.000000,,33.983000,-86000000.000000,1543000000.000000,1543000000.000000,539000000.000000,94000000.000000,1.901000,0.990000,3362000000.000000,99000000.000000,3263000000.000000,3362000000.000000,4547000000.000000,117000000.000000,0.000000,0.000000,0.000000,120000000.000000,237000000.000000,0.107000,237000000.000000,120000000.000000,120000000.000000,0.350000,0.340000,0.350000,9034000000.000000,,9034000000.000000,66438380000.000000,104.000000,62.267000,1026000000.000000,3.859000,1.000000,1672000000.000000,0.756000,3839000000.000000,0.000000,10409000000.000000,,0.000000,6474000000.000000,6474000000.000000,0.000000,8943000000.000000,5548000000.000000,3395000000.000000,231000000.000000,-1000000.000000,-23000000.000000,0.000000,0.000000,-154000000.000000,-727000000.000000,-640000000.000000,1112000000.000000,0.000000,94000000.000000,94000000.000000,94000000.000000,0.000000,0.000000,0.043000,1597000000.000000,75000000.000000,108000000.000000,0.000000,7.153000,122.851000,122.692000,1575000000.000000,0.000000,242.930000,7.651000,7.630000,1950000000.000000,-1205000000.000000,2211000000.000000,2211000000.000000,674000000.000000,,,,,397000000.000000,839000000.000000,1.000000,266000000.000000,265842000.000000,270012000.000000,8.317000,14138000000.000000,1039000000.000000,26000000.000000,0.000000,53.182000
ARQ,2025-03-31,2025-05-23,2025-04-30,2026-Q1,5142000000.000000,63548670000.000000,2025-05-23,-44000000.000000,17212000000.000000,,9963000000.000000,7249000000.000000,,33.465000,-36000000.000000,972000000.000000,972000000.000000,537000000.000000,68000000.000000,2.067000,0.930000,3393000000.000000,98000000.000000,3295000000.000000,3393000000.000000,3877000000.000000,111000000.000000,0.000000,0.000000,0.000000,103000000.000000,214000000.000000,0.096000,214000000.000000,103000000.000000,103000000.000000,0.250000,0.250000,0.250000,8919000000.000000,,8919000000.000000,65969670000.000000,107.000000,62.412000,421000000.000000,1.580000,1.000000,1703000000.000000,0.760000,3818000000.000000,0.000000,10994000000.000000,,0.000000,6998000000.000000,6998000000.000000,0.000000,8293000000.000000,4821000000.000000,3472000000.000000,-566000000.000000,0.000000,-290000000.000000,0.000000,0.000000,-501000000.000000,-523000000.000000,-487000000.000000,457000000.000000,1000000.000000,68000000.000000,68000000.000000,68000000.000000,0.000000,0.000000,0.030000,1664000000.000000,39000000.000000,92000000.000000,0.000000,7.125000,130.490000,130.060000,1495000000.000000,0.000000,238.010000,7.308000,7.295000,1363000000.000000,-1137000000.000000,2240000000.000000,2240000000.000000,663000000.000000,,,,,459000000.000000,835000000.000000,1.000000,267000000.000000,266516000.000000,270296000.000000,8.405000,13394000000.000000,1013000000.000000,35000000.000000,0.000000,50.256000
ART,2012-06-30,2012-10-11,2012-07-31,2013-Q2,14323000.000000,,2025-05-23,25000.000000,267155000.000000,,209897000.000000,57258000.000000,,-6.425000,-9922000.000000,36741000.000000,36741000.000000,91364000.000000,-90253000.000000,1.073000,-1.440000,16087000.000000,8219000.000000,7868000.000000,16087000.000000,247471000.000000,13068000.000000,0.000000,,0.000000,-90209000.000000,-77141000.000000,-0.387000,-77141000.000000,-90209000.000000,-90209000.000000,-2.840000,-2.840000,-2.840000,-217690000.000000,,-217690000.000000,,,,-7443000.000000,-0.220000,1.000000,107764000.000000,0.541000,8532000.000000,0.000000,42395000.000000,,0.000000,85910000.000000,85910000.000000,0.000000,313532000.000000,195574000.000000,117958000.000000,14330000.000000,0.000000,10225000.000000,-6088000.000000,0.000000,99146000.000000,-87292000.000000,-77370000.000000,2479000.000000,-3000.000000,-90253000.000000,-90989000.000000,-90989000.000000,0.000000,0.000000,-0.457000,196614000.000000,-88850000.000000,3366000.000000,0.000000,,,,29406000.000000,736000.000000,,,,68481000.000000,-329465000.000000,199128000.000000,199128000.000000,79029000.000000,,,,-0.453000,6265000.000000,117585000.000000,1.000000,160290031.000000,33881000.000000,33881000.000000,5.877000,258623000.000000,0.000000,44000.000000,0.000000,7.633000
ART,2012-09-30,2012-12-07,2012-10-31,2013-Q3,666760000.000000,8499200000.000000,2025-05-23,32000.000000,950148000.000000,,881654000.000000,68494000.000000,,9.934000,,442980000.000000,442980000.000000,,,4.103000,0.544000,27013000.000000,9580000.000000,17433000.000000,27013000.000000,252163000.000000,,0.000000,0.000000,0.000000,,,,,,,,,,615501000.000000,,615501000.000000,8083233000.000000,,,,,1.000000,,,8509000.000000,,310778000.000000,,0.000000,354397000.000000,354397000.000000,0.000000,334647000.000000,214894000.000000,119753000.000000,,,,,,,,,,,,,,,,,,,3481000.000000,,13.809000,,,39760000.000000,,51.200000,,,61099000.000000,-370936000.000000,,,,,,,,,,1.000000,166000000.000000,61960000.000000,,,941639000.000000,0.000000,,0.000000,15.198000
ART,2012-12-31,2013-03-22,2013-01-31,2013-Q4,629528000.000000,10373340000.000000,2025-05-23,68000.000000,959080000.000000,,884302000.000000,74778000.000000,,8.003000,-15898000.000000,84158000.000000,84158000.000000,116535000.000000,-119190000.000000,3.471000,0.619000,24980000.000000,12008000.000000,12972000.000000,24980000.000000,285260000.000000,17722000.000000,0.000000,0.000000,0.000000,-119066000.000000,-101344000.000000,-0.370000,-101344000.000000,-119066000.000000,-119066000.000000,-1.620000,-1.620000,-1.620000,592283000.000000,,592283000.000000,10314162000.000000,-87.000000,-101.774000,-4684000.000000,-0.063000,1.000000,157122000.000000,0.574000,8488000.000000,0.000000,636640000.000000,,0.000000,706181000.000000,706181000.000000,0.000000,366797000.000000,254774000.000000,112023000.000000,26629000.000000,0.000000,694990000.000000,-9453000.000000,0.000000,685537000.000000,-670118000.000000,-654220000.000000,11214000.000000,-4000.000000,-119190000.000000,-119758000.000000,-119758000.000000,0.000000,0.000000,-0.438000,274985000.000000,-117863000.000000,2665000.000000,0.000000,17.514000,-86.619000,-38.574000,44585000.000000,568000.000000,62.490000,37.906000,16.901000,67437000.000000,-401880000.000000,273657000.000000,273657000.000000,102665000.000000,,,,-0.435000,15328000.000000,172320000.000000,1.000000,166000000.000000,74011000.000000,74011000.000000,3.698000,950592000.000000,0.000000,124000.000000,0.000000,12.844000
ART,2013-03-31,2013-06-05,2013-04-30,2014-Q1,584552000.000000,10739840000.000000,2025-05-23,65000.000000,981255000.000000,789409500.000000,893684000.000000,87571000.000000,,3.402000,,219264000.000000,219264000.000000,,,2.891000,0.716000,21342000.000000,11179000.000000,10163000.000000,21342000.000000,300938000.000000,,0.000000,0.000000,0.000000,,,,,,,,,,571785000.000000,390469750.000000,571785000.000000,10541918000.000000,,,,,1.000000,,,8488000.000000,,465713000.000000,363881500.000000,0.000000,586503000.000000,586503000.000000,0.000000,409470000.000000,309132000.000000,100338000.000000,,,,,,,,,,,,,,,,,,,16408000.000000,,18.783000,,,54197000.000000,,62.080000,,,60345000.000000,-434895000.000000,,,,,,,,,,1.000000,173000000.000000,168074000.000000,,,972767000.000000,0.000000,,0.000000,5.788000
ART,2013-06-30,2013-09-06,2013-07-31,2014-Q2,1084674000.000000,13224000000.000000,2025-05-23,111000.000000,1505973000.000000,1099114000.000000,1395395000.000000,110578000.000000,0.321000,3.684000,-41523000.000000,437432000.000000,437432000.000000,140633000.000000,-141247000.000000,4.491000,1.358000,476256000.000000,10720000.000000,465536000.000000,476256000.000000,325618000.000000,24865000.000000,0.000000,0.000000,0.000000,-140719000.000000,-115854000.000000,-0.328000,-115854000.000000,-140719000.000000,-140719000.000000,-0.640000,-0.640000,-0.640000,638741000.000000,604577500.000000,638741000.000000,13262824000.000000,-94.000000,-114.479000,-40547000.000000,-0.234000,1.000000,212704000.000000,0.602000,8488000.000000,0.000000,1225588000.000000,659679750.000000,0.000000,857169000.000000,857169000.000000,0.000000,867232000.000000,310721000.000000,556511000.000000,400691000.000000,0.000000,787243000.000000,571693000.000000,0.000000,1215287000.000000,-815487000.000000,-774054000.000000,976000.000000,-85000.000000,-141247000.000000,-141408000.000000,-141408000.000000,0.000000,0.000000,-0.400000,349157000.000000,-136453000.000000,6337000.000000,0.000000,20.703000,-93.517000,-118.750000,64097000.000000,161000.000000,76.000000,37.426000,37.292000,66972000.000000,-470873000.000000,353337000.000000,353337000.000000,135777000.000000,-0.129000,-0.234000,-0.213000,-0.398000,28799000.000000,213380000.000000,1.000000,174000000.000000,173375000.000000,173375000.000000,2.038000,1497485000.000000,0.000000,528000.000000,0.000000,8.637000
ART,2013-09-30,2013-12-02,2013-10-31,2014-Q3,1043900000.000000,14087500000.000000,2025-05-23,184000.000000,1528185000.000000,1243623250.000000,1405602000.000000,122583000.000000,0.329000,3.518000,-57479000.000000,183460000.000000,183460000.000000,159030000.000000,-147471000.000000,3.886000,1.491000,478682000.000000,10044000.000000,468638000.000000,478682000.000000,351769000.000000,29765000.000000,0.000000,0.000000,0.000000,-146779000.000000,-117014000.000000,-0.286000,-117014000.000000,-146779000.000000,-146779000.000000,-0.240000,-0.240000,-0.240000,613402000.000000,604052750.000000,613402000.000000,14382722000.000000,-98.000000,-122.915000,-40069000.000000,-0.230000,1.000000,249561000.000000,0.611000,8488000.000000,0.000000,1453217000.000000,945289500.000000,0.000000,1099235000.000000,1099235000.000000,0.000000,914783000.000000,361702000.000000,553081000.000000,-259520000.000000,0.000000,102305000.000000,571245000.000000,0.000000,529305000.000000,-806176000.000000,-748787000.000000,17410000.000000,-59000.000000,-147471000.000000,-147471000.000000,-147471000.000000,0.000000,0.000000,-0.361000,385545000.000000,-135984000.000000,8228000.000000,0.000000,22.966000,-95.527000,-335.417000,73960000.000000,0.000000,80.500000,34.478000,34.357000,86961000.000000,-518407000.000000,408591000.000000,408591000.000000,157051000.000000,-0.119000,-0.244000,-0.155000,-0.359000,42330000.000000,228494000.000000,1.000000,175000000.000000,174385000.000000,174385000.000000,2.343000,1519697000.000000,0.000000,692000.000000,0.000000,8.715000
ART,2013-12-31,2014-03-31,2014-01-31,2014-Q4,1601768000.000000,16823120000.000000,2025-05-23,269000.000000,2176265000.000000,1547919500.000000,2023658000.000000,152607000.000000,0.303000,6.931000,-75725000.000000,581326000.000000,581326000.000000,176810000.000000,-172509000.000000,4.797000,0.833000,481378000.000000,9377000.000000,472001000.000000,481378000.000000,413565000.000000,34695000.000000,0.000000,0.000000,0.000000,-170831000.000000,-136136000.000000,-0.290000,-136136000.000000,-170831000.000000,-170831000.000000,-1.010000,-1.010000,-1.010000,1187217000.000000,752786250.000000,1187217000.000000,16723172000.000000,-98.000000,-122.842000,-29462000.000000,-0.172000,1.000000,292128000.000000,0.623000,8488000.000000,0.000000,1645939000.000000,1197614250.000000,0.000000,1305253000.000000,1305253000.000000,0.000000,989048000.000000,421890000.000000,567158000.000000,497168000.000000,0.000000,708641000.000000,572162000.000000,0.000000,1133610000.000000,-682633000.000000,-605998000.000000,46263000.000000,-72000.000000,-172509000.000000,-172509000.000000,-172509000.000000,0.000000,0.000000,-0.368000,445410000.000000,-153282000.000000,6212000.000000,0.000000,14.170000,-97.520000,-90.525000,77664000.000000,0.000000,91.430000,35.875000,33.398000,92184000.000000,-574389000.000000,468938000.000000,468938000.000000,182116000.000000,-0.111000,-0.229000,-0.143000,-0.364000,61851000.000000,263294000.000000,1.000000,184000000.000000,171297000.000000,171297000.000000,2.738000,2167777000.000000,0.000000,1678000.000000,0.000000,12.655000
ART,2014-03-31,2014-06-06,2014-04-30,2015-Q1,1526573000.000000,14986850000.000000,2025-05-23,481000.000000,2206690000.000000,1854278250.000000,2013893000.000000,192797000.000000,0.290000,6.311000,-83703000.000000,246001000.000000,246001000.000000,197530000.000000,-198883000.000000,4.133000,0.910000,484034000.000000,8442000.000000,475592000.000000,484034000.000000,461943000.000000,40649000.000000,0.000000,0.000000,0.000000,-197033000.000000,-156384000.000000,-0.291000,-156384000.000000,-197033000.000000,-197033000.000000,-1.130000,-1.130000,-1.130000,1155436000.000000,898699000.000000,1155436000.000000,15224883000.000000,-77.000000,-97.356000,-33053000.000000,-0.181000,1.000000,339500000.000000,0.632000,35679000.000000,0.000000,1921724000.000000,1561617000.000000,0.000000,1619950000.000000,1619950000.000000,0.000000,1051254000.000000,487320000.000000,563934000.000000,26737000.000000,-26317000.000000,702065000.000000,573171000.000000,0.000000,1128095000.000000,-1152061000.000000,-1042041000.000000,50650000.000000,53000.000000,-198883000.000000,-198883000.000000,-198883000.000000,0.000000,0.000000,-0.370000,512241000.000000,-172741000.000000,12033000.000000,0.000000,12.971000,-75.355000,-71.690000,89125000.000000,0.000000,81.010000,27.907000,27.618000,99136000.000000,-633778000.000000,537030000.000000,537030000.000000,211005000.000000,-0.107000,-0.221000,-0.126000,-0.367000,83309000.000000,301236000.000000,1.000000,185000000.000000,183084000.000000,183084000.000000,2.933000,2171011000.000000,0.000000,1850000.000000,0.000000,11.858000
ART,2014-06-30,2014-09-02,2014-07-31,2015-Q2,1491345000.000000,16730700000.000000,2025-05-23,-37000.000000,2194898000.000000,2026509500.000000,1980810000.000000,214088000.000000,0.304000,6.179000,-82380000.000000,262634000.000000,262634000.000000,222416000.000000,-232120000.000000,4.047000,0.927000,485097000.000000,5133000.000000,479964000.000000,485097000.000000,481473000.000000,47072000.000000,0.000000,0.000000,0.000000,-229993000.000000,-182921000.000000,-0.297000,-182921000.000000,-229993000.000000,-229993000.000000,-1.300000,-1.300000,-1.300000,1138841000.000000,1023724000.000000,1138841000.000000,16953163000.000000,-74.000000,-92.680000,-27825000.000000,-0.151000,1.000000,393839000.000000,0.639000,35379000.000000,0.000000,1892517000.000000,1728349250.000000,0.000000,1559748000.000000,1559748000.000000,0.000000,1056057000.000000,489465000.000000,566592000.000000,-174798000.000000,-26317000.000000,619132000.000000,-12603000.000000,0.000000,603045000.000000,-832436000.000000,-723739000.000000,54555000.000000,38000.000000,-232120000.000000,-232120000.000000,-232120000.000000,0.000000,0.000000,-0.377000,596066000.000000,-202227000.000000,6561000.000000,0.000000,14.691000,-72.078000,-69.192000,105855000.000000,0.000000,89.950000,27.149000,26.904000,100534000.000000,-702993000.000000,616255000.000000,616255000.000000,247301000.000000,-0.115000,-0.227000,-0.133000,-0.373000,114308000.000000,348765000.000000,1.000000,186000000.000000,184319000.000000,184319000.000000,3.343000,2159519000.000000,0.000000,2127000.000000,0.000000,11.716000
ART,2014-09-30,2014-12-05,2014-10-31,2015-Q3,1472113000.000000,15588320000.000000,2025-05-23,64000.000000,2232318000.000000,2202542750.000000,2009746000.000000,222572000.000000,0.319000,6.127000,-93322000.000000,192142000.000000,192142000.000000,245614000.000000,-244498000.000000,3.738000,0.977000,489536000.000000,4681000.000000,484855000.000000,489536000.000000,508131000.000000,53393000.000000,0.000000,0.000000,0.000000,-242214000.000000,-188821000.000000,-0.268000,-188821000.000000,-242214000.000000,-242214000.000000,-1.360000,-1.360000,-1.360000,1129216000.000000,1152677500.000000,1129216000.000000,15885714000.000000,-66.000000,-84.131000,-4801000.000000,-0.026000,1.000000,457839000.000000,0.651000,35079000.000000,0.000000,1957000000.000000,1854295000.000000,0.000000,1642517000.000000,1642517000.000000,0.000000,1103102000.000000,537633000.000000,565469000.000000,8682000.000000,-26317000.000000,619110000.000000,-10909000.000000,0.000000,605404000.000000,-685066000.000000,-565427000.000000,88521000.000000,-177000.000000,-244498000.000000,-244498000.000000,-244498000.000000,0.000000,0.000000,-0.348000,671133000.000000,-213294000.000000,9610000.000000,0.000000,13.805000,-63.756000,-61.294000,116640000.000000,0.000000,83.360000,22.160000,21.841000,118943000.000000,-762905000.000000,703453000.000000,703453000.000000,283222000.000000,-0.111000,-0.212000,-0.131000,-0.344000,141633000.000000,387911000.000000,1.000000,187000000.000000,184310000.000000,184310000.000000,3.817000,2197239000.000000,0.000000,2284000.000000,0.000000,11.921000
ART,2014-12-31,2015-03-25,2015-01-31,2015-Q4,1467774000.000000,15736140000.000000,2025-05-23,-140000.000000,2358633000.000000,2248134750.000000,2109039000.000000,249594000.000000,0.350000,6.129000,-103646000.000000,298192000.000000,298192000.000000,264803000.000000,-247982000.000000,3.289000,1.095000,493708000.000000,3207000.000000,490501000.000000,493708000.000000,632744000.000000,59205000.000000,0.000000,0.000000,0.000000,-245972000.000000,-186767000.000000,-0.237000,-186767000.000000,-245972000.000000,-245972000.000000,-1.350000,-1.350000,-1.350000,1125975000.000000,1137367000.000000,1125975000.000000,15931656000.000000,-65.000000,-85.302000,-1643000.000000,-0.009000,1.000000,523057000.000000,0.664000,34779000.000000,0.000000,1878105000.000000,1912336500.000000,0.000000,1559517000.000000,1559517000.000000,0.000000,1232658000.000000,641265000.000000,591393000.000000,-283134000.000000,-26317000.000000,27948000.000000,-9759000.000000,0.000000,19455000.000000,-404167000.000000,-275204000.000000,102003000.000000,-425000.000000,-247982000.000000,-247982000.000000,-247982000.000000,0.000000,0.000000,-0.315000,738759000.000000,-215702000.000000,10623000.000000,0.000000,13.976000,-63.457000,-61.674000,140136000.000000,0.000000,83.260000,19.973000,19.413000,188357000.000000,-822371000.000000,787860000.000000,787860000.000000,316868000.000000,-0.110000,-0.218000,-0.129000,-0.312000,156048000.000000,421891000.000000,1.000000,189000000.000000,183702000.000000,183702000.000000,4.289000,2323854000.000000,0.000000,2010000.000000,0.000000,12.650000
ART,2015-03-31,2015-06-05,2015-04-30,2016-Q1,1454439000.000000,15161580000.000000,2025-05-23,-279000.000000,2382561000.000000,2292102500.000000,2120993000.000000,261568000.000000,0.384000,5.956000,-123953000.000000,270484000.000000,270484000.000000,285298000.000000,-250151000.000000,3.182000,1.135000,497989000.000000,1759000.000000,496230000.000000,497989000.000000,653423000.000000,65251000.000000,0.000000,0.000000,0.000000,-247530000.000000,-182279000.000000,-0.207000,-182279000.000000,-247530000.000000,-247530000.000000,-1.360000,-1.360000,-1.360000,1116027000.000000,1127514750.000000,1116027000.000000,15389085000.000000,-62.000000,-84.426000,50412000.000000,0.269000,1.000000,593782000.000000,0.675000,34479000.000000,0.000000,1909033000.000000,1909163750.000000,0.000000,1651051000.000000,1651051000.000000,0.000000,1266534000.000000,666554000.000000,599980000.000000,24483000.000000,0.000000,33523000.000000,-8463000.000000,0.000000,26683000.000000,-176149000.000000,-52196000.000000,174365000.000000,-416000.000000,-250151000.000000,-250151000.000000,-250151000.000000,0.000000,0.000000,-0.285000,810805000.000000,-217023000.000000,13320000.000000,0.000000,13.585000,-60.610000,-58.368000,154537000.000000,0.000000,79.380000,17.247000,16.921000,128493000.000000,-883929000.000000,879080000.000000,879080000.000000,351032000.000000,-0.109000,-0.222000,-0.130000,-0.282000,174448000.000000,459773000.000000,1.000000,191000000.000000,187390000.000000,187390000.000000,4.691000,2348082000.000000,0.000000,2621000.000000,0.000000,12.530000
ART,2015-06-30,2015-09-04,2015-07-31,2016-Q2,1434257000.000000,13457280000.000000,2025-05-23,320000.000000,2443884000.000000,2354349000.000000,2140528000.000000,303356000.000000,0.414000,5.978000,-121336000.000000,230578000.000000,230578000.000000,311737000.000000,-250357000.000000,3.031000,1.159000,502788000.000000,743000.000000,502045000.000000,502788000.000000,683088000.000000,70665000.000000,0.000000,0.000000,0.000000,-250227000.000000,-179562000.000000,-0.184000,-179562000.000000,-250227000.000000,-250227000.000000,-1.350000,-1.350000,-1.350000,1131975000.000000,1125798250.000000,1131975000.000000,13729490000.000000,-55.000000,-76.461000,77551000.000000,0.410000,1.000000,663259000.000000,0.680000,42953000.000000,0.000000,1966870000.000000,1927752000.000000,0.000000,1676351000.000000,1676351000.000000,0.000000,1311909000.000000,706271000.000000,605638000.000000,-32056000.000000,-7961000.000000,40810000.000000,-5061000.000000,0.000000,37734000.000000,-268066000.000000,-138769000.000000,198887000.000000,-611000.000000,-250357000.000000,-250357000.000000,-250357000.000000,0.000000,0.000000,-0.257000,886153000.000000,-222894000.000000,23668000.000000,0.000000,11.888000,-53.752000,-51.919000,172701000.000000,0.000000,70.090000,13.802000,13.613000,156282000.000000,-953350000.000000,974996000.000000,974996000.000000,388913000.000000,-0.106000,-0.222000,-0.130000,-0.257000,198430000.000000,497240000.000000,1.000000,192000000.000000,189360000.000000,189360000.000000,5.149000,2400931000.000000,0.000000,130000.000000,0.000000,12.679000
ART,2015-09-30,2015-12-04,2015-10-31,2016-Q3,1405394000.000000,16408520000.000000,2025-05-23,-54000.000000,2511153000.000000,2424057750.000000,2157075000.000000,354078000.000000,0.439000,5.901000,-133917000.000000,219893000.000000,219893000.000000,341702000.000000,-268256000.000000,2.870000,1.231000,508027000.000000,80000.000000,507947000.000000,508027000.000000,718025000.000000,77243000.000000,0.000000,0.000000,0.000000,-267610000.000000,-190367000.000000,-0.179000,-190367000.000000,-267610000.000000,-267610000.000000,-1.430000,-1.430000,-1.430000,1125527000.000000,1124876000.000000,1125527000.000000,16696654000.000000,-62.000000,-87.708000,79074000.000000,0.415000,1.000000,723490000.000000,0.679000,70353000.000000,0.000000,1977253000.000000,1932815250.000000,0.000000,1676454000.000000,1676454000.000000,0.000000,1385626000.000000,751681000.000000,633945000.000000,27751000.000000,-31538000.000000,40555000.000000,-4601000.000000,0.000000,38094000.000000,-222609000.000000,-57154000.000000,212991000.000000,-725000.000000,-268256000.000000,-268256000.000000,-268256000.000000,0.000000,0.000000,-0.252000,965092000.000000,-241602000.000000,16953000.000000,0.000000,14.579000,-61.167000,-59.147000,195004000.000000,0.000000,84.580000,15.404000,15.144000,170851000.000000,-1031161000.000000,1065192000.000000,1065192000.000000,427663000.000000,-0.111000,-0.238000,-0.138000,-0.251000,220081000.000000,537429000.000000,1.000000,194000000.000000,190727000.000000,190727000.000000,5.585000,2440800000.000000,0.000000,646000.000000,0.000000,12.797000
ART,2015-12-31,2016-03-22,2016-01-31,2016-Q4,1439629000.000000,14040000000.000000,2025-05-23,799000.000000,2730094000.000000,2516923000.000000,2362308000.000000,367786000.000000,0.462000,5.979000,-133667000.000000,300087000.000000,300087000.000000,374427000.000000,-289918000.000000,2.560000,1.403000,507476000.000000,0.000000,507476000.000000,507476000.000000,899729000.000000,85939000.000000,0.000000,0.000000,0.000000,-288901000.000000,-202962000.000000,-0.175000,-202962000.000000,-288901000.000000,-288901000.000000,-1.530000,-1.530000,-1.530000,1136157000.000000,1127421500.000000,1136157000.000000,14247389000.000000,-49.000000,-70.197000,124970000.000000,0.658000,1.000000,787919000.000000,0.678000,65816000.000000,0.000000,1948988000.000000,1950536000.000000,0.000000,1669372000.000000,1669372000.000000,0.000000,1593937000.000000,922679000.000000,671258000.000000,1895000.000000,-31436000.000000,45656000.000000,-3193000.000000,0.000000,44109000.000000,-300147000.000000,-134284000.000000,258637000.000000,-704000.000000,-289918000.000000,-289918000.000000,-289918000.000000,0.000000,0.000000,-0.249000,1052578000.000000,-264659000.000000,19605000.000000,0.000000,12.357000,-48.427000,-47.059000,214158000.000000,0.000000,72.000000,12.079000,11.770000,293407000.000000,-1112289000.000000,1162346000.000000,1162346000.000000,469944000.000000,-0.115000,-0.257000,-0.148000,-0.249000,249970000.000000,582634000.000000,1.000000,195000000.000000,190016000.000000,190016000.000000,6.117000,2664278000.000000,0.000000,1017000.000000,0.000000,14.021000
ART,2016-03-31,2016-06-01,2016-04-30,2017-Q1,1401879000.000000,15243860000.000000,2025-05-23,-9032000.000000,2776153000.000000,2615321000.000000,2372131000.000000,404022000.000000,0.481000,5.799000,-137965000.000000,404604000.000000,404604000.000000,405140000.000000,-308982000.000000,2.445000,1.461000,514075000.000000,0.000000,514075000.000000,514075000.000000,926056000.000000,93494000.000000,0.000000,0.000000,0.000000,-307748000.000000,-214254000.000000,-0.170000,-214254000.000000,-307748000.000000,-307748000.000000,-1.620000,-1.620000,-1.620000,1128156000.000000,1130453750.000000,1128156000.000000,15353331000.000000,-50.000000,-71.659000,188079000.000000,0.967000,1.000000,851679000.000000,0.678000,64887000.000000,0.000000,1850485000.000000,1935899000.000000,0.000000,1675486000.000000,1675486000.000000,0.000000,1647997000.000000,970252000.000000,677745000.000000,134120000.000000,-31436000.000000,45473000.000000,-1745000.000000,0.000000,45333000.000000,-237143000.000000,-48384000.000000,326044000.000000,-114000.000000,-308982000.000000,-308982000.000000,-308982000.000000,0.000000,0.000000,-0.246000,1136583000.000000,-284904000.000000,18975000.000000,0.000000,13.512000,-49.336000,-47.765000,254697000.000000,0.000000,77.380000,12.129000,11.977000,193100000.000000,-1192911000.000000,1256819000.000000,1256819000.000000,512387000.000000,-0.118000,-0.273000,-0.159000,-0.245000,280931000.000000,624196000.000000,1.000000,197000000.000000,194529000.000000,194529000.000000,6.461000,2711266000.000000,0.000000,1234000.000000,0.000000,13.938000
ART,2016-06-30,2016-09-02,2016-07-31,2017-Q2,1422537000.000000,17796000000.000000,2025-05-23,-2588000.000000,2829804000.000000,2711801000.000000,2430090000.000000,399714000.000000,0.499000,5.785000,-138712000.000000,405529000.000000,405529000.000000,430913000.000000,-347586000.000000,2.412000,1.480000,520765000.000000,0.000000,520765000.000000,520765000.000000,979114000.000000,100268000.000000,0.000000,0.000000,0.000000,-344419000.000000,-244151000.000000,-0.181000,-244151000.000000,-344419000.000000,-344419000.000000,-1.800000,-1.800000,-1.800000,1140846000.000000,1132671500.000000,1140846000.000000,17911236000.000000,-52.000000,-73.361000,178079000.000000,0.903000,1.000000,920933000.000000,0.681000,68623000.000000,0.000000,1868864000.000000,1911397500.000000,0.000000,1662381000.000000,1662381000.000000,0.000000,1688958000.000000,1007553000.000000,681405000.000000,174951000.000000,-27145000.000000,51696000.000000,-729000.000000,0.000000,52405000.000000,-194197000.000000,2490000.000000,316791000.000000,-48000.000000,-347586000.000000,-347586000.000000,-347586000.000000,0.000000,0.000000,-0.257000,1225094000.000000,-304161000.000000,17135000.000000,0.000000,15.599000,-51.199000,-49.433000,255118000.000000,0.000000,88.980000,13.164000,12.981000,248658000.000000,-1300936000.000000,1351846000.000000,1351846000.000000,558928000.000000,-0.128000,-0.307000,-0.180000,-0.255000,304389000.000000,666166000.000000,1.000000,200000000.000000,197223000.000000,197223000.000000,6.854000,2761181000.000000,0.000000,3167000.000000,0.000000,14.000000
ART,2016-09-30,2016-12-02,2016-10-31,2017-Q3,1196499000.000000,14351400000.000000,2025-05-23,2622000.000000,2922569000.000000,2814655000.000000,2294595000.000000,627974000.000000,0.517000,5.702000,-125950000.000000,386557000.000000,386557000.000000,456044000.000000,-383841000.000000,2.090000,1.569000,527547000.000000,0.000000,527547000.000000,527547000.000000,1023620000.000000,108461000.000000,0.000000,0.000000,0.000000,-380512000.000000,-272051000.000000,-0.187000,-272051000.000000,-380512000.000000,-380512000.000000,-1.960000,-1.960000,-1.960000,1137459000.000000,1135654500.000000,1137459000.000000,14492390000.000000,-38.000000,-53.271000,207154000.000000,1.038000,1.000000,1000118000.000000,0.687000,212087000.000000,0.000000,1753376000.000000,1855428250.000000,0.000000,1527238000.000000,1527238000.000000,0.000000,1785110000.000000,1098096000.000000,687014000.000000,166664000.000000,-147777000.000000,53827000.000000,-66000.000000,0.000000,55388000.000000,-221940000.000000,138422000.000000,333104000.000000,112000.000000,-383841000.000000,-383841000.000000,-383841000.000000,0.000000,0.000000,-0.264000,1343989000.000000,-343871000.000000,28374000.000000,0.000000,12.617000,-37.389000,-36.429000,334265000.000000,0.000000,71.400000,9.856000,9.781000,268945000.000000,-1415002000.000000,1456162000.000000,1456162000.000000,620219000.000000,-0.136000,-0.338000,-0.205000,-0.261000,335828000.000000,723770000.000000,1.000000,201000000.000000,199479000.000000,199479000.000000,7.300000,2710482000.000000,0.000000,3329000.000000,0.000000,13.588000
ART,2016-12-31,2017-03-20,2017-01-31,2017-Q4,1200078000.000000,17356500000.000000,2025-05-23,2071000.000000,3166424000.000000,2923737500.000000,2496526000.000000,669898000.000000,0.537000,5.867000,-120813000.000000,539923000.000000,539923000.000000,483545000.000000,-408278000.000000,1.926000,1.723000,534423000.000000,0.000000,534423000.000000,534423000.000000,1233387000.000000,115885000.000000,0.000000,0.000000,0.000000,-409092000.000000,-293207000.000000,-0.187000,-293207000.000000,-409092000.000000,-409092000.000000,-2.060000,-2.060000,-2.060000,1162906000.000000,1142341750.000000,1162906000.000000,17351000000.000000,-42.000000,-59.177000,227842000.000000,1.149000,1.000000,1085862000.000000,0.692000,207141000.000000,0.000000,1657335000.000000,1782515000.000000,0.000000,1456822000.000000,1456822000.000000,0.000000,2003518000.000000,1296448000.000000,707070000.000000,239836000.000000,-147879000.000000,58079000.000000,0.000000,0.000000,59681000.000000,-168885000.000000,207100000.000000,348655000.000000,385000.000000,-408278000.000000,-408278000.000000,-408278000.000000,0.000000,0.000000,-0.260000,1462527000.000000,-376665000.000000,26824000.000000,0.000000,14.925000,-42.511000,-41.505000,365877000.000000,0.000000,85.500000,11.059000,10.799000,383908000.000000,-1520567000.000000,1569407000.000000,1569407000.000000,680531000.000000,-0.140000,-0.357000,-0.230000,-0.261000,372272000.000000,781996000.000000,1.000000,203000000.000000,198214000.000000,198214000.000000,7.918000,2959283000.000000,0.000000,-814000.000000,0.000000,14.930000
ART,2017-03-31,2017-06-02,2017-04-30,2018-Q1,1244376000.000000,21612870000.000000,2025-05-23,-190000.000000,3308741000.000000,3056884500.000000,2533820000.000000,774921000.000000,0.557000,6.481000,-116928000.000000,498931000.000000,498931000.000000,511629000.000000,-391700000.000000,1.965000,1.505000,541393000.000000,0.000000,541393000.000000,541393000.000000,1200263000.000000,123138000.000000,0.000000,0.000000,0.000000,-391468000.000000,-268330000.000000,-0.157000,-268330000.000000,-391468000.000000,-391468000.000000,-1.950000,-1.950000,-1.950000,1320857000.000000,1190517000.000000,1320857000.000000,21655332000.000000,-55.000000,-80.704000,250283000.000000,1.228000,1.000000,1192209000.000000,0.700000,202108000.000000,0.000000,1859651000.000000,1784806500.000000,0.000000,1616770000.000000,1616770000.000000,0.000000,1987884000.000000,1289444000.000000,698440000.000000,94529000.000000,-147879000.000000,56951000.000000,0.000000,0.000000,58133000.000000,-330430000.000000,52611000.000000,367211000.000000,-385000.000000,-391700000.000000,-391700000.000000,-391700000.000000,0.000000,0.000000,-0.230000,1555425000.000000,-363216000.000000,28182000.000000,0.000000,16.363000,-55.177000,-53.544000,404102000.000000,0.000000,104.410000,12.685000,12.490000,297894000.000000,-1470678000.000000,1703838000.000000,1703838000.000000,735192000.000000,-0.128000,-0.329000,-0.219000,-0.230000,401825000.000000,820233000.000000,1.000000,207000000.000000,203818000.000000,203818000.000000,8.360000,3106633000.000000,0.000000,232000.000000,0.000000,15.242000
ART,2017-06-30,2017-08-31,2017-07-31,2018-Q2,909650000.000000,22815520000.000000,2025-05-23,-22197000.000000,3407127000.000000,3201215250.000000,2586224000.000000,820903000.000000,0.578000,6.619000,-128917000.000000,748599000.000000,748599000.000000,551972000.000000,-366207000.000000,1.543000,1.486000,548460000.000000,332422000.000000,216038000.000000,548460000.000000,1222743000.000000,130497000.000000,0.000000,0.000000,0.000000,-364069000.000000,-233572000.000000,-0.126000,-233572000.000000,-364069000.000000,-364069000.000000,-1.800000,-1.800000,-1.800000,1370397000.000000,1247904750.000000,1370397000.000000,22615381000.000000,-62.000000,-96.824000,247162000.000000,1.194000,1.000000,1299463000.000000,0.702000,197650000.000000,0.000000,1332764000.000000,1650781500.000000,0.000000,1349191000.000000,1349191000.000000,0.000000,2036730000.000000,1676574000.000000,360156000.000000,343032000.000000,-144209000.000000,63830000.000000,0.000000,0.000000,64785000.000000,-98306000.000000,304578000.000000,376079000.000000,474000.000000,-366207000.000000,-366207000.000000,-366207000.000000,0.000000,0.000000,-0.198000,1657411000.000000,-357948000.000000,39948000.000000,0.000000,16.649000,-62.302000,-60.939000,438754000.000000,0.000000,109.690000,12.323000,12.266000,370557000.000000,-1553210000.000000,1851435000.000000,1851435000.000000,794409000.000000,-0.114000,-0.293000,-0.221000,-0.197000,435126000.000000,863002000.000000,1.000000,208000000.000000,207028000.000000,207028000.000000,8.943000,3209477000.000000,0.000000,2138000.000000,0.000000,15.503000
ART,2017-09-30,2017-11-30,2017-10-31,2018-Q3,1944226000.000000,21630000000.000000,2025-05-23,-16310000.000000,4564716000.000000,3611752000.000000,3693772000.000000,870944000.000000,0.553000,7.363000,-137755000.000000,1336984000.000000,1336984000.000000,588642000.000000,-337687000.000000,2.111000,1.964000,1473430000.000000,336936000.000000,1136494000.000000,1473430000.000000,1229166000.000000,135026000.000000,0.000000,0.000000,0.000000,-334881000.000000,-199855000.000000,-0.100000,-199855000.000000,-334881000.000000,-334881000.000000,-1.640000,-1.640000,-1.640000,1540274000.000000,1348608500.000000,1540274000.000000,21766446000.000000,-65.000000,-108.911000,310896000.000000,1.486000,1.000000,1408600000.000000,0.705000,192723000.000000,0.000000,2758893000.000000,1902160750.000000,0.000000,1874139000.000000,1874139000.000000,0.000000,3024442000.000000,1749546000.000000,1274896000.000000,949569000.000000,0.000000,142118000.000000,1132101000.000000,0.000000,1099173000.000000,-598544000.000000,-358220000.000000,448651000.000000,289000.000000,-337687000.000000,-337687000.000000,-337687000.000000,0.000000,0.000000,-0.169000,1736723000.000000,-328123000.000000,35837000.000000,0.000000,14.043000,-64.053000,-62.805000,487234000.000000,0.000000,103.000000,10.830000,10.788000,349309000.000000,-1638756000.000000,1997242000.000000,1997242000.000000,848686000.000000,-0.093000,-0.250000,-0.176000,-0.168000,457507000.000000,888037000.000000,1.000000,210000000.000000,209188000.000000,209188000.000000,9.548000,4371993000.000000,0.000000,2806000.000000,0.000000,20.900000
ART,2017-12-31,2018-03-14,2018-01-31,2018-Q4,1898104000.000000,29423480000.000000,2025-05-23,-46413000.000000,4947424000.000000,4057002000.000000,3956978000.000000,990446000.000000,0.528000,7.606000,-152536000.000000,1134355000.000000,1134355000.000000,629413000.000000,-321222000.000000,1.922000,2.131000,1491354000.000000,341509000.000000,1149845000.000000,1491354000.000000,1537147000.000000,136974000.000000,0.000000,0.000000,0.000000,-314786000.000000,-177812000.000000,-0.083000,-177812000.000000,-314786000.000000,-314786000.000000,-1.550000,-1.550000,-1.550000,1580365000.000000,1452973250.000000,1580365000.000000,29780479000.000000,-95.000000,-167.483000,313191000.000000,1.507000,1.000000,1513637000.000000,0.706000,193610000.000000,0.000000,3051939000.000000,2250811750.000000,0.000000,2133495000.000000,2133495000.000000,0.000000,3367059000.000000,2058874000.000000,1308185000.000000,593760000.000000,-5744000.000000,149861000.000000,1132101000.000000,0.000000,1106262000.000000,-978980000.000000,-695889000.000000,465727000.000000,751000.000000,-321222000.000000,-321222000.000000,-321222000.000000,0.000000,0.000000,-0.150000,1816860000.000000,-303223000.000000,20998000.000000,0.000000,18.618000,-91.599000,-89.542000,546609000.000000,0.000000,138.790000,13.730000,13.456000,528208000.000000,-1727856000.000000,2143050000.000000,2143050000.000000,910584000.000000,-0.079000,-0.221000,-0.140000,-0.147000,478425000.000000,906276000.000000,1.000000,212000000.000000,207774000.000000,207774000.000000,10.314000,4753814000.000000,0.000000,6436000.000000,0.000000,22.880000
ART,2018-03-31,2018-06-01,2018-04-30,2019-Q1,1684155000.000000,27278640000.000000,2025-05-23,-30766000.000000,4927832000.000000,4461774750.000000,3880809000.000000,1047023000.000000,0.511000,7.779000,-170805000.000000,1036045000.000000,1036045000.000000,670673000.000000,-331588000.000000,1.767000,1.973000,1509493000.000000,570251000.000000,939242000.000000,1509493000.000000,1415064000.000000,142261000.000000,0.000000,0.000000,0.000000,-328035000.000000,-185774000.000000,-0.081000,-185774000.000000,-328035000.000000,-328035000.000000,-1.590000,-1.590000,-1.590000,1657300000.000000,1537084000.000000,1657300000.000000,27752088000.000000,-85.000000,-149.386000,299133000.000000,1.404000,1.000000,1611159000.000000,0.706000,188544000.000000,0.000000,3016082000.000000,2539919500.000000,0.000000,2329623000.000000,2329623000.000000,0.000000,3270532000.000000,2196654000.000000,1073878000.000000,536331000.000000,-5744000.000000,150219000.000000,1132101000.000000,0.000000,1106607000.000000,-1040677000.000000,-729623000.000000,469938000.000000,463000.000000,-331588000.000000,-331588000.000000,-331588000.000000,0.000000,0.000000,-0.145000,1925446000.000000,-314287000.000000,30249000.000000,0.000000,16.460000,-82.267000,-79.428000,611293000.000000,0.000000,126.290000,11.955000,11.792000,354209000.000000,-1801839000.000000,2281832000.000000,2281832000.000000,977729000.000000,-0.074000,-0.216000,-0.129000,-0.144000,503296000.000000,947717000.000000,1.000000,216000000.000000,213055000.000000,213055000.000000,10.710000,4739288000.000000,0.000000,3553000.000000,0.000000,22.244000
ART,2018-06-30,2018-09-05,2018-07-31,2019-Q2,1700091000.000000,30859570000.000000,2025-05-23,-12431000.000000,4765060000.000000,4801258000.000000,3614038000.000000,1151022000.000000,0.506000,8.221000,-186623000.000000,1693743000.000000,1693743000.000000,712708000.000000,-335212000.000000,1.888000,1.684000,1177009000.000000,226877000.000000,950132000.000000,1177009000.000000,1483224000.000000,150466000.000000,0.000000,0.000000,0.000000,-334713000.000000,-184247000.000000,-0.076000,-184247000.000000,-334713000.000000,-334713000.000000,-1.590000,-1.590000,-1.590000,1775224000.000000,1638290750.000000,1775224000.000000,30342836000.000000,-91.000000,-164.686000,325805000.000000,1.509000,1.000000,1715524000.000000,0.706000,211000000.000000,0.000000,2123379000.000000,2737573250.000000,0.000000,1291352000.000000,1291352000.000000,0.000000,2989836000.000000,1913947000.000000,1075889000.000000,945286000.000000,-32481000.000000,156631000.000000,782096000.000000,0.000000,762987000.000000,-329715000.000000,50435000.000000,512428000.000000,-414000.000000,-335212000.000000,-335212000.000000,-335212000.000000,0.000000,0.000000,-0.138000,2037164000.000000,-321640000.000000,32910000.000000,0.000000,17.383000,-92.060000,-89.440000,678525000.000000,0.000000,142.210000,12.709000,12.646000,457496000.000000,-1887995000.000000,2428232000.000000,2428232000.000000,1049466000.000000,-0.070000,-0.205000,-0.122000,-0.138000,528836000.000000,987698000.000000,1.000000,217000000.000000,215932000.000000,215932000.000000,11.245000,4554060000.000000,0.000000,499000.000000,0.000000,21.090000
ART,2018-09-30,2018-12-03,2018-10-31,2019-Q3,215394000.000000,36916000000.000000,2025-05-23,3768000.000000,5000299000.000000,4910153750.000000,2271279000.000000,2729020000.000000,0.533000,8.421000,-205694000.000000,540430000.000000,540430000.000000,772154000.000000,-402997000.000000,1.105000,1.728000,1190823000.000000,229684000.000000,961139000.000000,1190823000.000000,1570344000.000000,173086000.000000,0.000000,0.000000,0.000000,-407050000.000000,-233964000.000000,-0.089000,-233964000.000000,-407050000.000000,-407050000.000000,-1.880000,-1.880000,-1.880000,1833149000.000000,1711509500.000000,1833149000.000000,37566393000.000000,-92.000000,-160.565000,276999000.000000,1.272000,1.000000,1843878000.000000,0.705000,1710198000.000000,0.000000,1884609000.000000,2519002250.000000,0.000000,1041709000.000000,1041709000.000000,0.000000,3167150000.000000,2055885000.000000,1111265000.000000,-793571000.000000,-1480081000.000000,76619000.000000,-350008000.000000,0.000000,-273623000.000000,-1002336000.000000,853182000.000000,482693000.000000,-305000.000000,-402997000.000000,-402997000.000000,-402997000.000000,0.000000,0.000000,-0.154000,2268214000.000000,-424336000.000000,28779000.000000,0.000000,20.138000,-91.604000,-89.255000,735443000.000000,0.000000,167.800000,14.111000,13.964000,486044000.000000,-2041823000.000000,2616032000.000000,2616032000.000000,1127881000.000000,-0.082000,-0.235000,-0.162000,-0.156000,594328000.000000,1140333000.000000,1.000000,220000000.000000,217694000.000000,217694000.000000,12.017000,3290101000.000000,0.000000,-4053000.000000,0.000000,15.113000
ART,2018-12-31,2019-03-18,2019-01-31,2019-Q4,269905000.000000,41627220000.000000,2025-05-23,-809000.000000,5520746000.000000,5053484250.000000,2700596000.000000,2820150000.000000,0.558000,9.034000,-212957000.000000,638554000.000000,638554000.000000,834950000.000000,-418258000.000000,1.111000,1.819000,1204778000.000000,232514000.000000,972264000.000000,1204778000.000000,1949270000.000000,198111000.000000,0.000000,0.000000,0.000000,-423752000.000000,-225641000.000000,-0.080000,-225641000.000000,-423752000.000000,-423752000.000000,-1.930000,-1.930000,-1.930000,1958442000.000000,1806028750.000000,1958442000.000000,42193444000.000000,-100.000000,-186.994000,393701000.000000,1.816000,1.000000,1987230000.000000,0.704000,1692365000.000000,0.000000,1963914000.000000,2246996000.000000,0.000000,1139864000.000000,1139864000.000000,0.000000,3562304000.000000,2430691000.000000,1131613000.000000,-493451000.000000,-1474337000.000000,93567000.000000,-350030000.000000,0.000000,-256711000.000000,-842784000.000000,1025690000.000000,606658000.000000,-614000.000000,-418258000.000000,-418258000.000000,-418258000.000000,0.000000,0.000000,-0.148000,2450514000.000000,-463284000.000000,29093000.000000,0.000000,21.255000,-99.525000,-97.155000,796907000.000000,0.000000,187.510000,14.750000,14.404000,704680000.000000,-2146304000.000000,2822180000.000000,2822180000.000000,1211832000.000000,-0.083000,-0.232000,-0.189000,-0.150000,652465000.000000,1238682000.000000,1.000000,222000000.000000,216789000.000000,216789000.000000,13.018000,3828381000.000000,0.000000,-5494000.000000,0.000000,17.659000
ART,2019-03-31,2019-05-30,2019-04-30,2020-Q1,222055000.000000,46987660000.000000,2025-05-23,13113000.000000,5824174000.000000,5277569750.000000,2665134000.000000,3159040000.000000,0.574000,9.157000,-229630000.000000,781772000.000000,781772000.000000,900198000.000000,-460123000.000000,1.091000,1.848000,1529059000.000000,299515000.000000,1229544000.000000,1529059000.000000,1830150000.000000,220612000.000000,0.000000,0.000000,0.000000,-464885000.000000,-244273000.000000,-0.081000,-244273000.000000,-464885000.000000,-464885000.000000,-2.090000,-2.090000,-2.090000,2044748000.000000,1902890750.000000,2044748000.000000,47734947000.000000,-103.000000,-195.416000,401958000.000000,1.800000,1.000000,2128394000.000000,0.703000,1673022000.000000,0.000000,2455360000.000000,2106815500.000000,0.000000,1110141000.000000,1110141000.000000,0.000000,3779426000.000000,2443079000.000000,1336347000.000000,-250389000.000000,-1474337000.000000,94411000.000000,-350030000.000000,0.000000,-255903000.000000,-625553000.000000,1259972000.000000,631588000.000000,-521000.000000,-460123000.000000,-460123000.000000,-460123000.000000,0.000000,0.000000,-0.152000,2643800000.000000,-515406000.000000,35146000.000000,0.000000,22.980000,-102.120000,-99.478000,1165934000.000000,0.000000,207.910000,15.515000,15.330000,542843000.000000,-2262960000.000000,3028592000.000000,3028592000.000000,1296079000.000000,-0.087000,-0.242000,-0.221000,-0.153000,705041000.000000,1347721000.000000,1.000000,226000000.000000,223309000.000000,223309000.000000,13.562000,4151152000.000000,0.000000,-4762000.000000,0.000000,18.589000
ART,2019-06-30,2019-08-30,2019-07-31,2020-Q2,-645232000.000000,40419840000.000000,2025-05-23,32458000.000000,5992156000.000000,5584343750.000000,2789032000.000000,3203124000.000000,0.581000,9.763000,-250860000.000000,619514000.000000,619514000.000000,966302000.000000,-494679000.000000,0.812000,1.711000,1542606000.000000,1298743000.000000,243863000.000000,1542606000.000000,1885642000.000000,246140000.000000,0.000000,0.000000,0.000000,-500119000.000000,-253979000.000000,-0.078000,-253979000.000000,-500119000.000000,-500119000.000000,-2.220000,-2.220000,-2.220000,2210285000.000000,2011656000.000000,2210285000.000000,41342932000.000000,-83.000000,-162.781000,423431000.000000,1.870000,1.000000,2278322000.000000,0.702000,1667302000.000000,0.000000,1813682000.000000,2029391250.000000,0.000000,1307006000.000000,1307006000.000000,0.000000,3781871000.000000,3434264000.000000,347607000.000000,-1071172000.000000,-1460485000.000000,113810000.000000,-52000.000000,0.000000,113426000.000000,-1858605000.000000,18942000.000000,674291000.000000,-284000.000000,-494679000.000000,-494679000.000000,-494679000.000000,0.000000,0.000000,-0.152000,2827243000.000000,-548921000.000000,32540000.000000,0.000000,18.287000,-81.709000,-79.856000,1214347000.000000,0.000000,177.280000,12.457000,12.370000,613425000.000000,-2383672000.000000,3244624000.000000,3244624000.000000,1381361000.000000,-0.089000,-0.246000,-0.246000,-0.154000,766890000.000000,1445882000.000000,1.000000,228000000.000000,226392000.000000,226392000.000000,14.332000,4324854000.000000,0.000000,-5440000.000000,0.000000,19.103000
ART,2019-09-30,2019-12-04,2019-10-31,2020-Q3,464031000.000000,38039700000.000000,2025-05-23,24619000.000000,6155645000.000000,5873180250.000000,2955420000.000000,3200225000.000000,0.586000,10.151000,-250596000.000000,912748000.000000,912748000.000000,1014231000.000000,-457077000.000000,1.186000,1.654000,1552347000.000000,308609000.000000,1243738000.000000,1552347000.000000,1880890000.000000,277852000.000000,0.000000,0.000000,0.000000,-458367000.000000,-180515000.000000,-0.052000,-180515000.000000,-458367000.000000,-458367000.000000,-2.030000,-2.030000,-2.030000,2319179000.000000,2133163500.000000,2319179000.000000,38679299000.000000,-84.000000,-214.272000,567401000.000000,2.484000,1.000000,2425304000.000000,0.705000,1651367000.000000,0.000000,2652488000.000000,2221361000.000000,0.000000,1191848000.000000,1191848000.000000,0.000000,3836466000.000000,2491389000.000000,1345077000.000000,372331000.000000,-12885000.000000,112823000.000000,-52000.000000,0.000000,112324000.000000,-557967000.000000,-143765000.000000,817997000.000000,-23000.000000,-457077000.000000,-457077000.000000,-457077000.000000,0.000000,0.000000,-0.133000,2901720000.000000,-476416000.000000,35581000.000000,0.000000,16.402000,-83.224000,-81.473000,1218169000.000000,0.000000,165.390000,11.060000,10.986000,615508000.000000,-2499401000.000000,3439535000.000000,3439535000.000000,1465100000.000000,-0.078000,-0.214000,-0.206000,-0.133000,809921000.000000,1436620000.000000,1.000000,230000000.000000,228461000.000000,228461000.000000,15.055000,4504278000.000000,0.000000,-1290000.000000,0.000000,19.716000
ART,2019-12-31,2020-03-03,2020-01-31,2020-Q4,125218000.000000,38641920000.000000,2025-05-23,23492000.000000,6816365000.000000,6197085000.000000,3094622000.000000,3721743000.000000,0.585000,10.945000,-244544000.000000,731141000.000000,731141000.000000,1065258000.000000,-480674000.000000,1.042000,1.741000,1569858000.000000,310466000.000000,1259392000.000000,1569858000.000000,2309203000.000000,343603000.000000,0.000000,0.000000,0.000000,-482447000.000000,-138844000.000000,-0.038000,-138844000.000000,-482447000.000000,-482447000.000000,-2.120000,-2.120000,-2.120000,2486551000.000000,2265190750.000000,2486551000.000000,39480637000.000000,-82.000000,-284.352000,620054000.000000,2.729000,1.000000,2561948000.000000,0.706000,2127662000.000000,0.000000,2558016000.000000,2369886500.000000,0.000000,1213432000.000000,1213432000.000000,0.000000,4329814000.000000,2969404000.000000,1360410000.000000,92518000.000000,-473603000.000000,125673000.000000,-30000.000000,0.000000,125124000.000000,-896922000.000000,-79458000.000000,864598000.000000,-282000.000000,-480674000.000000,-480674000.000000,-480674000.000000,0.000000,0.000000,-0.133000,3064178000.000000,-502230000.000000,57556000.000000,0.000000,15.540000,-80.391000,-78.566000,1227081000.000000,0.000000,166.560000,10.653000,10.432000,877578000.000000,-2627359000.000000,3627206000.000000,3627206000.000000,1549906000.000000,-0.078000,-0.212000,-0.204000,-0.133000,859571000.000000,1514272000.000000,1.000000,232000000.000000,227185000.000000,227185000.000000,15.966000,4688703000.000000,0.000000,-1773000.000000,0.000000,20.638000
ART,2020-03-31,2020-05-28,2020-04-30,2021-Q1,679404000.000000,42901600000.000000,2025-05-23,57526000.000000,7227503000.000000,6547917250.000000,3450367000.000000,3777136000.000000,0.583000,11.170000,-238949000.000000,1214213000.000000,1214213000.000000,1127669000.000000,-522767000.000000,1.245000,1.778000,2099867000.000000,336901000.000000,1762966000.000000,2099867000.000000,2090398000.000000,340247000.000000,0.000000,0.000000,0.000000,-521632000.000000,-181385000.000000,-0.047000,-181385000.000000,-521632000.000000,-521632000.000000,-2.280000,-2.280000,-2.280000,2602004000.000000,2404504750.000000,2602004000.000000,43787254000.000000,-84.000000,-241.405000,680169000.000000,2.920000,1.000000,2692867000.000000,0.705000,2111853000.000000,0.000000,3230341000.000000,2563631750.000000,0.000000,1384793000.000000,1384793000.000000,0.000000,4625499000.000000,2770963000.000000,1854536000.000000,433077000.000000,-473603000.000000,125795000.000000,497764000.000000,0.000000,621093000.000000,-1106914000.000000,-332169000.000000,919118000.000000,-220000.000000,-522767000.000000,-522767000.000000,-522767000.000000,0.000000,0.000000,-0.137000,3216168000.000000,-523301000.000000,35430000.000000,0.000000,16.488000,-82.066000,-80.070000,1247275000.000000,0.000000,182.560000,11.229000,11.131000,584219000.000000,-2785927000.000000,3820536000.000000,3820536000.000000,1645559000.000000,-0.080000,-0.217000,-0.203000,-0.137000,911008000.000000,1570609000.000000,1.000000,235000000.000000,232939000.000000,232939000.000000,16.401000,5115650000.000000,0.000000,1135000.000000,0.000000,21.961000
ART,2020-06-30,2020-08-28,2020-07-31,2021-Q2,1161066000.000000,57799560000.000000,2025-05-23,646000.000000,7501451000.000000,6925241000.000000,3714181000.000000,3787270000.000000,0.577000,12.027000,-229928000.000000,1239696000.000000,1239696000.000000,1145612000.000000,-430071000.000000,1.455000,1.643000,2136909000.000000,113298000.000000,2023611000.000000,2136909000.000000,2067920000.000000,365550000.000000,0.000000,0.000000,0.000000,-427236000.000000,-61686000.000000,-0.015000,-61686000.000000,-427236000.000000,-427236000.000000,-1.870000,-1.870000,-1.870000,2838478000.000000,2561553000.000000,2838478000.000000,58696773000.000000,-137.000000,-951.541000,746081000.000000,3.161000,1.000000,2849139000.000000,0.713000,2096108000.000000,0.000000,3749441000.000000,3047571500.000000,0.000000,1513842000.000000,1513842000.000000,0.000000,4662973000.000000,2553115000.000000,2109858000.000000,621600000.000000,-460718000.000000,138650000.000000,497846000.000000,0.000000,633922000.000000,-988807000.000000,-268385000.000000,976009000.000000,476000.000000,-430071000.000000,-430071000.000000,-430071000.000000,0.000000,0.000000,-0.108000,3266697000.000000,-417558000.000000,57764000.000000,0.000000,20.363000,-134.395000,-130.417000,1282089000.000000,0.000000,243.880000,14.469000,14.408000,694289000.000000,-2813943000.000000,3994751000.000000,3994751000.000000,1686118000.000000,-0.062000,-0.168000,-0.140000,-0.107000,953332000.000000,1580579000.000000,1.000000,237000000.000000,236002000.000000,236002000.000000,16.927000,5405343000.000000,0.000000,2835000.000000,0.000000,22.904000
ART,2020-09-30,2020-11-20,2020-10-31,2021-Q3,333037000.000000,50256000000.000000,2025-05-23,1110000.000000,7845027000.000000,7347586500.000000,3958242000.000000,3886785000.000000,0.567000,12.930000,-252962000.000000,1067038000.000000,1067038000.000000,1169863000.000000,-338682000.000000,1.092000,1.549000,2229680000.000000,1175602000.000000,1054078000.000000,2229680000.000000,2069291000.000000,372241000.000000,0.000000,0.000000,0.000000,-335773000.000000,36468000.000000,0.009000,36468000.000000,-335773000.000000,-335773000.000000,-1.460000,-1.460000,-1.460000,3078054000.000000,2751271750.000000,3078054000.000000,51418642000.000000,-153.000000,1409.966000,758847000.000000,3.188000,1.000000,2992748000.000000,0.719000,2082228000.000000,0.000000,3300236000.000000,3209508500.000000,0.000000,1880772000.000000,1880772000.000000,0.000000,4766973000.000000,3625205000.000000,1141768000.000000,154659000.000000,-460718000.000000,140520000.000000,488474000.000000,0.000000,626414000.000000,-1484032000.000000,-761336000.000000,1011809000.000000,468000.000000,-338682000.000000,-338682000.000000,-338682000.000000,0.000000,0.000000,-0.081000,3314133000.000000,-321385000.000000,54949000.000000,0.000000,16.327000,-148.387000,-143.425000,1392157000.000000,0.000000,209.400000,12.073000,11.976000,742744000.000000,-2838283000.000000,4162611000.000000,4162611000.000000,1704338000.000000,-0.046000,-0.123000,-0.105000,-0.081000,982162000.000000,1609795000.000000,1.000000,240000000.000000,238059000.000000,238059000.000000,17.486000,5762799000.000000,0.000000,2909000.000000,0.000000,24.207000
ART,2020-12-31,2021-03-02,2021-01-31,2021-Q4,519413000.000000,60254280000.000000,2025-05-23,-54970000.000000,8718411000.000000,7823098000.000000,4802061000.000000,3916350000.000000,0.552000,13.829000,-256330000.000000,1384181000.000000,1384181000.000000,1198132000.000000,-282431000.000000,1.121000,1.660000,2238065000.000000,1196101000.000000,1041964000.000000,2238065000.000000,2636735000.000000,378033000.000000,0.000000,0.000000,0.000000,-275134000.000000,102899000.000000,0.024000,102899000.000000,-275134000.000000,-275134000.000000,-1.190000,-1.190000,-1.190000,3277834000.000000,2949092500.000000,3277834000.000000,61108164000.000000,-222.000000,593.865000,1012111000.000000,4.270000,1.000000,3119864000.000000,0.723000,2068251000.000000,0.000000,3221396000.000000,3375353500.000000,0.000000,2151472000.000000,2151472000.000000,0.000000,5440577000.000000,4282648000.000000,1157929000.000000,653200000.000000,0.000000,148673000.000000,479033000.000000,0.000000,625049000.000000,-1241624000.000000,-979178000.000000,1268441000.000000,1334000.000000,-282431000.000000,-282431000.000000,-282431000.000000,0.000000,0.000000,-0.065000,3368463000.000000,-248599000.000000,75596000.000000,0.000000,18.382000,-213.342000,-208.370000,1386546000.000000,0.000000,247.960000,13.954000,13.611000,1032484000.000000,-2909990000.000000,4317996000.000000,4317996000.000000,1721222000.000000,-0.036000,-0.096000,-0.082000,-0.064000,1004854000.000000,1647241000.000000,1.000000,243000000.000000,237019000.000000,237019000.000000,18.218000,6650160000.000000,0.000000,7297000.000000,0.000000,28.057000
ART,2021-03-31,2021-05-26,2021-04-30,2022-Q1,-304958000.000000,58556290000.000000,2025-05-23,-60421000.000000,8624007000.000000,8172224000.000000,3905797000.000000,4718210000.000000,0.548000,13.972000,-266186000.000000,959358000.000000,959358000.000000,1225555000.000000,-170585000.000000,0.928000,1.532000,2159669000.000000,1272828000.000000,886841000.000000,2159669000.000000,2426009000.000000,392843000.000000,0.000000,0.000000,0.000000,-167068000.000000,225775000.000000,0.050000,225775000.000000,-167068000.000000,-167068000.000000,-0.710000,-0.710000,-0.710000,3405441000.000000,3149951750.000000,3405441000.000000,59756601000.000000,-358.000000,264.673000,1191000000.000000,4.886000,1.000000,3249089000.000000,0.726000,2763386000.000000,0.000000,2850177000.000000,3280312500.000000,0.000000,2035171000.000000,2035171000.000000,0.000000,5218566000.000000,4210755000.000000,1007811000.000000,-252312000.000000,-679220000.000000,143739000.000000,-28187000.000000,0.000000,114710000.000000,-1825993000.000000,-705530000.000000,1457186000.000000,1785000.000000,-170585000.000000,-170585000.000000,-170585000.000000,0.000000,0.000000,-0.038000,3391544000.000000,-142455000.000000,48097000.000000,0.000000,17.195000,-343.268000,-333.901000,1436640000.000000,0.000000,237.070000,13.086000,12.913000,647163000.000000,-2820480000.000000,4474644000.000000,4474644000.000000,1719354000.000000,-0.021000,-0.054000,-0.051000,-0.037000,1032817000.000000,1672190000.000000,1.000000,247000000.000000,243739000.000000,243739000.000000,18.358000,5860621000.000000,0.000000,3517000.000000,0.000000,24.045000
ART,2021-06-30,2021-08-26,2021-07-31,2022-Q2,187019000.000000,61196480000.000000,2025-05-23,-44150000.000000,9113845000.000000,8575322500.000000,4461114000.000000,4652731000.000000,0.545000,15.663000,-287412000.000000,1087070000.000000,1087070000.000000,1286799000.000000,-36833000.000000,1.044000,1.356000,2147865000.000000,1284039000.000000,863826000.000000,2147865000.000000,2518589000.000000,406238000.000000,0.000000,0.000000,0.000000,-36996000.000000,369242000.000000,0.079000,369242000.000000,-36996000.000000,-36996000.000000,-0.160000,-0.180000,-0.160000,3867990000.000000,3407329750.000000,3867990000.000000,62257275000.000000,-1683.000000,168.608000,1211037000.000000,4.904000,1.000000,3386239000.000000,0.725000,2743558000.000000,0.000000,3156987000.000000,3132199000.000000,0.000000,2220888000.000000,2220888000.000000,0.000000,5245855000.000000,4274095000.000000,971760000.000000,-153317000.000000,-679220000.000000,148643000.000000,-37637000.000000,0.000000,110228000.000000,-1762687000.000000,-622697000.000000,1498449000.000000,693000.000000,-36833000.000000,-36833000.000000,-36833000.000000,0.000000,0.000000,-0.008000,3513060000.000000,-126821000.000000,53082000.000000,0.000000,15.821000,-1661.458000,-1542.250000,1411340000.000000,0.000000,246.760000,13.096000,13.040000,872764000.000000,-2714744000.000000,4673038000.000000,4673038000.000000,1744924000.000000,-0.004000,-0.011000,-0.012000,-0.008000,1046300000.000000,1768136000.000000,1.000000,248000000.000000,246943000.000000,260016000.000000,18.924000,6370287000.000000,0.000000,-163000.000000,0.000000,25.797000
ART,2021-09-30,2021-11-18,2021-10-31,2022-Q3,418658000.000000,74772500000.000000,2025-05-23,-20627000.000000,9440883000.000000,8974286500.000000,4693708000.000000,4747175000.000000,0.545000,16.967000,-242550000.000000,1297259000.000000,1297259000.000000,1351342000.000000,30919000.000000,1.098000,1.239000,2134630000.000000,1295667000.000000,838963000.000000,2134630000.000000,2493911000.000000,418767000.000000,0.000000,0.000000,0.000000,31429000.000000,450196000.000000,0.092000,450196000.000000,31429000.000000,31429000.000000,0.110000,0.090000,0.110000,4215816000.000000,3691770250.000000,4215816000.000000,75609871000.000000,2406.000000,167.949000,1346751000.000000,5.420000,1.000000,3542999000.000000,0.724000,2800139000.000000,0.000000,3203065000.000000,3107906250.000000,0.000000,2257722000.000000,2257722000.000000,0.000000,5225067000.000000,4275050000.000000,950017000.000000,231735000.000000,-739865000.000000,146887000.000000,-37646000.000000,0.000000,108611000.000000,-1466880000.000000,-312175000.000000,1589301000.000000,703000.000000,30919000.000000,30919000.000000,30919000.000000,0.000000,0.000000,0.006000,3631798000.000000,-88799000.000000,47928000.000000,0.000000,17.736000,2418.335000,2719.000000,1389883000.000000,0.000000,299.090000,15.277000,15.184000,865040000.000000,-2671332000.000000,4894341000.000000,4894341000.000000,1780577000.000000,0.003000,0.008000,0.010000,0.006000,1065463000.000000,1851221000.000000,1.000000,250000000.000000,248468000.000000,254760000.000000,19.698000,6640744000.000000,0.000000,510000.000000,0.000000,26.727000
ART,2021-12-31,2022-02-28,2022-01-31,2022-Q4,146210000.000000,57491550000.000000,2025-05-23,7709000.000000,10498505000.000000,9419310000.000000,5214065000.000000,5284440000.000000,0.546000,18.342000,-272274000.000000,1534273000.000000,1534273000.000000,1428095000.000000,29373000.000000,1.029000,1.315000,2102756000.000000,1302946000.000000,799810000.000000,2102756000.000000,3182480000.000000,429958000.000000,0.000000,0.000000,0.000000,16182000.000000,446140000.000000,0.087000,446140000.000000,16182000.000000,16182000.000000,0.120000,0.120000,0.120000,4535082000.000000,4006082250.000000,4535082000.000000,58060033000.000000,3588.000000,130.139000,1378430000.000000,5.575000,1.000000,3710703000.000000,0.722000,3231046000.000000,0.000000,2768087000.000000,2994579000.000000,0.000000,2109888000.000000,2109888000.000000,0.000000,5963423000.000000,5067855000.000000,895568000.000000,152824000.000000,-1190199000.000000,148328000.000000,-37614000.000000,0.000000,110251000.000000,-1607426000.000000,26548000.000000,1650704000.000000,-705000.000000,29373000.000000,29373000.000000,29373000.000000,0.000000,0.000000,0.006000,3827153000.000000,-116450000.000000,55487000.000000,0.000000,12.677000,1957.292000,1908.750000,1370883000.000000,0.000000,229.050000,11.188000,11.021000,1242545000.000000,-2744585000.000000,5138798000.000000,5138798000.000000,1879220000.000000,0.003000,0.007000,0.005000,0.003000,1100584000.000000,1947933000.000000,1.000000,251000000.000000,247249000.000000,254032000.000000,20.784000,7267459000.000000,0.000000,-13191000.000000,0.000000,29.393000
ART,2022-03-31,2022-05-26,2022-04-30,2023-Q1,2661839000.000000,42710100000.000000,2025-05-23,43109000.000000,12799106000.000000,10463084750.000000,7443226000.000000,5355880000.000000,0.516000,18.991000,-261228000.000000,2776336000.000000,2776336000.000000,1497863000.000000,-26278000.000000,1.557000,1.677000,4384004000.000000,1228699000.000000,3155305000.000000,4384004000.000000,2879427000.000000,437159000.000000,0.000000,0.000000,0.000000,-29460000.000000,407699000.000000,0.076000,407699000.000000,-29460000.000000,-29460000.000000,-0.110000,-0.110000,-0.110000,4780807000.000000,4349923750.000000,4780807000.000000,44317768000.000000,-1504.000000,108.702000,1376765000.000000,5.469000,1.000000,3900559000.000000,0.723000,3209431000.000000,0.000000,6415956000.000000,3886023750.000000,0.000000,3479019000.000000,3479019000.000000,0.000000,8018299000.000000,4781387000.000000,3236912000.000000,1818927000.000000,-510979000.000000,150675000.000000,2248716000.000000,0.000000,2398961000.000000,-2216451000.000000,-1444151000.000000,1637993000.000000,-1576000.000000,-26278000.000000,-26278000.000000,-26278000.000000,0.000000,0.000000,-0.005000,4051539000.000000,-150980000.000000,123361000.000000,0.000000,8.934000,-1625.318000,-1528.636000,1438240000.000000,0.000000,168.150000,7.912000,7.841000,778076000.000000,-2846758000.000000,5398422000.000000,5398422000.000000,1979113000.000000,-0.003000,-0.006000,-0.008000,-0.005000,1147455000.000000,2072426000.000000,1.000000,254000000.000000,251743000.000000,251743000.000000,21.444000,9589675000.000000,0.000000,-3182000.000000,0.000000,38.093000
ART,2022-06-30,2022-08-25,2022-07-31,2023-Q2,2946800000.000000,41564160000.000000,2025-05-23,62961000.000000,13249550000.000000,11497011000.000000,7804657000.000000,5444893000.000000,0.494000,20.160000,-342045000.000000,2486540000.000000,2486540000.000000,1575427000.000000,-196172000.000000,1.607000,1.584000,4428023000.000000,1240463000.000000,3187560000.000000,4428023000.000000,2942730000.000000,446313000.000000,0.000000,0.000000,0.000000,-198192000.000000,248121000.000000,0.044000,248121000.000000,-198192000.000000,-198192000.000000,-0.790000,-0.770000,-0.790000,5127808000.000000,4664878250.000000,5127808000.000000,43505643000.000000,-220.000000,175.340000,1211833000.000000,4.764000,1.000000,4098432000.000000,0.722000,3187919000.000000,0.000000,7145257000.000000,4883091250.000000,0.000000,3806427000.000000,3806427000.000000,0.000000,8121742000.000000,4857857000.000000,3263885000.000000,1404114000.000000,-510979000.000000,158133000.000000,2258081000.000000,0.000000,2415750000.000000,-2564114000.000000,-1710817000.000000,1553878000.000000,-1400000.000000,-196172000.000000,-196172000.000000,-196172000.000000,0.000000,0.000000,-0.035000,4282370000.000000,-183938000.000000,60710000.000000,0.000000,8.106000,-211.876000,-205.519000,1519435000.000000,0.000000,162.360000,7.326000,7.278000,1105288000.000000,-2910916000.000000,5673859000.000000,5673859000.000000,2082697000.000000,-0.017000,-0.042000,-0.041000,-0.035000,1190743000.000000,2199673000.000000,1.000000,256000000.000000,254355000.000000,254355000.000000,22.307000,10061631000.000000,0.000000,-2020000.000000,0.000000,39.557000
ART,2022-09-30,2022-11-29,2022-10-31,2023-Q3,3246876000.000000,36828100000.000000,2025-05-23,104114000.000000,12389787000.000000,12234237000.000000,6970275000.000000,5419512000.000000,0.486000,21.150000,-368075000.000000,1575955000.000000,1575955000.000000,1651496000.000000,-314305000.000000,1.872000,1.291000,3261294000.000000,90237000.000000,3171057000.000000,3261294000.000000,2879335000.000000,452992000.000000,0.000000,0.000000,0.000000,-265852000.000000,187140000.000000,0.031000,187140000.000000,-265852000.000000,-265852000.000000,-1.250000,-1.230000,-1.250000,5409108000.000000,4963201250.000000,5409108000.000000,38513439000.000000,-145.000000,205.800000,1209817000.000000,4.730000,1.000000,4294203000.000000,0.722000,3166714000.000000,0.000000,7185013000.000000,5878578250.000000,0.000000,3916130000.000000,3916130000.000000,0.000000,6980679000.000000,3723399000.000000,3257280000.000000,284404000.000000,-450334000.000000,156949000.000000,1117843000.000000,0.000000,1274200000.000000,-2565318000.000000,-1746459000.000000,1577892000.000000,-2370000.000000,-314305000.000000,-314305000.000000,-314305000.000000,0.000000,0.000000,-0.053000,4528407000.000000,-234204000.000000,75803000.000000,0.000000,6.809000,-117.173000,-114.640000,1487237000.000000,0.000000,143.300000,6.194000,6.164000,1040468000.000000,-2985637000.000000,5945699000.000000,5945699000.000000,2192809000.000000,-0.026000,-0.063000,-0.045000,-0.045000,1225944000.000000,2335598000.000000,1.000000,257000000.000000,255753000.000000,255753000.000000,23.248000,9223073000.000000,0.000000,48453000.000000,0.000000,36.062000
ART,2022-12-31,2023-02-27,2023-01-31,2023-Q4,3480058000.000000,47896870000.000000,2025-05-23,53051000.000000,13486238000.000000,12981170250.000000,8108224000.000000,5378014000.000000,0.479000,21.920000,-360252000.000000,1886311000.000000,1886311000.000000,1715178000.000000,-366749000.000000,1.752000,1.414000,3249076000.000000,91343000.000000,3157733000.000000,3249076000.000000,3633933000.000000,456107000.000000,0.000000,0.000000,0.000000,-259950000.000000,196157000.000000,0.032000,196157000.000000,-259950000.000000,-259950000.000000,-1.440000,-1.440000,-1.440000,5585568000.000000,5225822750.000000,5585568000.000000,49259635000.000000,-189.000000,251.124000,1296943000.000000,5.090000,1.000000,4500640000.000000,0.724000,3145509000.000000,0.000000,7075328000.000000,6955388500.000000,0.000000,4235083000.000000,4235083000.000000,0.000000,7900670000.000000,4628166000.000000,3272504000.000000,354495000.000000,0.000000,77308000.000000,1127252000.000000,0.000000,1203821000.000000,-2505926000.000000,-2141438000.000000,1657195000.000000,-595000.000000,-366749000.000000,-366749000.000000,-366749000.000000,0.000000,0.000000,-0.059000,4722840000.000000,-222200000.000000,153751000.000000,0.000000,8.575000,-130.599000,-128.424000,1450532000.000000,0.000000,184.930000,7.706000,7.581000,1570086000.000000,-3111334000.000000,6215818000.000000,6215818000.000000,2270660000.000000,-0.028000,-0.070000,-0.037000,-0.042000,1294622000.000000,2452180000.000000,1.000000,259000000.000000,254819000.000000,254819000.000000,24.393000,10340729000.000000,0.000000,106799000.000000,0.000000,40.581000
ART,2023-03-31,2023-05-25,2023-04-30,2024-Q1,3829004000.000000,51263010000.000000,2025-05-23,42650000.000000,13252796000.000000,13094592750.000000,7873093000.000000,5379703000.000000,0.494000,22.958000,-369778000.000000,1443651000.000000,1443651000.000000,1729801000.000000,-264440000.000000,1.947000,1.230000,3254912000.000000,95008000.000000,3159904000.000000,3254912000.000000,3289750000.000000,438528000.000000,0.000000,0.000000,0.000000,-160035000.000000,278493000.000000,0.043000,278493000.000000,-160035000.000000,-160035000.000000,-1.030000,-1.030000,-1.030000,5941863000.000000,5516086750.000000,5941863000.000000,53074271000.000000,-332.000000,190.577000,1125016000.000000,4.347000,1.000000,4735672000.000000,0.732000,3124305000.000000,0.000000,7895663000.000000,7325315250.000000,0.000000,4885310000.000000,4885310000.000000,0.000000,7310933000.000000,4044089000.000000,3266844000.000000,-1330447000.000000,0.000000,73418000.000000,-1149652000.000000,0.000000,-1077041000.000000,-1748161000.000000,-1373845000.000000,1494794000.000000,-39000.000000,-264440000.000000,-264440000.000000,-264440000.000000,0.000000,0.000000,-0.041000,4904829000.000000,-169157000.000000,113263000.000000,0.000000,8.627000,-193.855000,-190.689000,1472776000.000000,0.000000,196.410000,7.929000,7.863000,1089286000.000000,-3111198000.000000,6465473000.000000,6465473000.000000,2329608000.000000,-0.020000,-0.048000,-0.022000,-0.025000,1352576000.000000,2575221000.000000,1.000000,261000000.000000,258820000.000000,261371000.000000,24.981000,10128491000.000000,0.000000,104405000.000000,0.000000,39.133000
ART,2023-06-30,2023-08-24,2023-07-31,2024-Q2,4199735000.000000,58915940000.000000,2025-05-23,-6780000.000000,13735315000.000000,13216034000.000000,8381694000.000000,5353621000.000000,0.508000,24.023000,-264933000.000000,1435690000.000000,1435690000.000000,1754816000.000000,-121622000.000000,2.004000,1.189000,3268793000.000000,98810000.000000,3169983000.000000,3268793000.000000,3369461000.000000,418620000.000000,0.000000,0.000000,0.000000,-11356000.000000,407264000.000000,0.061000,407264000.000000,-11356000.000000,-11356000.000000,-0.480000,-0.480000,-0.480000,6274553000.000000,5802773000.000000,6274553000.000000,60749043000.000000,-5350.000000,149.164000,1540767000.000000,5.899000,1.000000,4961625000.000000,0.739000,3103100000.000000,0.000000,8283359000.000000,7609840750.000000,0.000000,5221401000.000000,5221401000.000000,0.000000,7460762000.000000,4181959000.000000,3278803000.000000,-1049209000.000000,0.000000,-58335000.000000,-1149622000.000000,0.000000,-1208724000.000000,-1646509000.000000,-1375917000.000000,1805700000.000000,324000.000000,-121622000.000000,-121622000.000000,-121622000.000000,0.000000,0.000000,-0.018000,5060447000.000000,-98822000.000000,88814000.000000,0.000000,9.390000,-484.418000,-468.479000,1483974000.000000,0.000000,224.870000,8.772000,8.745000,1270936000.000000,-3032538000.000000,6716441000.000000,6716441000.000000,2391450000.000000,-0.009000,-0.021000,-0.001000,-0.002000,1396481000.000000,2668997000.000000,1.000000,262000000.000000,261191000.000000,264435000.000000,25.715000,10632215000.000000,0.000000,110266000.000000,0.000000,40.707000
ART,2023-09-30,2023-11-28,2023-10-31,2024-Q3,4544773000.000000,62417790000.000000,2025-05-23,33207000.000000,13925933000.000000,13600070500.000000,8574163000.000000,5351770000.000000,0.513000,25.271000,-264792000.000000,1563939000.000000,1563939000.000000,1764263000.000000,66808000.000000,2.128000,1.102000,3275968000.000000,98325000.000000,3177643000.000000,3275968000.000000,3258796000.000000,396475000.000000,0.000000,0.000000,0.000000,140045000.000000,536520000.000000,0.077000,536520000.000000,140045000.000000,140045000.000000,0.240000,0.240000,0.240000,6624917000.000000,6106725250.000000,6624917000.000000,64129819000.000000,458.000000,119.529000,1583015000.000000,6.039000,1.000000,5218750000.000000,0.747000,3095706000.000000,0.000000,8512866000.000000,7941804000.000000,0.000000,5316045000.000000,5316045000.000000,0.000000,7301016000.000000,4029390000.000000,3271626000.000000,-11400000.000000,-8517000.000000,-208534000.000000,0.000000,0.000000,-209209000.000000,-1650455000.000000,-1370244000.000000,1847807000.000000,457000.000000,66808000.000000,66808000.000000,66808000.000000,0.000000,0.000000,0.010000,5203396000.000000,15354000.000000,79333000.000000,0.000000,9.422000,934.286000,988.875000,1472527000.000000,0.000000,237.330000,8.939000,8.910000,1224818000.000000,-2918829000.000000,6983013000.000000,6983013000.000000,2444459000.000000,0.005000,0.011000,0.018000,0.020000,1431542000.000000,2758937000.000000,1.000000,263000000.000000,262153000.000000,266377000.000000,26.637000,10830227000.000000,0.000000,73237000.000000,0.000000,41.313000
ART,2023-12-31,2024-03-08,2024-01-31,2024-Q4,4884000000.000000,69780480000.000000,2025-05-23,21000000.000000,16452000000.000000,14341511000.000000,9939000000.000000,6513000000.000000,0.506000,30.925000,-238000000.000000,2012000000.000000,2012000000.000000,1771000000.000000,1381000000.000000,1.966000,1.036000,3296000000.000000,89000000.000000,3207000000.000000,3296000000.000000,4127000000.000000,378000000.000000,0.000000,0.000000,0.000000,356000000.000000,734000000.000000,0.101000,734000000.000000,356000000.000000,356000000.000000,5.280000,5.210000,5.280000,8082000000.000000,6730833250.000000,8082000000.000000,71064480000.000000,200.000000,96.818000,1911000000.000000,7.312000,1.000000,5488000000.000000,0.756000,3079000000.000000,0.000000,9602000000.000000,8573472000.000000,0.000000,5801000000.000000,5801000000.000000,0.000000,8370000000.000000,5055000000.000000,3315000000.000000,129000000.000000,-8000000.000000,-268000000.000000,0.000000,0.000000,-268000000.000000,-1751000000.000000,-1501000000.000000,2149000000.000000,-1000000.000000,1381000000.000000,1381000000.000000,1381000000.000000,0.000000,0.000000,0.190000,5305000000.000000,183000000.000000,78000000.000000,0.000000,8.634000,50.529000,50.061000,1523000000.000000,0.000000,264.320000,9.613000,9.516000,1639000000.000000,-1731000000.000000,7259000000.000000,7259000000.000000,2464000000.000000,0.096000,0.205000,0.042000,0.049000,1416000000.000000,2841000000.000000,1.000000,264000000.000000,261344000.000000,265285000.000000,27.776000,13373000000.000000,1065000000.000000,-1025000000.000000,0.000000,51.170000
ART,2024-03-31,2024-05-29,2024-04-30,2025-Q1,4446000000.000000,56068700000.000000,2025-05-23,17000000.000000,15941000000.000000,15013562000.000000,8874000000.000000,7067000000.000000,0.504000,30.869000,-250724000.000000,1752000000.000000,1752000000.000000,1842556000.000000,1487864000.000000,2.004000,0.953000,3344000000.000000,95000000.000000,3249000000.000000,3344000000.000000,3613000000.000000,383685000.000000,0.000000,0.000000,0.000000,472091000.000000,855776000.000000,0.113000,855776000.000000,472091000.000000,472091000.000000,5.670000,5.610000,5.670000,8163000000.000000,7286117500.000000,8163000000.000000,57660700000.000000,122.000000,67.378000,1992960000.000000,7.536000,1.000000,5722132000.000000,0.756000,3608000000.000000,0.000000,9497000000.000000,8973806250.000000,0.000000,5430000000.000000,5430000000.000000,0.000000,7778000000.000000,4428000000.000000,3350000000.000000,314949000.000000,-520000000.000000,-393100000.000000,0.000000,0.000000,-631840000.000000,-1296024000.000000,-521622000.000000,2243684000.000000,-871000.000000,1487864000.000000,1487864000.000000,1487864000.000000,0.000000,0.000000,0.197000,5455332000.000000,266800000.000000,76000000.000000,0.000000,6.869000,37.684000,37.316000,1561000000.000000,0.000000,211.580000,7.412000,7.396000,1133000000.000000,-1624000000.000000,7564688000.000000,7564688000.000000,2519543000.000000,0.099000,0.204000,0.053000,0.062000,1431540000.000000,2935789000.000000,1.000000,265000000.000000,264444000.000000,270298000.000000,28.606000,12333000000.000000,1056000000.000000,-1015773000.000000,0.000000,46.637000
ART,2024-06-30,2024-08-28,2024-07-31,2025-Q2,4687000000.000000,68979500000.000000,2025-05-23,19000000.000000,16234000000.000000,15638233250.000000,9200000000.000000,7034000000.000000,0.503000,31.453000,-241971000.000000,1635000000.000000,1635000000.000000,1905456000.000000,1541204000.000000,2.039000,0.945000,3364000000.000000,98000000.000000,3266000000.000000,3364000000.000000,3611000000.000000,391987000.000000,0.000000,0.000000,0.000000,558279000.000000,950266000.000000,0.121000,950266000.000000,558279000.000000,558279000.000000,5.870000,5.800000,5.870000,8345000000.000000,7803729250.000000,8345000000.000000,70708500000.000000,127.000000,74.409000,2147449000.000000,8.094000,1.000000,5957466000.000000,0.758000,3588000000.000000,0.000000,9862000000.000000,9368466500.000000,0.000000,5738000000.000000,5738000000.000000,0.000000,7889000000.000000,4513000000.000000,3376000000.000000,201406000.000000,-530000000.000000,-550649000.000000,0.000000,0.000000,-930244000.000000,-1256681000.000000,-482398000.000000,2389420000.000000,-1089000.000000,1541204000.000000,1541204000.000000,1541204000.000000,0.000000,0.000000,0.196000,5615923000.000000,341543000.000000,87000000.000000,0.000000,8.266000,44.757000,44.344000,1598000000.000000,0.000000,260.300000,8.773000,8.783000,1292000000.000000,-1492000000.000000,7862922000.000000,7862922000.000000,2558866000.000000,0.099000,0.197000,0.060000,0.071000,1449628000.000000,3057057000.000000,1.000000,265000000.000000,265317000.000000,267949000.000000,29.636000,12646000000.000000,1022000000.000000,-982925000.000000,0.000000,47.664000
ART,2024-09-30,2024-12-05,2024-10-31,2025-Q3,4656000000.000000,69878200000.000000,2025-05-23,16000000.000000,16424000000.000000,16262750000.000000,9078000000.000000,7346000000.000000,0.502000,32.493000,-231747000.000000,1311000000.000000,1311000000.000000,1990216000.000000,1620495000.000000,2.053000,0.904000,3363000000.000000,102000000.000000,3261000000.000000,3363000000.000000,3511000000.000000,405919000.000000,0.000000,0.000000,0.000000,656036000.000000,1061955000.000000,0.130000,1061955000.000000,656036000.000000,656036000.000000,6.170000,6.090000,6.170000,8624000000.000000,8303500000.000000,8624000000.000000,71930200000.000000,110.000000,67.734000,2112898000.000000,7.961000,1.000000,6167031000.000000,0.756000,3862000000.000000,0.000000,10192000000.000000,9788250000.000000,0.000000,5846000000.000000,5846000000.000000,0.000000,7800000000.000000,4422000000.000000,3378000000.000000,-253015000.000000,-823483000.000000,-559160000.000000,0.000000,0.000000,-1062686000.000000,-1534672000.000000,-478554000.000000,2344645000.000000,-302000.000000,1620495000.000000,1620495000.000000,1620495000.000000,0.000000,0.000000,0.199000,5748343000.000000,418688000.000000,74000000.000000,0.000000,8.103000,43.122000,42.577000,1598000000.000000,0.000000,262.700000,8.566000,8.547000,1404000000.000000,-1299000000.000000,8157247000.000000,8157247000.000000,2587130000.000000,0.100000,0.195000,0.067000,0.080000,1468371000.000000,3161213000.000000,1.000000,266000000.000000,265411000.000000,268549000.000000,30.734000,12562000000.000000,1031000000.000000,-964459000.000000,0.000000,47.330000
ART,2024-12-31,2025-03-11,2025-01-31,2025-Q4,4997000000.000000,64619380000.000000,2025-05-23,84000000.000000,17977000000.000000,16644000000.000000,10545000000.000000,7432000000.000000,0.507000,34.058000,-272000000.000000,1543000000.000000,1543000000.000000,2069000000.000000,526000000.000000,1.901000,0.990000,3362000000.000000,99000000.000000,3263000000.000000,3362000000.000000,4547000000.000000,429000000.000000,0.000000,0.000000,0.000000,638000000.000000,1067000000.000000,0.126000,1067000000.000000,638000000.000000,638000000.000000,1.980000,1.950000,1.980000,9034000000.000000,8541500000.000000,9034000000.000000,66438380000.000000,104.000000,62.267000,2189000000.000000,8.252000,1.000000,6377000000.000000,0.755000,3839000000.000000,0.000000,10409000000.000000,9990000000.000000,0.000000,6474000000.000000,6474000000.000000,0.000000,8943000000.000000,5548000000.000000,3395000000.000000,-470000000.000000,-825000000.000000,-514000000.000000,0.000000,0.000000,-1150000000.000000,-1781000000.000000,-684000000.000000,2461000000.000000,0.000000,526000000.000000,526000000.000000,526000000.000000,0.000000,0.000000,0.062000,5962000000.000000,415000000.000000,108000000.000000,0.000000,7.153000,122.851000,122.692000,1575000000.000000,0.000000,242.930000,7.651000,7.630000,1950000000.000000,-1205000000.000000,8446000000.000000,8446000000.000000,2626000000.000000,0.032000,0.062000,0.064000,0.076000,1519000000.000000,3252000000.000000,1.000000,266000000.000000,265257000.000000,269205000.000000,31.841000,14138000000.000000,1039000000.000000,112000000.000000,0.000000,53.299000
ART,2025-03-31,2025-05-23,2025-04-30,2026-Q1,5142000000.000000,63548670000.000000,2025-05-23,-44000000.000000,17212000000.000000,16961750000.000000,9963000000.000000,7249000000.000000,0.513000,33.465000,-226000000.000000,972000000.000000,972000000.000000,2117000000.000000,487000000.000000,2.067000,0.930000,3393000000.000000,98000000.000000,3295000000.000000,3393000000.000000,3877000000.000000,439000000.000000,0.000000,0.000000,0.000000,618000000.000000,1057000000.000000,0.122000,1057000000.000000,618000000.000000,618000000.000000,1.830000,1.800000,1.830000,8919000000.000000,8730500000.000000,8919000000.000000,65969670000.000000,107.000000,62.412000,2320000000.000000,8.705000,1.000000,6579000000.000000,0.757000,3818000000.000000,0.000000,10994000000.000000,10364250000.000000,0.000000,6998000000.000000,6998000000.000000,0.000000,8293000000.000000,4821000000.000000,3472000000.000000,-783000000.000000,-313000000.000000,-677000000.000000,0.000000,0.000000,-1284000000.000000,-2046000000.000000,-1507000000.000000,2546000000.000000,1000000.000000,487000000.000000,487000000.000000,487000000.000000,0.000000,0.000000,0.056000,6189000000.000000,390000000.000000,92000000.000000,0.000000,7.125000,130.490000,130.060000,1495000000.000000,0.000000,238.010000,7.308000,7.295000,1363000000.000000,-1137000000.000000,8696000000.000000,8696000000.000000,2633000000.000000,0.029000,0.056000,0.060000,0.071000,1594000000.000000,3306000000.000000,1.000000,267000000.000000,266516000.000000,270296000.000000,32.628000,13394000000.000000,1013000000.000000,131000000.000000,0.000000,50.256000
ARY,2012-12-31,2013-03-22,2013-01-31,2013-FY,629528000.000000,10373340000.000000,2025-05-23,68000.000000,959080000.000000,,884302000.000000,74778000.000000,,8.003000,-15898000.000000,84158000.000000,84158000.000000,116535000.000000,-119190000.000000,3.471000,0.619000,24980000.000000,12008000.000000,12972000.000000,24980000.000000,285260000.000000,17722000.000000,0.000000,0.000000,0.000000,-119066000.000000,-101344000.000000,-0.370000,-101344000.000000,-119066000.000000,-119066000.000000,-1.620000,-1.620000,-1.620000,592283000.000000,,592283000.000000,10314162000.000000,-87.000000,-101.774000,-4684000.000000,-0.063000,1.000000,157122000.000000,0.574000,8488000.000000,0.000000,636640000.000000,,0.000000,706181000.000000,706181000.000000,0.000000,366797000.000000,254774000.000000,112023000.000000,26629000.000000,0.000000,694990000.000000,-9453000.000000,0.000000,685537000.000000,-670118000.000000,-654220000.000000,11214000.000000,-4000.000000,-119190000.000000,-119758000.000000,-119758000.000000,0.000000,0.000000,-0.438000,274985000.000000,-117863000.000000,2665000.000000,0.000000,17.514000,-86.619000,-38.574000,44585000.000000,568000.000000,62.490000,37.906000,16.901000,67437000.000000,-401880000.000000,273657000.000000,273657000.000000,102665000.000000,,,,-0.435000,15328000.000000,172320000.000000,1.000000,166000000.000000,74011000.000000,74011000.000000,3.698000,950592000.000000,0.000000,124000.000000,0.000000,12.844000
ARY,2013-12-31,2014-03-31,2014-01-31,2014-FY,1601768000.000000,16823120000.000000,2025-05-23,269000.000000,2176265000.000000,1547919500.000000,2023658000.000000,152607000.000000,0.303000,6.931000,-75725000.000000,581326000.000000,581326000.000000,176810000.000000,-172509000.000000,4.797000,0.833000,481378000.000000,9377000.000000,472001000.000000,481378000.000000,413565000.000000,34695000.000000,0.000000,0.000000,0.000000,-170831000.000000,-136136000.000000,-0.290000,-136136000.000000,-170831000.000000,-170831000.000000,-1.010000,-1.010000,-1.010000,1187217000.000000,752786250.000000,1187217000.000000,16723172000.000000,-98.000000,-122.842000,-29462000.000000,-0.172000,1.000000,292128000.000000,0.623000,8488000.000000,0.000000,1645939000.000000,1197614250.000000,0.000000,1305253000.000000,1305253000.000000,0.000000,989048000.000000,421890000.000000,567158000.000000,497168000.000000,0.000000,708641000.000000,572162000.000000,0.000000,1133610000.000000,-682633000.000000,-605998000.000000,46263000.000000,-72000.000000,-172509000.000000,-172509000.000000,-172509000.000000,0.000000,0.000000,-0.368000,445410000.000000,-153282000.000000,6212000.000000,0.000000,14.170000,-97.520000,-90.525000,77664000.000000,0.000000,91.430000,35.875000,33.398000,92184000.000000,-574389000.000000,468938000.000000,468938000.000000,182116000.000000,-0.111000,-0.229000,-0.143000,-0.364000,61851000.000000,263294000.000000,1.000000,184000000.000000,171297000.000000,171297000.000000,2.738000,2167777000.000000,0.000000,1678000.000000,0.000000,12.655000
ARY,2014-12-31,2015-03-25,2015-01-31,2015-FY,1467774000.000000,15736140000.000000,2025-05-23,-140000.000000,2358633000.000000,2248134750.000000,2109039000.000000,249594000.000000,0.350000,6.129000,-103646000.000000,298192000.000000,298192000.000000,264803000.000000,-247982000.000000,3.289000,1.095000,493708000.000000,3207000.000000,490501000.000000,493708000.000000,632744000.000000,59205000.000000,0.000000,0.000000,0.000000,-245972000.000000,-186767000.000000,-0.237000,-186767000.000000,-245972000.000000,-245972000.000000,-1.350000,-1.350000,-1.350000,1125975000.000000,1137367000.000000,1125975000.000000,15931656000.000000,-65.000000,-85.302000,-1643000.000000,-0.009000,1.000000,523057000.000000,0.664000,34779000.000000,0.000000,1878105000.000000,1912336500.000000,0.000000,1559517000.000000,1559517000.000000,0.000000,1232658000.000000,641265000.000000,591393000.000000,-283134000.000000,-26317000.000000,27948000.000000,-9759000.000000,0.000000,19455000.000000,-404167000.000000,-275204000.000000,102003000.000000,-425000.000000,-247982000.000000,-247982000.000000,-247982000.000000,0.000000,0.000000,-0.315000,738759000.000000,-215702000.000000,10623000.000000,0.000000,13.976000,-63.457000,-61.674000,140136000.000000,0.000000,83.260000,19.973000,19.413000,188357000.000000,-822371000.000000,787860000.000000,787860000.000000,316868000.000000,-0.110000,-0.218000,-0.129000,-0.312000,156048000.000000,421891000.000000,1.000000,189000000.000000,183702000.000000,183702000.000000,4.289000,2323854000.000000,0.000000,2010000.000000,0.000000,12.650000
ARY,2015-12-31,2016-03-22,2016-01-31,2016-FY,1439629000.000000,14040000000.000000,2025-05-23,799000.000000,2730094000.000000,2516923000.000000,2362308000.000000,367786000.000000,0.462000,5.979000,-133667000.000000,300087000.000000,300087000.000000,374427000.000000,-289918000.000000,2.560000,1.403000,507476000.000000,0.000000,507476000.000000,507476000.000000,899729000.000000,85939000.000000,0.000000,0.000000,0.000000,-288901000.000000,-202962000.000000,-0.175000,-202962000.000000,-288901000.000000,-288901000.000000,-1.530000,-1.530000,-1.530000,1136157000.000000,1127421500.000000,1136157000.000000,14247389000.000000,-49.000000,-70.197000,124970000.000000,0.658000,1.000000,787919000.000000,0.678000,65816000.000000,0.000000,1948988000.000000,1950536000.000000,0.000000,1669372000.000000,1669372000.000000,0.000000,1593937000.000000,922679000.000000,671258000.000000,1895000.000000,-31436000.000000,45656000.000000,-3193000.000000,0.000000,44109000.000000,-300147000.000000,-134284000.000000,258637000.000000,-704000.000000,-289918000.000000,-289918000.000000,-289918000.000000,0.000000,0.000000,-0.249000,1052578000.000000,-264659000.000000,19605000.000000,0.000000,12.357000,-48.427000,-47.059000,214158000.000000,0.000000,72.000000,12.079000,11.770000,293407000.000000,-1112289000.000000,1162346000.000000,1162346000.000000,469944000.000000,-0.115000,-0.257000,-0.148000,-0.249000,249970000.000000,582634000.000000,1.000000,195000000.000000,190016000.000000,190016000.000000,6.117000,2664278000.000000,0.000000,1017000.000000,0.000000,14.021000
ARY,2016-12-31,2017-03-20,2017-01-31,2017-FY,1200078000.000000,17356500000.000000,2025-05-23,2071000.000000,3166424000.000000,2923737500.000000,2496526000.000000,669898000.000000,0.537000,5.867000,-120813000.000000,539923000.000000,539923000.000000,483545000.000000,-408278000.000000,1.926000,1.723000,534423000.000000,0.000000,534423000.000000,534423000.000000,1233387000.000000,115885000.000000,0.000000,0.000000,0.000000,-409092000.000000,-293207000.000000,-0.187000,-293207000.000000,-409092000.000000,-409092000.000000,-2.060000,-2.060000,-2.060000,1162906000.000000,1142341750.000000,1162906000.000000,17351000000.000000,-42.000000,-59.177000,227842000.000000,1.149000,1.000000,1085862000.000000,0.692000,207141000.000000,0.000000,1657335000.000000,1782515000.000000,0.000000,1456822000.000000,1456822000.000000,0.000000,2003518000.000000,1296448000.000000,707070000.000000,239836000.000000,-147879000.000000,58079000.000000,0.000000,0.000000,59681000.000000,-168885000.000000,207100000.000000,348655000.000000,385000.000000,-408278000.000000,-408278000.000000,-408278000.000000,0.000000,0.000000,-0.260000,1462527000.000000,-376665000.000000,26824000.000000,0.000000,14.925000,-42.511000,-41.505000,365877000.000000,0.000000,85.500000,11.059000,10.799000,383908000.000000,-1520567000.000000,1569407000.000000,1569407000.000000,680531000.000000,-0.140000,-0.357000,-0.230000,-0.261000,372272000.000000,781996000.000000,1.000000,203000000.000000,198214000.000000,198214000.000000,7.918000,2959283000.000000,0.000000,-814000.000000,0.000000,14.930000
ARY,2017-12-31,2018-03-14,2018-01-31,2018-FY,1898104000.000000,29423480000.000000,2025-05-23,-46413000.000000,4947424000.000000,4057002000.000000,3956978000.000000,990446000.000000,0.528000,7.606000,-152536000.000000,1134355000.000000,1134355000.000000,629413000.000000,-321222000.000000,1.922000,2.131000,1491354000.000000,341509000.000000,1149845000.000000,1491354000.000000,1537147000.000000,136974000.000000,0.000000,0.000000,0.000000,-314786000.000000,-177812000.000000,-0.083000,-177812000.000000,-314786000.000000,-314786000.000000,-1.550000,-1.550000,-1.550000,1580365000.000000,1452973250.000000,1580365000.000000,29780479000.000000,-95.000000,-167.483000,313191000.000000,1.507000,1.000000,1513637000.000000,0.706000,193610000.000000,0.000000,3051939000.000000,2250811750.000000,0.000000,2133495000.000000,2133495000.000000,0.000000,3367059000.000000,2058874000.000000,1308185000.000000,593760000.000000,-5744000.000000,149861000.000000,1132101000.000000,0.000000,1106262000.000000,-978980000.000000,-695889000.000000,465727000.000000,751000.000000,-321222000.000000,-321222000.000000,-321222000.000000,0.000000,0.000000,-0.150000,1816860000.000000,-303223000.000000,20998000.000000,0.000000,18.618000,-91.599000,-89.542000,546609000.000000,0.000000,138.790000,13.730000,13.456000,528208000.000000,-1727856000.000000,2143050000.000000,2143050000.000000,910584000.000000,-0.079000,-0.221000,-0.140000,-0.147000,478425000.000000,906276000.000000,1.000000,212000000.000000,207774000.000000,207774000.000000,10.314000,4753814000.000000,0.000000,6436000.000000,0.000000,22.880000
ARY,2018-12-31,2019-03-18,2019-01-31,2019-FY,269905000.000000,41627220000.000000,2025-05-23,-809000.000000,5520746000.000000,5053484250.000000,2700596000.000000,2820150000.000000,0.558000,9.034000,-212957000.000000,638554000.000000,638554000.000000,834950000.000000,-418258000.000000,1.111000,1.819000,1204778000.000000,232514000.000000,972264000.000000,1204778000.000000,1949270000.000000,198111000.000000,0.000000,0.000000,0.000000,-423752000.000000,-225641000.000000,-0.080000,-225641000.000000,-423752000.000000,-423752000.000000,-1.930000,-1.930000,-1.930000,1958442000.000000,1806028750.000000,1958442000.000000,42193444000.000000,-100.000000,-186.994000,393701000.000000,1.816000,1.000000,1987230000.000000,0.704000,1692365000.000000,0.000000,1963914000.000000,2246996000.000000,0.000000,1139864000.000000,1139864000.000000,0.000000,3562304000.000000,2430691000.000000,1131613000.000000,-493451000.000000,-1474337000.000000,93567000.000000,-350030000.000000,0.000000,-256711000.000000,-842784000.000000,1025690000.000000,606658000.000000,-614000.000000,-418258000.000000,-418258000.000000,-418258000.000000,0.000000,0.000000,-0.148000,2450514000.000000,-463284000.000000,29093000.000000,0.000000,21.255000,-99.525000,-97.155000,796907000.000000,0.000000,187.510000,14.750000,14.404000,704680000.000000,-2146304000.000000,2822180000.000000,2822180000.000000,1211832000.000000,-0.083000,-0.232000,-0.189000,-0.150000,652465000.000000,1238682000.000000,1.000000,222000000.000000,216789000.000000,216789000.000000,13.018000,3828381000.000000,0.000000,-5494000.000000,0.000000,17.659000
ARY,2019-12-31,2020-03-03,2020-01-31,2020-FY,125218000.000000,38641920000.000000,2025-05-23,23492000.000000,6816365000.000000,6197085000.000000,3094622000.000000,3721743000.000000,0.585000,10.945000,-244544000.000000,731141000.000000,731141000.000000,1065258000.000000,-480674000.000000,1.042000,1.741000,1569858000.000000,310466000.000000,1259392000.000000,1569858000.000000,2309203000.000000,343603000.000000,0.000000,0.000000,0.000000,-482447000.000000,-138844000.000000,-0.038000,-138844000.000000,-482447000.000000,-482447000.000000,-2.120000,-2.120000,-2.120000,2486551000.000000,2265190750.000000,2486551000.000000,39480637000.000000,-82.000000,-284.352000,620054000.000000,2.729000,1.000000,2561948000.000000,0.706000,2127662000.000000,0.000000,2558016000.000000,2369886500.000000,0.000000,1213432000.000000,1213432000.000000,0.000000,4329814000.000000,2969404000.000000,1360410000.000000,92518000.000000,-473603000.000000,125673000.000000,-30000.000000,0.000000,125124000.000000,-896922000.000000,-79458000.000000,864598000.000000,-282000.000000,-480674000.000000,-480674000.000000,-480674000.000000,0.000000,0.000000,-0.133000,3064178000.000000,-502230000.000000,57556000.000000,0.000000,15.540000,-80.391000,-78.566000,1227081000.000000,0.000000,166.560000,10.653000,10.432000,877578000.000000,-2627359000.000000,3627206000.000000,3627206000.000000,1549906000.000000,-0.078000,-0.212000,-0.204000,-0.133000,859571000.000000,1514272000.000000,1.000000,232000000.000000,227185000.000000,227185000.000000,15.966000,4688703000.000000,0.000000,-1773000.000000,0.000000,20.638000
ARY,2020-12-31,2021-03-02,2021-01-31,2021-FY,519413000.000000,60254280000.000000,2025-05-23,-54970000.000000,8718411000.000000,7823098000.000000,4802061000.000000,3916350000.000000,0.552000,13.829000,-256330000.000000,1384181000.000000,1384181000.000000,1198132000.000000,-282431000.000000,1.121000,1.660000,2238065000.000000,1196101000.000000,1041964000.000000,2238065000.000000,2636735000.000000,378033000.000000,0.000000,0.000000,0.000000,-275134000.000000,102899000.000000,0.024000,102899000.000000,-275134000.000000,-275134000.000000,-1.190000,-1.190000,-1.190000,3277834000.000000,2949092500.000000,3277834000.000000,61108164000.000000,-222.000000,593.865000,1012111000.000000,4.270000,1.000000,3119864000.000000,0.723000,2068251000.000000,0.000000,3221396000.000000,3375353500.000000,0.000000,2151472000.000000,2151472000.000000,0.000000,5440577000.000000,4282648000.000000,1157929000.000000,653200000.000000,0.000000,148673000.000000,479033000.000000,0.000000,625049000.000000,-1241624000.000000,-979178000.000000,1268441000.000000,1334000.000000,-282431000.000000,-282431000.000000,-282431000.000000,0.000000,0.000000,-0.065000,3368463000.000000,-248599000.000000,75596000.000000,0.000000,18.382000,-213.342000,-208.370000,1386546000.000000,0.000000,247.960000,13.954000,13.611000,1032484000.000000,-2909990000.000000,4317996000.000000,4317996000.000000,1721222000.000000,-0.036000,-0.096000,-0.082000,-0.064000,1004854000.000000,1647241000.000000,1.000000,243000000.000000,237019000.000000,237019000.000000,18.218000,6650160000.000000,0.000000,7297000.000000,0.000000,28.057000
ARY,2021-12-31,2022-02-28,2022-01-31,2022-FY,146210000.000000,57491550000.000000,2025-05-23,7709000.000000,10498505000.000000,9419310000.000000,5214065000.000000,5284440000.000000,0.546000,18.342000,-272274000.000000,1534273000.000000,1534273000.000000,1428095000.000000,29373000.000000,1.029000,1.315000,2102756000.000000,1302946000.000000,799810000.000000,2102756000.000000,3182480000.000000,429958000.000000,0.000000,0.000000,0.000000,16182000.000000,446140000.000000,0.087000,446140000.000000,16182000.000000,16182000.000000,0.120000,0.120000,0.120000,4535082000.000000,4006082250.000000,4535082000.000000,58060033000.000000,3588.000000,130.139000,1378430000.000000,5.575000,1.000000,3710703000.000000,0.722000,3231046000.000000,0.000000,2768087000.000000,2994579000.000000,0.000000,2109888000.000000,2109888000.000000,0.000000,5963423000.000000,5067855000.000000,895568000.000000,152824000.000000,-1190199000.000000,148328000.000000,-37614000.000000,0.000000,110251000.000000,-1607426000.000000,26548000.000000,1650704000.000000,-705000.000000,29373000.000000,29373000.000000,29373000.000000,0.000000,0.000000,0.006000,3827153000.000000,-116450000.000000,55487000.000000,0.000000,12.677000,1957.292000,1908.750000,1370883000.000000,0.000000,229.050000,11.188000,11.021000,1242545000.000000,-2744585000.000000,5138798000.000000,5138798000.000000,1879220000.000000,0.003000,0.007000,0.005000,0.003000,1100584000.000000,1947933000.000000,1.000000,251000000.000000,247249000.000000,254032000.000000,20.784000,7267459000.000000,0.000000,-13191000.000000,0.000000,29.393000
ARY,2022-12-31,2023-02-27,2023-01-31,2023-FY,3480058000.000000,47896870000.000000,2025-05-23,53051000.000000,13486238000.000000,12981170250.000000,8108224000.000000,5378014000.000000,0.479000,21.920000,-360252000.000000,1886311000.000000,1886311000.000000,1715178000.000000,-366749000.000000,1.752000,1.414000,3249076000.000000,91343000.000000,3157733000.000000,3249076000.000000,3633933000.000000,456107000.000000,0.000000,0.000000,0.000000,-259950000.000000,196157000.000000,0.032000,196157000.000000,-259950000.000000,-259950000.000000,-1.440000,-1.440000,-1.440000,5585568000.000000,5225822750.000000,5585568000.000000,49259635000.000000,-189.000000,251.124000,1296943000.000000,5.090000,1.000000,4500640000.000000,0.724000,3145509000.000000,0.000000,7075328000.000000,6955388500.000000,0.000000,4235083000.000000,4235083000.000000,0.000000,7900670000.000000,4628166000.000000,3272504000.000000,354495000.000000,0.000000,77308000.000000,1127252000.000000,0.000000,1203821000.000000,-2505926000.000000,-2141438000.000000,1657195000.000000,-595000.000000,-366749000.000000,-366749000.000000,-366749000.000000,0.000000,0.000000,-0.059000,4722840000.000000,-222200000.000000,153751000.000000,0.000000,8.575000,-130.599000,-128.424000,1450532000.000000,0.000000,184.930000,7.706000,7.581000,1570086000.000000,-3111334000.000000,6215818000.000000,6215818000.000000,2270660000.000000,-0.028000,-0.070000,-0.037000,-0.042000,1294622000.000000,2452180000.000000,1.000000,259000000.000000,254819000.000000,254819000.000000,24.393000,10340729000.000000,0.000000,106799000.000000,0.000000,40.581000
ARY,2023-12-31,2024-03-08,2024-01-31,2024-FY,4884000000.000000,69780480000.000000,2025-05-23,21000000.000000,16452000000.000000,14341511000.000000,9939000000.000000,6513000000.000000,0.506000,30.925000,-238000000.000000,2012000000.000000,2012000000.000000,1771000000.000000,1381000000.000000,1.966000,1.036000,3296000000.000000,89000000.000000,3207000000.000000,3296000000.000000,4127000000.000000,378000000.000000,0.000000,0.000000,0.000000,356000000.000000,734000000.000000,0.101000,734000000.000000,356000000.000000,356000000.000000,5.280000,5.210000,5.280000,8082000000.000000,6730833250.000000,8082000000.000000,71064480000.000000,200.000000,96.818000,1911000000.000000,7.312000,1.000000,5488000000.000000,0.756000,3079000000.000000,0.000000,9602000000.000000,8573472000.000000,0.000000,5801000000.000000,5801000000.000000,0.000000,8370000000.000000,5055000000.000000,3315000000.000000,129000000.000000,-8000000.000000,-268000000.000000,0.000000,0.000000,-268000000.000000,-1751000000.000000,-1501000000.000000,2149000000.000000,-1000000.000000,1381000000.000000,1381000000.000000,1381000000.000000,0.000000,0.000000,0.190000,5305000000.000000,183000000.000000,78000000.000000,0.000000,8.634000,50.529000,50.061000,1523000000.000000,0.000000,264.320000,9.613000,9.516000,1639000000.000000,-1731000000.000000,7259000000.000000,7259000000.000000,2464000000.000000,0.096000,0.205000,0.042000,0.049000,1416000000.000000,2841000000.000000,1.000000,264000000.000000,261344000.000000,265285000.000000,27.776000,13373000000.000000,1065000000.000000,-1025000000.000000,0.000000,51.170000
ARY,2024-12-31,2025-03-11,2025-01-31,2025-FY,4997000000.000000,64619380000.000000,2025-05-23,84000000.000000,17977000000.000000,16644000000.000000,10545000000.000000,7432000000.000000,0.507000,34.058000,-272000000.000000,1543000000.000000,1543000000.000000,2069000000.000000,526000000.000000,1.901000,0.990000,3362000000.000000,99000000.000000,3263000000.000000,3362000000.000000,4547000000.000000,429000000.000000,0.000000,0.000000,0.000000,638000000.000000,1067000000.000000,0.126000,1067000000.000000,638000000.000000,638000000.000000,1.980000,1.950000,1.980000,9034000000.000000,8541500000.000000,9034000000.000000,66438380000.000000,104.000000,62.267000,2189000000.000000,8.252000,1.000000,6377000000.000000,0.755000,3839000000.000000,0.000000,10409000000.000000,9990000000.000000,0.000000,6474000000.000000,6474000000.000000,0.000000,8943000000.000000,5548000000.000000,3395000000.000000,-470000000.000000,-825000000.000000,-514000000.000000,0.000000,0.000000,-1150000000.000000,-1781000000.000000,-684000000.000000,2461000000.000000,0.000000,526000000.000000,526000000.000000,526000000.000000,0.000000,0.000000,0.062000,5962000000.000000,415000000.000000,108000000.000000,0.000000,7.153000,122.851000,122.692000,1575000000.000000,0.000000,242.930000,7.651000,7.630000,1950000000.000000,-1205000000.000000,8446000000.000000,8446000000.000000,2626000000.000000,0.032000,0.062000,0.064000,0.076000,1519000000.000000,3252000000.000000,1.000000,266000000.000000,265257000.000000,269205000.000000,31.841000,14138000000.000000,1039000000.000000,112000000.000000,0.000000,53.299000
MRQ,2010-12-31,2010-12-31,2010-12-31,2010-Q4,-4065000.000000,,2025-05-23,3000.000000,100605000.000000,,67275000.000000,33330000.000000,,-3.849000,,30887000.000000,30887000.000000,,,0.943000,-1.257000,4160000.000000,1665000.000000,2495000.000000,4160000.000000,97404000.000000,,0.000000,,0.000000,,,,,,,,,,-97639000.000000,,-97639000.000000,,,,,,1.000000,,,8676000.000000,,-6138000.000000,,0.000000,4498000.000000,4498000.000000,0.000000,122689000.000000,71340000.000000,51349000.000000,,,,,,,,,,,,,,,,,,,1145000.000000,,,,,12896000.000000,,,,,21364000.000000,-196701000.000000,,,,,,,,,,1.000000,,25367000.000000,,,91929000.000000,0.000000,,0.000000,3.624000
MRQ,2011-09-30,2011-10-31,2011-10-31,2011-Q3,,,2025-05-23,,,,,,,,-2663000.000000,,,17679000.000000,-19731000.000000,,,,,,,,2522000.000000,,,0.000000,-19685000.000000,-17163000.000000,-0.471000,-17163000.000000,-19685000.000000,-19685000.000000,-0.660000,-0.660000,-0.660000,,,,,,,-8174000.000000,-0.274000,1.000000,18771000.000000,0.515000,,0.000000,,,,,,,,,,75640000.000000,0.000000,1028000.000000,-1197000.000000,0.000000,81304000.000000,-155000.000000,2508000.000000,-5511000.000000,2000.000000,-19731000.000000,-19803000.000000,-19803000.000000,0.000000,0.000000,-0.543000,38213000.000000,-19442000.000000,,0.000000,,,,,72000.000000,,,,,,36450000.000000,36450000.000000,16404000.000000,,,,,1110000.000000,21809000.000000,1.000000,,29779000.000000,29779000.000000,1.224000,,,46000.000000,,
MRQ,2011-12-31,2012-01-31,2012-01-31,2012-Q4,37934000.000000,,2025-05-23,3000.000000,232638000.000000,,183172000.000000,49466000.000000,,-5.687000,-1257000.000000,57529000.000000,57529000.000000,20330000.000000,-23586000.000000,1.261000,-1.352000,15716000.000000,7075000.000000,8641000.000000,15716000.000000,188097000.000000,3069000.000000,0.000000,,0.000000,-23535000.000000,-20466000.000000,-0.474000,-20466000.000000,-23535000.000000,-23535000.000000,-0.780000,-0.780000,-0.780000,-175561000.000000,,-175561000.000000,,,,-7899000.000000,-0.256000,1.000000,22828000.000000,0.529000,8578000.000000,0.000000,37009000.000000,,0.000000,53634000.000000,53634000.000000,0.000000,237293000.000000,145238000.000000,92055000.000000,-40522000.000000,0.000000,2067000.000000,-1348000.000000,0.000000,14255000.000000,-48135000.000000,-46878000.000000,-6642000.000000,0.000000,-23586000.000000,-23843000.000000,-23843000.000000,0.000000,0.000000,-0.552000,45919000.000000,-23091000.000000,2730000.000000,0.000000,,,,25861000.000000,257000.000000,,,,54467000.000000,-282122000.000000,43158000.000000,43158000.000000,18287000.000000,,,,,1427000.000000,27632000.000000,1.000000,,30873000.000000,30873000.000000,1.398000,224060000.000000,0.000000,51000.000000,0.000000,7.257000
MRQ,2012-03-31,2012-04-30,2012-04-30,2013-Q1,,,2025-05-23,,,,,,,,-2197000.000000,,,25090000.000000,-20055000.000000,,,,,,,,3534000.000000,,,0.000000,-19992000.000000,-16458000.000000,-0.290000,-16458000.000000,-19992000.000000,-19992000.000000,-0.610000,-0.610000,-0.610000,,,,,,,10511000.000000,0.318000,1.000000,31728000.000000,0.558000,,0.000000,,,,,,,,,,-27988000.000000,0.000000,705000.000000,-1766000.000000,0.000000,-1061000.000000,-39643000.000000,-37446000.000000,12708000.000000,8000.000000,-20055000.000000,-20256000.000000,-20256000.000000,0.000000,0.000000,-0.357000,51685000.000000,-19957000.000000,,0.000000,,,,,201000.000000,,,,,,56818000.000000,56818000.000000,20786000.000000,,,,,1445000.000000,30899000.000000,1.000000,,33011000.000000,33011000.000000,1.721000,,,63000.000000,,
MRQ,2012-06-30,2012-07-31,2012-07-31,2013-Q2,14323000.000000,,2025-05-23,25000.000000,267155000.000000,,209897000.000000,57258000.000000,,-6.267000,-3805000.000000,36741000.000000,36741000.000000,28265000.000000,-26881000.000000,1.073000,-1.440000,16087000.000000,8219000.000000,7868000.000000,16087000.000000,247471000.000000,3943000.000000,0.000000,,0.000000,-26997000.000000,-23054000.000000,-0.368000,-23054000.000000,-26997000.000000,-26997000.000000,-0.780000,-0.780000,-0.780000,-217690000.000000,,-217690000.000000,,,,-1881000.000000,-0.054000,1.000000,34437000.000000,0.549000,8532000.000000,0.000000,42395000.000000,,0.000000,85910000.000000,85910000.000000,0.000000,313532000.000000,195574000.000000,117958000.000000,7200000.000000,0.000000,6425000.000000,-1777000.000000,0.000000,4648000.000000,641000.000000,4446000.000000,1924000.000000,-13000.000000,-26881000.000000,-27087000.000000,-27087000.000000,0.000000,0.000000,-0.432000,60797000.000000,-26360000.000000,3366000.000000,0.000000,,,,29406000.000000,206000.000000,,,,68481000.000000,-329465000.000000,62702000.000000,62702000.000000,23552000.000000,,,,,2283000.000000,37245000.000000,1.000000,160290031.000000,34734000.000000,34734000.000000,1.805000,258623000.000000,0.000000,-116000.000000,0.000000,7.446000
MRQ,2012-09-30,2012-10-31,2012-10-31,2013-Q3,666760000.000000,7774066504.000000,2025-05-23,32000.000000,950148000.000000,,881654000.000000,68494000.000000,,9.934000,-801000.000000,442980000.000000,442980000.000000,30194000.000000,-41310000.000000,4.103000,0.544000,27013000.000000,9580000.000000,17433000.000000,27013000.000000,252163000.000000,4461000.000000,0.000000,0.000000,0.000000,-41232000.000000,-36771000.000000,-0.506000,-36771000.000000,-41232000.000000,-41232000.000000,-0.670000,-0.670000,-0.670000,615501000.000000,,615501000.000000,7753412504.000000,-69.000000,-80.139000,-10159000.000000,-0.164000,1.000000,42424000.000000,0.584000,8509000.000000,0.000000,310778000.000000,,0.000000,354397000.000000,354397000.000000,0.000000,334647000.000000,214894000.000000,119753000.000000,406239000.000000,0.000000,687575000.000000,-2369000.000000,0.000000,685206000.000000,-269615000.000000,-268814000.000000,-9358000.000000,6000.000000,-41310000.000000,-41471000.000000,-41471000.000000,0.000000,0.000000,-0.571000,83292000.000000,-40868000.000000,3481000.000000,0.000000,12.630000,-69.007000,-17.077000,39760000.000000,161000.000000,48.500000,33.040000,12.771000,61099000.000000,-370936000.000000,72618000.000000,72618000.000000,28075000.000000,,,,,6152000.000000,55217000.000000,1.000000,160290031.000000,61960000.000000,61960000.000000,1.172000,941639000.000000,0.000000,78000.000000,0.000000,15.198000
MRQ,2012-12-31,2013-01-31,2013-01-31,2013-Q4,629528000.000000,8867720000.000000,2025-05-23,68000.000000,959080000.000000,,884302000.000000,74778000.000000,,8.003000,-9095000.000000,84158000.000000,84158000.000000,32986000.000000,-30944000.000000,3.471000,0.619000,24980000.000000,12008000.000000,12972000.000000,24980000.000000,285260000.000000,5784000.000000,0.000000,0.000000,0.000000,-30845000.000000,-25061000.000000,-0.307000,-25061000.000000,-30845000.000000,-30845000.000000,0.440000,0.440000,0.440000,592283000.000000,,592283000.000000,8451753000.000000,-71.000000,-83.397000,-3155000.000000,-0.043000,1.000000,48533000.000000,0.595000,8488000.000000,0.000000,636640000.000000,,0.000000,706181000.000000,706181000.000000,0.000000,366797000.000000,254774000.000000,112023000.000000,-358822000.000000,0.000000,285000.000000,-3541000.000000,0.000000,-3256000.000000,-361501000.000000,-352406000.000000,5940000.000000,-5000.000000,-30944000.000000,-30944000.000000,-30944000.000000,0.000000,0.000000,-0.380000,79211000.000000,-30678000.000000,2665000.000000,0.000000,14.972000,-74.047000,-32.975000,44585000.000000,0.000000,53.420000,32.405000,14.448000,67437000.000000,-401880000.000000,81519000.000000,81519000.000000,30252000.000000,,,,,5448000.000000,48959000.000000,1.000000,166000000.000000,74011000.000000,74011000.000000,1.101000,950592000.000000,0.000000,99000.000000,0.000000,12.844000
MRQ,2013-03-31,2013-04-30,2013-04-30,2014-Q1,584552000.000000,10399900000.000000,2025-05-23,65000.000000,981255000.000000,,893684000.000000,87571000.000000,,3.402000,-1895000.000000,219264000.000000,219264000.000000,36699000.000000,-33015000.000000,2.891000,0.716000,21342000.000000,11179000.000000,10163000.000000,21342000.000000,300938000.000000,6569000.000000,0.000000,0.000000,0.000000,-32880000.000000,-26311000.000000,-0.287000,-26311000.000000,-32880000.000000,-32880000.000000,-0.200000,-0.200000,-0.200000,571785000.000000,,571785000.000000,10340722000.000000,-78.000000,-92.995000,15415000.000000,0.092000,1.000000,54946000.000000,0.600000,8488000.000000,0.000000,465713000.000000,,0.000000,586503000.000000,586503000.000000,0.000000,409470000.000000,309132000.000000,100338000.000000,135106000.000000,0.000000,4565000.000000,-3753000.000000,0.000000,820000.000000,117062000.000000,118867000.000000,17310000.000000,-86000.000000,-33015000.000000,-33015000.000000,-33015000.000000,0.000000,0.000000,-0.360000,87570000.000000,-32624000.000000,16408000.000000,0.000000,18.188000,-78.480000,-51.777000,54197000.000000,0.000000,62.650000,33.713000,34.134000,60345000.000000,-434895000.000000,91645000.000000,91645000.000000,36282000.000000,,,,,7416000.000000,51288000.000000,1.000000,166000000.000000,168074000.000000,168074000.000000,0.545000,972767000.000000,0.000000,135000.000000,0.000000,5.788000
MRQ,2013-06-30,2013-07-31,2013-07-31,2014-Q2,1084674000.000000,11814170000.000000,2025-05-23,111000.000000,1505973000.000000,,1395395000.000000,110578000.000000,,3.684000,-29732000.000000,437432000.000000,437432000.000000,40754000.000000,-35978000.000000,4.491000,1.358000,476256000.000000,10720000.000000,465536000.000000,476256000.000000,325618000.000000,8051000.000000,0.000000,0.000000,0.000000,-35762000.000000,-27711000.000000,-0.258000,-27711000.000000,-35762000.000000,-35762000.000000,-0.210000,-0.210000,-0.210000,638741000.000000,,638741000.000000,11616248000.000000,-83.000000,-100.266000,-42648000.000000,-0.246000,1.000000,66801000.000000,0.621000,8488000.000000,0.000000,1225588000.000000,,0.000000,857169000.000000,857169000.000000,0.000000,867232000.000000,310721000.000000,556511000.000000,218168000.000000,0.000000,94818000.000000,581356000.000000,0.000000,532517000.000000,-301433000.000000,-271701000.000000,-12916000.000000,0.000000,-35978000.000000,-35978000.000000,-35978000.000000,0.000000,0.000000,-0.335000,99084000.000000,-32283000.000000,6337000.000000,0.000000,18.496000,-83.547000,-106.703000,64097000.000000,0.000000,68.290000,33.436000,33.508000,66972000.000000,-470873000.000000,107555000.000000,107555000.000000,41168000.000000,,,,,9783000.000000,57916000.000000,1.000000,173000000.000000,173375000.000000,173375000.000000,0.620000,1497485000.000000,0.000000,216000.000000,0.000000,8.637000
MRQ,2013-09-30,2013-10-31,2013-10-31,2014-Q3,1043900000.000000,13027380000.000000,2025-05-23,184000.000000,1528185000.000000,,1405602000.000000,122583000.000000,,3.518000,-16757000.000000,183460000.000000,183460000.000000,48591000.000000,-47534000.000000,3.886000,1.491000,478682000.000000,10044000.000000,468638000.000000,478682000.000000,351769000.000000,9361000.000000,0.000000,0.000000,0.000000,-47292000.000000,-37931000.000000,-0.297000,-37931000.000000,-47292000.000000,-47292000.000000,-0.270000,-0.270000,-0.270000,613402000.000000,,613402000.000000,13066204000.000000,-89.000000,-111.664000,-9681000.000000,-0.056000,1.000000,79281000.000000,0.620000,8488000.000000,0.000000,1453217000.000000,,0.000000,1099235000.000000,1099235000.000000,0.000000,914783000.000000,361702000.000000,553081000.000000,-253972000.000000,0.000000,2000000.000000,-2817000.000000,0.000000,-776000.000000,-260304000.000000,-243547000.000000,7076000.000000,32000.000000,-47534000.000000,-47534000.000000,-47534000.000000,0.000000,0.000000,-0.372000,119680000.000000,-40399000.000000,8228000.000000,0.000000,21.238000,-88.339000,-311.958000,73960000.000000,0.000000,74.870000,31.884000,31.954000,86961000.000000,-518407000.000000,127872000.000000,127872000.000000,49349000.000000,,,,,19683000.000000,70331000.000000,1.000000,174000000.000000,174385000.000000,174385000.000000,0.733000,1519697000.000000,0.000000,242000.000000,0.000000,8.715000
MRQ,2013-12-31,2014-01-31,2014-01-31,2014-Q4,1601768000.000000,15669500000.000000,2025-05-23,269000.000000,2176265000.000000,,2023658000.000000,152607000.000000,,6.927000,-27341000.000000,581326000.000000,581326000.000000,50766000.000000,-55982000.000000,4.797000,0.833000,481378000.000000,9377000.000000,472001000.000000,481378000.000000,413565000.000000,10714000.000000,0.000000,0.000000,0.000000,-54897000.000000,-44183000.000000,-0.311000,-44183000.000000,-54897000.000000,-54897000.000000,-0.330000,-0.330000,-0.330000,1187217000.000000,,1187217000.000000,15964722000.000000,-93.000000,-117.270000,7452000.000000,0.043000,1.000000,91100000.000000,0.642000,8488000.000000,0.000000,1645939000.000000,,0.000000,1305253000.000000,1305253000.000000,0.000000,989048000.000000,421890000.000000,567158000.000000,397866000.000000,0.000000,603452000.000000,-2624000.000000,0.000000,601049000.000000,-237958000.000000,-209617000.000000,34793000.000000,-18000.000000,-55982000.000000,-55982000.000000,-55982000.000000,0.000000,0.000000,-0.395000,139076000.000000,-47976000.000000,6212000.000000,0.000000,13.199000,-90.833000,-88.653000,77664000.000000,0.000000,89.540000,33.415000,32.708000,92184000.000000,-574389000.000000,141866000.000000,141866000.000000,55317000.000000,,,,,24969000.000000,83759000.000000,1.000000,175000000.000000,171381000.000000,171381000.000000,0.828000,2167777000.000000,0.000000,1085000.000000,0.000000,12.649000
MRQ,2014-03-31,2014-04-30,2014-04-30,2015-Q1,1526573000.000000,13444880000.000000,2025-05-23,481000.000000,2206690000.000000,,2013893000.000000,192797000.000000,,6.311000,-9873000.000000,246001000.000000,246001000.000000,57419000.000000,-59389000.000000,4.133000,0.910000,484034000.000000,8442000.000000,475592000.000000,484034000.000000,461943000.000000,12523000.000000,0.000000,0.000000,0.000000,-59082000.000000,-46559000.000000,-0.291000,-46559000.000000,-59082000.000000,-59082000.000000,-0.320000,-0.320000,-0.320000,1155436000.000000,,1155436000.000000,13344932000.000000,-68.000000,-85.334000,11824000.000000,0.065000,1.000000,102318000.000000,0.641000,35679000.000000,0.000000,1921724000.000000,,0.000000,1619950000.000000,1619950000.000000,0.000000,1051254000.000000,487320000.000000,563934000.000000,-335325000.000000,-26317000.000000,-2011000.000000,-2744000.000000,0.000000,-4695000.000000,-352366000.000000,-317176000.000000,21697000.000000,39000.000000,-59389000.000000,-59389000.000000,-59389000.000000,0.000000,0.000000,-0.372000,154401000.000000,-52083000.000000,12033000.000000,0.000000,11.636000,-67.602000,-64.664000,89125000.000000,0.000000,73.070000,25.036000,24.911000,99136000.000000,-633778000.000000,159737000.000000,159737000.000000,65171000.000000,,,,,28874000.000000,89230000.000000,1.000000,184000000.000000,183084000.000000,183084000.000000,0.872000,2171011000.000000,0.000000,307000.000000,0.000000,11.858000
MRQ,2014-06-30,2014-07-31,2014-07-31,2015-Q2,1491345000.000000,15510400000.000000,2025-05-23,-37000.000000,2194898000.000000,,1980810000.000000,214088000.000000,,6.179000,-28409000.000000,262634000.000000,262634000.000000,65640000.000000,-69215000.000000,4.047000,0.927000,485097000.000000,5133000.000000,479964000.000000,485097000.000000,481473000.000000,14474000.000000,0.000000,0.000000,0.000000,-68722000.000000,-54248000.000000,-0.290000,-54248000.000000,-68722000.000000,-68722000.000000,-0.380000,-0.380000,-0.380000,1138841000.000000,,1138841000.000000,15748433000.000000,-68.000000,-86.094000,-37420000.000000,-0.203000,1.000000,121140000.000000,0.649000,35379000.000000,0.000000,1892517000.000000,,0.000000,1559748000.000000,1559748000.000000,0.000000,1056057000.000000,489465000.000000,566592000.000000,16633000.000000,0.000000,11885000.000000,-4418000.000000,0.000000,7467000.000000,18192000.000000,46601000.000000,-9011000.000000,-15000.000000,-69215000.000000,-69215000.000000,-69215000.000000,0.000000,0.000000,-0.371000,182909000.000000,-61769000.000000,6561000.000000,0.000000,13.619000,-66.821000,-64.492000,105855000.000000,0.000000,83.840000,25.169000,25.076000,100534000.000000,-702993000.000000,186780000.000000,186780000.000000,77464000.000000,,,,,40782000.000000,105445000.000000,1.000000,185000000.000000,184319000.000000,184319000.000000,1.013000,2159519000.000000,0.000000,493000.000000,0.000000,11.716000
MRQ,2014-09-30,2014-10-31,2014-10-31,2015-Q3,1472113000.000000,17759280000.000000,2025-05-23,64000.000000,2232318000.000000,,2009746000.000000,222572000.000000,,6.127000,-27699000.000000,192142000.000000,192142000.000000,71789000.000000,-59912000.000000,3.738000,0.977000,489536000.000000,4681000.000000,484855000.000000,489536000.000000,508131000.000000,15682000.000000,0.000000,0.000000,0.000000,-59513000.000000,-43831000.000000,-0.204000,-43831000.000000,-59513000.000000,-59513000.000000,-0.330000,-0.330000,-0.330000,1129216000.000000,,1129216000.000000,17981743000.000000,-74.000000,-95.232000,13343000.000000,0.072000,1.000000,143281000.000000,0.666000,35079000.000000,0.000000,1957000000.000000,,0.000000,1642517000.000000,1642517000.000000,0.000000,1103102000.000000,537633000.000000,565469000.000000,-70492000.000000,0.000000,2615000.000000,-1123000.000000,0.000000,1583000.000000,-112934000.000000,-85235000.000000,41042000.000000,-183000.000000,-59912000.000000,-59912000.000000,-59912000.000000,0.000000,0.000000,-0.279000,194747000.000000,-51466000.000000,9610000.000000,0.000000,15.727000,-72.636000,-70.206000,116640000.000000,0.000000,95.480000,25.246000,25.016000,118943000.000000,-762905000.000000,215070000.000000,215070000.000000,85270000.000000,,,,,47008000.000000,109477000.000000,1.000000,186000000.000000,184310000.000000,184310000.000000,1.167000,2197239000.000000,0.000000,399000.000000,0.000000,11.921000
MRQ,2014-12-31,2015-01-31,2015-01-31,2015-Q4,1467122000.000000,14859020000.000000,2025-05-23,-140000.000000,2350090000.000000,,2108387000.000000,241703000.000000,,6.037000,-37665000.000000,298192000.000000,298192000.000000,69955000.000000,-59466000.000000,3.288000,1.087000,485165000.000000,3207000.000000,481958000.000000,485165000.000000,632744000.000000,16526000.000000,0.000000,0.000000,0.000000,-58655000.000000,-42129000.000000,-0.186000,-42129000.000000,-58655000.000000,-58655000.000000,-0.320000,-0.320000,-0.320000,1125975000.000000,,1125975000.000000,15156414000.000000,-62.000000,-81.151000,10610000.000000,0.057000,1.000000,156318000.000000,0.691000,34779000.000000,0.000000,1861019000.000000,,0.000000,1559517000.000000,1559517000.000000,0.000000,1224115000.000000,641265000.000000,582850000.000000,106050000.000000,0.000000,15459000.000000,-1474000.000000,0.000000,15100000.000000,42941000.000000,80606000.000000,48275000.000000,-266000.000000,-59466000.000000,-59466000.000000,-59466000.000000,0.000000,0.000000,-0.263000,206702000.000000,-50384000.000000,10623000.000000,0.000000,13.197000,-59.920000,-58.859000,140136000.000000,0.000000,79.460000,18.860000,18.527000,188357000.000000,-822371000.000000,226273000.000000,226273000.000000,88963000.000000,,,,,39384000.000000,117739000.000000,1.000000,187000000.000000,186498000.000000,186498000.000000,1.213000,2315311000.000000,0.000000,811000.000000,0.000000,12.415000
MRQ,2015-03-31,2015-04-30,2015-04-30,2016-Q1,1454439000.000000,17238690000.000000,2025-05-23,-279000.000000,2382561000.000000,,2120993000.000000,261568000.000000,,5.956000,-28320000.000000,270484000.000000,270484000.000000,77914000.000000,-61558000.000000,3.182000,1.135000,497989000.000000,1759000.000000,496230000.000000,497989000.000000,653423000.000000,18569000.000000,0.000000,0.000000,0.000000,-60640000.000000,-42071000.000000,-0.168000,-42071000.000000,-60640000.000000,-60640000.000000,-0.330000,-0.330000,-0.330000,1116027000.000000,,1116027000.000000,17434206000.000000,-70.000000,-95.646000,63879000.000000,0.341000,1.000000,173043000.000000,0.690000,34479000.000000,0.000000,1909033000.000000,,0.000000,1651051000.000000,1651051000.000000,0.000000,1266534000.000000,666554000.000000,599980000.000000,-27708000.000000,0.000000,3564000.000000,-1448000.000000,0.000000,2533000.000000,-122488000.000000,-94168000.000000,92199000.000000,48000.000000,-61558000.000000,-61558000.000000,-61558000.000000,0.000000,0.000000,-0.245000,226447000.000000,-53404000.000000,13320000.000000,0.000000,15.446000,-68.913000,-67.066000,154537000.000000,0.000000,91.210000,19.610000,19.443000,128493000.000000,-883929000.000000,250957000.000000,250957000.000000,99335000.000000,,,,,47274000.000000,127112000.000000,1.000000,189000000.000000,187390000.000000,187390000.000000,1.339000,2348082000.000000,0.000000,918000.000000,0.000000,12.530000
MRQ,2015-06-30,2015-07-31,2015-07-31,2016-Q2,1434257000.000000,16107030000.000000,2025-05-23,320000.000000,2443884000.000000,,2140528000.000000,303356000.000000,,5.978000,-25469000.000000,230578000.000000,230578000.000000,92079000.000000,-69421000.000000,3.031000,1.159000,502788000.000000,743000.000000,502045000.000000,502788000.000000,683088000.000000,19888000.000000,0.000000,0.000000,0.000000,-71419000.000000,-51531000.000000,-0.182000,-51531000.000000,-71419000.000000,-71419000.000000,-0.370000,-0.370000,-0.370000,1131975000.000000,,1131975000.000000,16334535000.000000,-65.000000,-90.969000,-10281000.000000,-0.054000,1.000000,190617000.000000,0.674000,42953000.000000,0.000000,1966870000.000000,,0.000000,1676351000.000000,1676351000.000000,0.000000,1311909000.000000,706271000.000000,605638000.000000,-39906000.000000,-7961000.000000,19172000.000000,-1016000.000000,0.000000,18518000.000000,-73402000.000000,-39972000.000000,15188000.000000,-210000.000000,-69421000.000000,-69421000.000000,-69421000.000000,0.000000,0.000000,-0.246000,258257000.000000,-67640000.000000,23668000.000000,0.000000,14.229000,-64.336000,-62.467000,172701000.000000,0.000000,84.330000,16.520000,16.378000,156282000.000000,-953350000.000000,282696000.000000,282696000.000000,115345000.000000,,,,,64764000.000000,142912000.000000,1.000000,191000000.000000,189360000.000000,189360000.000000,1.493000,2400931000.000000,0.000000,-1998000.000000,0.000000,12.679000
MRQ,2015-09-30,2015-10-31,2015-10-31,2016-Q3,1405394000.000000,15162240000.000000,2025-05-23,-54000.000000,2511153000.000000,,2157075000.000000,354078000.000000,,5.901000,-37893000.000000,219893000.000000,219893000.000000,101754000.000000,-77811000.000000,2.870000,1.231000,508027000.000000,80000.000000,507947000.000000,508027000.000000,718025000.000000,22260000.000000,0.000000,0.000000,0.000000,-76896000.000000,-54636000.000000,-0.179000,-54636000.000000,-76896000.000000,-76896000.000000,-0.410000,-0.410000,-0.410000,1125527000.000000,,1125527000.000000,15434450000.000000,-58.000000,-81.077000,14866000.000000,0.078000,1.000000,203512000.000000,0.667000,70353000.000000,0.000000,1977253000.000000,,0.000000,1676454000.000000,1676454000.000000,0.000000,1385626000.000000,751681000.000000,633945000.000000,-10685000.000000,-23475000.000000,2360000.000000,-663000.000000,0.000000,1943000.000000,-64988000.000000,-3620000.000000,52759000.000000,-399000.000000,-77811000.000000,-77811000.000000,-77811000.000000,0.000000,0.000000,-0.255000,273686000.000000,-70174000.000000,16953000.000000,0.000000,13.471000,-56.522000,-55.224000,195004000.000000,0.000000,78.970000,14.234000,14.140000,170851000.000000,-1031161000.000000,305266000.000000,305266000.000000,124020000.000000,,,,,68659000.000000,149666000.000000,1.000000,192000000.000000,190727000.000000,190727000.000000,1.601000,2440800000.000000,0.000000,915000.000000,0.000000,12.797000
MRQ,2015-12-31,2016-01-31,2016-01-31,2016-Q4,1439629000.000000,12223940000.000000,2025-05-23,799000.000000,2730094000.000000,,2362308000.000000,367786000.000000,,5.902000,-41985000.000000,300087000.000000,300087000.000000,102680000.000000,-66258000.000000,2.560000,1.403000,507476000.000000,0.000000,507476000.000000,507476000.000000,899729000.000000,25222000.000000,0.000000,0.000000,0.000000,-65076000.000000,-39854000.000000,-0.125000,-39854000.000000,-65076000.000000,-65076000.000000,-0.350000,-0.350000,-0.350000,1136157000.000000,,1136157000.000000,12512074000.000000,-46.000000,-66.521000,56506000.000000,0.294000,1.000000,215091000.000000,0.677000,65816000.000000,0.000000,1948988000.000000,,0.000000,1669372000.000000,1669372000.000000,0.000000,1593937000.000000,922679000.000000,671258000.000000,80194000.000000,0.000000,20560000.000000,3127000.000000,0.000000,21115000.000000,-39269000.000000,3476000.000000,98491000.000000,-143000.000000,-66258000.000000,-66258000.000000,-66258000.000000,0.000000,0.000000,-0.209000,273662000.000000,-58571000.000000,19605000.000000,0.000000,10.759000,-44.443000,-43.455000,214158000.000000,0.000000,63.010000,10.568000,10.351000,293407000.000000,-1112289000.000000,317771000.000000,317771000.000000,131244000.000000,,,,,69273000.000000,142418000.000000,1.000000,194000000.000000,192509000.000000,192509000.000000,1.651000,2664278000.000000,0.000000,1182000.000000,0.000000,13.840000
MRQ,2016-03-31,2016-04-30,2016-04-30,2017-Q1,1401879000.000000,14621100000.000000,2025-05-23,-9032000.000000,2776153000.000000,,2372131000.000000,404022000.000000,,5.799000,-34478000.000000,404604000.000000,404604000.000000,108627000.000000,-78503000.000000,2.445000,1.461000,514075000.000000,0.000000,514075000.000000,514075000.000000,926056000.000000,26124000.000000,0.000000,0.000000,0.000000,-77368000.000000,-51244000.000000,-0.147000,-51244000.000000,-77368000.000000,-77368000.000000,-0.400000,-0.400000,-0.400000,1128156000.000000,,1128156000.000000,14828489000.000000,-51.000000,-75.170000,128339000.000000,0.660000,1.000000,239050000.000000,0.688000,64887000.000000,0.000000,1850485000.000000,,0.000000,1675486000.000000,1675486000.000000,0.000000,1647997000.000000,970252000.000000,677745000.000000,105868000.000000,0.000000,3381000.000000,0.000000,0.000000,3757000.000000,-61344000.000000,-8268000.000000,162817000.000000,638000.000000,-78503000.000000,-78503000.000000,-78503000.000000,0.000000,0.000000,-0.226000,310580000.000000,-71530000.000000,18975000.000000,0.000000,12.960000,-50.073000,-49.007000,254697000.000000,0.000000,74.980000,11.665000,11.637000,193100000.000000,-1192911000.000000,347677000.000000,347677000.000000,141778000.000000,,,,,78235000.000000,168802000.000000,1.000000,195000000.000000,194529000.000000,194529000.000000,1.787000,2711266000.000000,0.000000,1135000.000000,0.000000,13.938000
MRQ,2016-06-30,2016-07-31,2016-07-31,2017-Q2,1422537000.000000,16417980000.000000,2025-05-23,-2588000.000000,2829804000.000000,,2430090000.000000,399714000.000000,,5.785000,-26539000.000000,405529000.000000,405529000.000000,117852000.000000,-107813000.000000,2.412000,1.480000,520765000.000000,0.000000,520765000.000000,520765000.000000,979114000.000000,26662000.000000,0.000000,0.000000,0.000000,-107878000.000000,-81216000.000000,-0.217000,-81216000.000000,-107878000.000000,-107878000.000000,-0.550000,-0.550000,-0.550000,1140846000.000000,,1140846000.000000,16527451000.000000,-51.000000,-72.824000,-20017000.000000,-0.101000,1.000000,255805000.000000,0.685000,68623000.000000,0.000000,1868864000.000000,,0.000000,1662381000.000000,1662381000.000000,0.000000,1688958000.000000,1007553000.000000,681405000.000000,5189000.000000,-3670000.000000,25395000.000000,0.000000,0.000000,25590000.000000,-26779000.000000,10902000.000000,6522000.000000,-144000.000000,-107813000.000000,-107813000.000000,-107813000.000000,0.000000,0.000000,-0.289000,342490000.000000,-86685000.000000,17135000.000000,0.000000,14.391000,-49.693000,-48.737000,255118000.000000,0.000000,83.340000,12.212000,12.226000,248658000.000000,-1300936000.000000,373657000.000000,373657000.000000,161886000.000000,,,,,88222000.000000,180604000.000000,1.000000,197000000.000000,197223000.000000,197223000.000000,1.895000,2761181000.000000,0.000000,-65000.000000,0.000000,14.000000
MRQ,2016-09-30,2016-10-31,2016-10-31,2017-Q3,1196499000.000000,17336000000.000000,2025-05-23,2622000.000000,2922569000.000000,,2294595000.000000,627974000.000000,,5.702000,-27518000.000000,386557000.000000,386557000.000000,126885000.000000,-110114000.000000,2.090000,1.569000,527547000.000000,0.000000,527547000.000000,527547000.000000,1023620000.000000,30453000.000000,0.000000,0.000000,0.000000,-109037000.000000,-78584000.000000,-0.190000,-78584000.000000,-109037000.000000,-109037000.000000,-0.550000,-0.550000,-0.550000,1137459000.000000,,1137459000.000000,17451236000.000000,-49.000000,-69.555000,44038000.000000,0.221000,1.000000,286637000.000000,0.693000,212087000.000000,0.000000,1753376000.000000,,0.000000,1527238000.000000,1527238000.000000,0.000000,1785110000.000000,1098096000.000000,687014000.000000,-22775000.000000,-144209000.000000,4491000.000000,0.000000,0.000000,4926000.000000,-99120000.000000,132312000.000000,71556000.000000,-137000.000000,-110114000.000000,-110114000.000000,-110114000.000000,0.000000,0.000000,-0.266000,392569000.000000,-105932000.000000,28374000.000000,0.000000,15.241000,-47.799000,-46.854000,334265000.000000,0.000000,86.680000,11.934000,11.903000,268945000.000000,-1415002000.000000,413522000.000000,413522000.000000,185311000.000000,,,,,100098000.000000,207258000.000000,1.000000,200000000.000000,199479000.000000,199479000.000000,2.073000,2710482000.000000,0.000000,1077000.000000,0.000000,13.588000
MRQ,2016-12-31,2017-01-31,2017-01-31,2017-Q4,1239202000.000000,16701090000.000000,2025-05-23,2071000.000000,3268282000.000000,,2524445000.000000,743837000.000000,,6.333000,-32278000.000000,539923000.000000,539923000.000000,130181000.000000,-88269000.000000,1.964000,1.560000,534423000.000000,0.000000,534423000.000000,534423000.000000,1221543000.000000,22586000.000000,0.000000,0.000000,0.000000,-91230000.000000,-68644000.000000,-0.156000,-68644000.000000,-91230000.000000,-91230000.000000,-0.440000,-0.440000,-0.440000,1276608000.000000,,1276608000.000000,16842080000.000000,-44.000000,-60.217000,77453000.000000,0.384000,1.000000,309403000.000000,0.704000,207141000.000000,0.000000,1770398000.000000,,0.000000,1456822000.000000,1456822000.000000,0.000000,1991674000.000000,1285243000.000000,706431000.000000,153525000.000000,0.000000,24812000.000000,0.000000,0.000000,25408000.000000,18358000.000000,72154000.000000,109731000.000000,28000.000000,-88269000.000000,-88269000.000000,-88269000.000000,0.000000,0.000000,-0.201000,398342000.000000,-88939000.000000,26824000.000000,0.000000,13.082000,-43.413000,-42.830000,365877000.000000,0.000000,83.090000,10.608000,10.461000,409780000.000000,-1406865000.000000,439584000.000000,439584000.000000,191556000.000000,,,,,105717000.000000,206786000.000000,1.000000,201000000.000000,201577000.000000,201577000.000000,2.181000,3061141000.000000,0.000000,-2961000.000000,0.000000,15.186000
MRQ,2017-03-31,2017-04-30,2017-04-30,2018-Q1,1244376000.000000,17742200000.000000,2025-05-23,-190000.000000,3308741000.000000,,2533820000.000000,774921000.000000,,6.481000,-30593000.000000,498931000.000000,498931000.000000,136711000.000000,-64044000.000000,1.965000,1.505000,541393000.000000,0.000000,541393000.000000,541393000.000000,1200263000.000000,31797000.000000,0.000000,0.000000,0.000000,-61863000.000000,-30066000.000000,-0.063000,-30066000.000000,-61863000.000000,-61863000.000000,-0.310000,-0.310000,-0.310000,1320857000.000000,,1320857000.000000,17736700000.000000,-48.000000,-68.611000,149429000.000000,0.733000,1.000000,343150000.000000,0.715000,202108000.000000,0.000000,1859651000.000000,,0.000000,1616770000.000000,1616770000.000000,0.000000,1987884000.000000,1289444000.000000,698440000.000000,-40790000.000000,0.000000,2253000.000000,0.000000,0.000000,2209000.000000,-222889000.000000,-162757000.000000,180022000.000000,-132000.000000,-64044000.000000,-64044000.000000,-64044000.000000,0.000000,0.000000,-0.133000,403350000.000000,-60200000.000000,28182000.000000,0.000000,13.432000,-47.921000,-47.243000,404102000.000000,0.000000,87.400000,10.396000,10.438000,297894000.000000,-1470678000.000000,479861000.000000,479861000.000000,196439000.000000,,,,,107788000.000000,206911000.000000,1.000000,203000000.000000,203818000.000000,203818000.000000,2.354000,3106633000.000000,0.000000,2181000.000000,0.000000,15.242000
MRQ,2017-06-30,2017-07-31,2017-07-31,2018-Q2,909650000.000000,21136770000.000000,2025-05-23,-22197000.000000,3407127000.000000,,2586224000.000000,820903000.000000,,6.619000,-38528000.000000,748599000.000000,748599000.000000,158195000.000000,-82532000.000000,1.543000,1.486000,548460000.000000,332422000.000000,216038000.000000,548460000.000000,1222743000.000000,33501000.000000,0.000000,0.000000,0.000000,-80691000.000000,-47190000.000000,-0.090000,-47190000.000000,-80691000.000000,-80691000.000000,-0.400000,-0.400000,-0.400000,1370397000.000000,,1370397000.000000,21179232000.000000,-62.000000,-94.346000,-23402000.000000,-0.113000,1.000000,367125000.000000,0.699000,197650000.000000,0.000000,1332764000.000000,,0.000000,1349191000.000000,1349191000.000000,0.000000,2036730000.000000,1676574000.000000,360156000.000000,249428000.000000,0.000000,32274000.000000,0.000000,0.000000,32242000.000000,201345000.000000,262869000.000000,15126000.000000,715000.000000,-82532000.000000,-82532000.000000,-82532000.000000,0.000000,0.000000,-0.157000,448754000.000000,-81629000.000000,39948000.000000,0.000000,15.424000,-61.273000,-60.065000,438754000.000000,0.000000,102.110000,11.374000,11.376000,370557000.000000,-1553210000.000000,525320000.000000,525320000.000000,221103000.000000,,,,,121523000.000000,227651000.000000,1.000000,207000000.000000,207028000.000000,207028000.000000,2.537000,3209477000.000000,0.000000,1841000.000000,0.000000,15.503000
MRQ,2017-09-30,2017-10-31,2017-10-31,2018-Q3,1944226000.000000,23085920000.000000,2025-05-23,-16310000.000000,4564716000.000000,,3693772000.000000,870944000.000000,,7.363000,-36356000.000000,1336984000.000000,1336984000.000000,163555000.000000,-85546000.000000,2.111000,1.964000,1473430000.000000,336936000.000000,1136494000.000000,1473430000.000000,1229166000.000000,34727000.000000,0.000000,0.000000,0.000000,-83801000.000000,-49074000.000000,-0.088000,-49074000.000000,-83801000.000000,-83801000.000000,-0.410000,-0.410000,-0.410000,1540274000.000000,,1540274000.000000,22885781000.000000,-72.000000,-117.379000,107675000.000000,0.515000,1.000000,391834000.000000,0.706000,192723000.000000,0.000000,2758893000.000000,,0.000000,1874139000.000000,1874139000.000000,0.000000,3024442000.000000,1749546000.000000,1274896000.000000,587565000.000000,0.000000,82779000.000000,1132101000.000000,0.000000,1039314000.000000,-595458000.000000,-530486000.000000,144031000.000000,-322000.000000,-85546000.000000,-85546000.000000,-85546000.000000,0.000000,0.000000,-0.154000,471893000.000000,-80059000.000000,35837000.000000,0.000000,14.988000,-72.055000,-71.147000,487234000.000000,0.000000,110.990000,11.542000,11.608000,349309000.000000,-1638756000.000000,555389000.000000,555389000.000000,239588000.000000,,,,,122479000.000000,232305000.000000,1.000000,208000000.000000,209188000.000000,209188000.000000,2.655000,4371993000.000000,0.000000,1745000.000000,0.000000,20.900000
MRQ,2017-12-31,2018-01-31,2018-01-31,2018-Q4,1898104000.000000,25176900000.000000,2025-05-23,-46413000.000000,4947424000.000000,,3956978000.000000,990446000.000000,,7.492000,-47059000.000000,1134355000.000000,1134355000.000000,170952000.000000,-89100000.000000,1.922000,2.131000,1491354000.000000,341509000.000000,1149845000.000000,1491354000.000000,1537147000.000000,35698000.000000,0.000000,0.000000,0.000000,-88431000.000000,-52733000.000000,-0.091000,-52733000.000000,-88431000.000000,-88431000.000000,-0.430000,-0.430000,-0.430000,1580365000.000000,,1580365000.000000,25313346000.000000,-80.000000,-141.366000,79489000.000000,0.377000,1.000000,411528000.000000,0.707000,193610000.000000,0.000000,3051939000.000000,,0.000000,2133495000.000000,2133495000.000000,0.000000,3367059000.000000,2058874000.000000,1308185000.000000,-202443000.000000,-5744000.000000,32555000.000000,0.000000,0.000000,32497000.000000,-361978000.000000,-265515000.000000,126548000.000000,490000.000000,-89100000.000000,-89100000.000000,-89100000.000000,0.000000,0.000000,-0.153000,492863000.000000,-81335000.000000,20998000.000000,0.000000,15.931000,-78.379000,-77.348000,546609000.000000,0.000000,119.890000,11.748000,11.624000,528208000.000000,-1727856000.000000,582480000.000000,582480000.000000,253454000.000000,,,,,126635000.000000,239409000.000000,1.000000,210000000.000000,210951000.000000,210951000.000000,2.761000,4753814000.000000,0.000000,669000.000000,0.000000,22.535000
MRQ,2018-03-31,2018-04-30,2018-04-30,2019-Q1,1684155000.000000,26466080000.000000,2025-05-23,-30766000.000000,4927832000.000000,,3880809000.000000,1047023000.000000,,7.779000,-48862000.000000,1036045000.000000,1036045000.000000,177971000.000000,-74410000.000000,1.767000,1.973000,1509493000.000000,570251000.000000,939242000.000000,1509493000.000000,1415064000.000000,38664000.000000,0.000000,0.000000,0.000000,-75112000.000000,-36448000.000000,-0.059000,-36448000.000000,-75112000.000000,-75112000.000000,-0.350000,-0.350000,-0.350000,1657300000.000000,,1657300000.000000,26823079000.000000,-82.000000,-144.642000,135371000.000000,0.635000,1.000000,440672000.000000,0.712000,188544000.000000,0.000000,3016082000.000000,,0.000000,2329623000.000000,2329623000.000000,0.000000,3270532000.000000,2196654000.000000,1073878000.000000,-98219000.000000,0.000000,2611000.000000,0.000000,0.000000,2554000.000000,-284586000.000000,-196491000.000000,184233000.000000,-420000.000000,-74410000.000000,-74410000.000000,-74410000.000000,0.000000,0.000000,-0.120000,511936000.000000,-71264000.000000,30249000.000000,0.000000,15.969000,-79.816000,-78.516000,611293000.000000,0.000000,124.840000,11.599000,11.656000,354209000.000000,-1801839000.000000,618643000.000000,618643000.000000,263584000.000000,,,,,132659000.000000,248352000.000000,1.000000,212000000.000000,213055000.000000,213055000.000000,2.904000,4739288000.000000,0.000000,-702000.000000,0.000000,22.244000
MRQ,2018-06-30,2018-07-31,2018-07-31,2019-Q2,1700091000.000000,26788320000.000000,2025-05-23,-12431000.000000,4765060000.000000,,3614038000.000000,1151022000.000000,,8.221000,-54346000.000000,1693743000.000000,1693743000.000000,200230000.000000,-86156000.000000,1.888000,1.684000,1177009000.000000,226877000.000000,950132000.000000,1177009000.000000,1483224000.000000,42226000.000000,0.000000,0.000000,0.000000,-87369000.000000,-45143000.000000,-0.067000,-45143000.000000,-87369000.000000,-87369000.000000,-0.400000,-0.400000,-0.400000,1775224000.000000,,1775224000.000000,27261768000.000000,-81.000000,-148.648000,3270000.000000,0.015000,1.000000,471490000.000000,0.702000,211000000.000000,0.000000,2123379000.000000,,0.000000,1291352000.000000,1291352000.000000,0.000000,2989836000.000000,1913947000.000000,1075889000.000000,658383000.000000,-26737000.000000,38686000.000000,-350005000.000000,0.000000,-311378000.000000,912307000.000000,1042927000.000000,57616000.000000,-162000.000000,-86156000.000000,-86156000.000000,-86156000.000000,0.000000,0.000000,-0.128000,560472000.000000,-88982000.000000,32910000.000000,0.000000,15.090000,-79.915000,-78.000000,678525000.000000,0.000000,124.020000,11.032000,11.029000,457496000.000000,-1887995000.000000,671720000.000000,671720000.000000,292840000.000000,,,,,147063000.000000,267632000.000000,1.000000,216000000.000000,215932000.000000,215932000.000000,3.111000,4554060000.000000,0.000000,-1213000.000000,0.000000,21.090000
MRQ,2018-09-30,2018-10-31,2018-10-31,2019-Q3,215394000.000000,28865340000.000000,2025-05-23,3768000.000000,5000299000.000000,,2271279000.000000,2729020000.000000,,8.421000,-55427000.000000,540430000.000000,540430000.000000,223001000.000000,-153331000.000000,1.105000,1.728000,1190823000.000000,229684000.000000,961139000.000000,1190823000.000000,1570344000.000000,57602000.000000,0.000000,0.000000,0.000000,-156138000.000000,-98536000.000000,-0.133000,-98536000.000000,-156138000.000000,-156138000.000000,-0.700000,-0.700000,-0.700000,1833149000.000000,,1833149000.000000,28348606000.000000,-70.000000,-121.741000,58869000.000000,0.270000,1.000000,520188000.000000,0.700000,1710198000.000000,0.000000,1884609000.000000,,0.000000,1041709000.000000,1041709000.000000,0.000000,3167150000.000000,2055885000.000000,1111265000.000000,-1151292000.000000,-1447600000.000000,2767000.000000,-3000.000000,0.000000,2704000.000000,-1268079000.000000,272261000.000000,114296000.000000,-213000.000000,-153331000.000000,-153331000.000000,-153331000.000000,0.000000,0.000000,-0.206000,702943000.000000,-182755000.000000,28779000.000000,0.000000,15.746000,-71.627000,-70.755000,735443000.000000,0.000000,133.020000,11.034000,11.069000,486044000.000000,-2041823000.000000,743189000.000000,743189000.000000,318003000.000000,,,,,187971000.000000,384940000.000000,1.000000,217000000.000000,217694000.000000,217694000.000000,3.414000,3290101000.000000,0.000000,-2807000.000000,0.000000,15.113000
MRQ,2018-12-31,2019-01-31,2019-01-31,2019-Q4,269905000.000000,39936600000.000000,2025-05-23,-809000.000000,5520746000.000000,,2700596000.000000,2820150000.000000,,8.886000,-54322000.000000,638554000.000000,638554000.000000,233748000.000000,-104361000.000000,1.111000,1.819000,1204778000.000000,232514000.000000,972264000.000000,1204778000.000000,1949270000.000000,59619000.000000,0.000000,0.000000,0.000000,-105133000.000000,-45514000.000000,-0.058000,-45514000.000000,-105133000.000000,-105133000.000000,-0.470000,-0.470000,-0.470000,1958442000.000000,,1958442000.000000,40586993000.000000,-96.000000,-179.874000,196191000.000000,0.890000,1.000000,554880000.000000,0.704000,1692365000.000000,0.000000,1963914000.000000,,0.000000,1139864000.000000,1139864000.000000,0.000000,3562304000.000000,2430691000.000000,1131613000.000000,97677000.000000,0.000000,49503000.000000,-22000.000000,0.000000,49409000.000000,-202426000.000000,-93007000.000000,250513000.000000,181000.000000,-104361000.000000,-104361000.000000,-104361000.000000,0.000000,0.000000,-0.132000,675163000.000000,-120283000.000000,29093000.000000,0.000000,20.392000,-95.483000,-94.057000,796907000.000000,0.000000,181.530000,14.151000,13.944000,704680000.000000,-2146304000.000000,788628000.000000,788628000.000000,337405000.000000,,,,,184772000.000000,337758000.000000,1.000000,220000000.000000,220392000.000000,220392000.000000,3.578000,3828381000.000000,0.000000,-772000.000000,0.000000,17.371000
MRQ,2019-03-31,2019-04-30,2019-04-30,2020-Q1,222055000.000000,45649860000.000000,2025-05-23,13113000.000000,5824174000.000000,,2665134000.000000,3159040000.000000,,9.157000,-65535000.000000,781772000.000000,781772000.000000,243219000.000000,-116275000.000000,1.091000,1.848000,1529059000.000000,299515000.000000,1229544000.000000,1529059000.000000,1830150000.000000,76987000.000000,0.000000,0.000000,0.000000,-116245000.000000,-39258000.000000,-0.048000,-39258000.000000,-116245000.000000,-116245000.000000,-0.520000,-0.520000,-0.520000,2044748000.000000,,2044748000.000000,46216084000.000000,-99.000000,-202.302000,143628000.000000,0.643000,1.000000,581836000.000000,0.705000,1673022000.000000,0.000000,2455360000.000000,,0.000000,1110141000.000000,1110141000.000000,0.000000,3779426000.000000,2443079000.000000,1336347000.000000,144843000.000000,0.000000,3455000.000000,0.000000,0.000000,3362000.000000,-67355000.000000,37791000.000000,209163000.000000,-327000.000000,-116275000.000000,-116275000.000000,-116275000.000000,0.000000,0.000000,-0.141000,705222000.000000,-123386000.000000,35146000.000000,0.000000,22.325000,-99.212000,-98.388000,1165934000.000000,0.000000,205.630000,15.073000,15.162000,542843000.000000,-2262960000.000000,825055000.000000,825055000.000000,347831000.000000,,,,,185235000.000000,357391000.000000,1.000000,222000000.000000,223309000.000000,223309000.000000,3.695000,4151152000.000000,0.000000,30000.000000,0.000000,18.589000
MRQ,2019-06-30,2019-07-31,2019-07-31,2020-Q2,-645232000.000000,45195480000.000000,2025-05-23,32458000.000000,5992156000.000000,,2789032000.000000,3203124000.000000,,9.763000,-75576000.000000,619514000.000000,619514000.000000,266334000.000000,-120712000.000000,0.812000,1.711000,1542606000.000000,1298743000.000000,243863000.000000,1542606000.000000,1885642000.000000,84006000.000000,0.000000,0.000000,0.000000,-122603000.000000,-38597000.000000,-0.043000,-38597000.000000,-122603000.000000,-122603000.000000,-0.530000,-0.530000,-0.530000,2210285000.000000,,2210285000.000000,45942767000.000000,-92.000000,-207.038000,24743000.000000,0.109000,1.000000,621418000.000000,0.700000,1667302000.000000,0.000000,1813682000.000000,,0.000000,1307006000.000000,1307006000.000000,0.000000,3781871000.000000,3434264000.000000,347607000.000000,-162400000.000000,-12885000.000000,58085000.000000,-27000.000000,0.000000,57951000.000000,-320745000.000000,-198103000.000000,100319000.000000,75000.000000,-120712000.000000,-120712000.000000,-120712000.000000,0.000000,0.000000,-0.136000,743915000.000000,-122497000.000000,32540000.000000,0.000000,20.448000,-91.363000,-90.081000,1214347000.000000,0.000000,199.980000,13.929000,13.954000,613425000.000000,-2383672000.000000,887752000.000000,887752000.000000,378122000.000000,,,,,208912000.000000,365793000.000000,1.000000,226000000.000000,226392000.000000,226392000.000000,3.921000,4324854000.000000,0.000000,-1891000.000000,0.000000,19.103000
MRQ,2019-09-30,2019-10-31,2019-10-31,2020-Q3,464031000.000000,36972480000.000000,2025-05-23,24619000.000000,6155645000.000000,,2955420000.000000,3200225000.000000,,10.151000,-55163000.000000,912748000.000000,912748000.000000,270930000.000000,-115729000.000000,1.186000,1.654000,1552347000.000000,308609000.000000,1243738000.000000,1552347000.000000,1880890000.000000,89314000.000000,0.000000,0.000000,0.000000,-114386000.000000,-25072000.000000,-0.027000,-25072000.000000,-114386000.000000,-114386000.000000,-0.510000,-0.510000,-0.510000,2319179000.000000,,2319179000.000000,37895572000.000000,-83.000000,-255.290000,202839000.000000,0.888000,1.000000,667170000.000000,0.711000,1651367000.000000,0.000000,2652488000.000000,,0.000000,1191848000.000000,1191848000.000000,0.000000,3836466000.000000,2491389000.000000,1345077000.000000,292211000.000000,0.000000,1780000.000000,-3000.000000,0.000000,1602000.000000,32559000.000000,109554000.000000,258002000.000000,48000.000000,-115729000.000000,-115729000.000000,-115729000.000000,0.000000,0.000000,-0.123000,777420000.000000,-110250000.000000,35581000.000000,0.000000,15.942000,-80.889000,-79.882000,1218169000.000000,0.000000,162.160000,10.749000,10.771000,615508000.000000,-2499401000.000000,938100000.000000,938100000.000000,401742000.000000,,,,,231002000.000000,375678000.000000,1.000000,228000000.000000,228461000.000000,228461000.000000,4.106000,4504278000.000000,0.000000,1343000.000000,0.000000,19.716000
MRQ,2019-12-31,2020-01-31,2020-01-31,2020-Q4,125218000.000000,42464900000.000000,2025-05-23,23492000.000000,6816365000.000000,,3094622000.000000,3721743000.000000,,10.786000,-48270000.000000,731141000.000000,731141000.000000,284775000.000000,-127958000.000000,1.042000,1.741000,1569858000.000000,310466000.000000,1259392000.000000,1569858000.000000,2309203000.000000,93296000.000000,0.000000,0.000000,0.000000,-129213000.000000,-35917000.000000,-0.037000,-35917000.000000,-129213000.000000,-129213000.000000,-0.560000,-0.560000,-0.560000,2486551000.000000,,2486551000.000000,43104499000.000000,-89.000000,-310.453000,248844000.000000,1.079000,1.000000,691524000.000000,0.708000,2127662000.000000,0.000000,2558016000.000000,,0.000000,1213432000.000000,1213432000.000000,0.000000,4329814000.000000,2969404000.000000,1360410000.000000,-182136000.000000,-460718000.000000,62353000.000000,0.000000,0.000000,62209000.000000,-541381000.000000,-28700000.000000,297114000.000000,-78000.000000,-127958000.000000,-127958000.000000,-127958000.000000,0.000000,0.000000,-0.131000,837621000.000000,-146097000.000000,57556000.000000,0.000000,17.078000,-88.344000,-87.090000,1227081000.000000,0.000000,184.630000,11.707000,11.564000,877578000.000000,-2627359000.000000,976299000.000000,976299000.000000,422211000.000000,,,,,234422000.000000,415410000.000000,1.000000,230000000.000000,230527000.000000,230527000.000000,4.235000,4688703000.000000,0.000000,-1255000.000000,0.000000,20.339000
MRQ,2020-03-31,2020-04-30,2020-04-30,2021-Q1,679404000.000000,35704800000.000000,2025-05-23,57526000.000000,7227503000.000000,,3450367000.000000,3777136000.000000,,11.170000,-59940000.000000,1214213000.000000,1214213000.000000,305630000.000000,-158368000.000000,1.245000,1.778000,2099867000.000000,336901000.000000,1762966000.000000,2099867000.000000,2090398000.000000,89883000.000000,0.000000,0.000000,0.000000,-155430000.000000,-65547000.000000,-0.064000,-65547000.000000,-155430000.000000,-155430000.000000,-0.680000,-0.680000,-0.680000,2602004000.000000,,2602004000.000000,36543517000.000000,-70.000000,-221.297000,203743000.000000,0.875000,1.000000,712755000.000000,0.700000,2111853000.000000,0.000000,3230341000.000000,,0.000000,1384793000.000000,1384793000.000000,0.000000,4625499000.000000,2770963000.000000,1854536000.000000,485402000.000000,0.000000,3577000.000000,497794000.000000,0.000000,499331000.000000,-277347000.000000,-214920000.000000,263683000.000000,-265000.000000,-158368000.000000,-158368000.000000,-158368000.000000,0.000000,0.000000,-0.156000,857212000.000000,-144457000.000000,35430000.000000,0.000000,13.722000,-68.300000,-67.500000,1247275000.000000,0.000000,153.900000,9.345000,9.383000,584219000.000000,-2785927000.000000,1018385000.000000,1018385000.000000,443484000.000000,,,,,236672000.000000,413728000.000000,1.000000,232000000.000000,232939000.000000,232939000.000000,4.372000,5115650000.000000,0.000000,2938000.000000,0.000000,21.961000
MRQ,2020-06-30,2020-07-31,2020-07-31,2021-Q2,1161066000.000000,42516200000.000000,2025-05-23,646000.000000,7501451000.000000,,3714181000.000000,3787270000.000000,,12.027000,-66555000.000000,1239696000.000000,1239696000.000000,284277000.000000,-28016000.000000,1.455000,1.643000,2136909000.000000,113298000.000000,2023611000.000000,2136909000.000000,2067920000.000000,93057000.000000,0.000000,0.000000,0.000000,-28207000.000000,64850000.000000,0.061000,64850000.000000,-28207000.000000,-28207000.000000,-0.120000,-0.120000,-0.120000,2838478000.000000,,2838478000.000000,43401854000.000000,-102.000000,-703.593000,90655000.000000,0.384000,1.000000,777690000.000000,0.732000,2096108000.000000,0.000000,3749441000.000000,,0.000000,1513842000.000000,1513842000.000000,0.000000,4662973000.000000,2553115000.000000,2109858000.000000,26123000.000000,0.000000,70940000.000000,55000.000000,0.000000,70780000.000000,-202638000.000000,-134319000.000000,157210000.000000,771000.000000,-28016000.000000,-28016000.000000,-28016000.000000,0.000000,0.000000,-0.026000,794444000.000000,-16754000.000000,57764000.000000,0.000000,14.979000,-98.859000,-96.749000,1282089000.000000,0.000000,180.920000,10.643000,10.688000,694289000.000000,-2813943000.000000,1061967000.000000,1061967000.000000,418681000.000000,,,,,251236000.000000,375763000.000000,1.000000,235000000.000000,236002000.000000,236002000.000000,4.500000,5405343000.000000,0.000000,-191000.000000,0.000000,22.904000
MRQ,2020-09-30,2020-10-31,2020-10-31,2021-Q3,333037000.000000,49798440000.000000,2025-05-23,1110000.000000,7845027000.000000,,3958242000.000000,3886785000.000000,,12.930000,-78197000.000000,1067038000.000000,1067038000.000000,295181000.000000,-24340000.000000,1.092000,1.549000,2229680000.000000,1175602000.000000,1054078000.000000,2229680000.000000,2069291000.000000,96005000.000000,0.000000,0.000000,0.000000,-22923000.000000,73082000.000000,0.066000,73082000.000000,-22923000.000000,-22923000.000000,-0.100000,-0.100000,-0.100000,3078054000.000000,,3078054000.000000,50695653000.000000,-151.000000,1390.141000,215605000.000000,0.906000,1.000000,810779000.000000,0.733000,2082228000.000000,0.000000,3300236000.000000,,0.000000,1880772000.000000,1880772000.000000,0.000000,4766973000.000000,3625205000.000000,1141768000.000000,-174730000.000000,0.000000,3650000.000000,-9375000.000000,0.000000,-5906000.000000,-462666000.000000,-383397000.000000,293802000.000000,40000.000000,-24340000.000000,-24340000.000000,-24340000.000000,0.000000,0.000000,-0.022000,824856000.000000,-14077000.000000,54949000.000000,0.000000,16.179000,-147.036000,-143.918000,1392157000.000000,0.000000,210.120000,11.963000,12.017000,742744000.000000,-2838283000.000000,1105960000.000000,1105960000.000000,419962000.000000,,,,,259832000.000000,404894000.000000,1.000000,237000000.000000,238059000.000000,238059000.000000,4.646000,5762799000.000000,0.000000,1417000.000000,0.000000,24.207000
MRQ,2020-12-31,2021-01-31,2021-01-31,2021-Q4,519413000.000000,54607200000.000000,2025-05-23,-54970000.000000,8718411000.000000,,4802061000.000000,3916350000.000000,,13.600000,-51638000.000000,1384181000.000000,1384181000.000000,313044000.000000,-71707000.000000,1.121000,1.660000,2238065000.000000,1196101000.000000,1041964000.000000,2238065000.000000,2636735000.000000,99088000.000000,0.000000,0.000000,0.000000,-68574000.000000,30514000.000000,0.027000,30514000.000000,-68574000.000000,-68574000.000000,-0.300000,-0.300000,-0.300000,3277834000.000000,,3277834000.000000,55769842000.000000,-203.000000,541.986000,502108000.000000,2.083000,1.000000,818640000.000000,0.723000,2068251000.000000,0.000000,3221396000.000000,,0.000000,2151472000.000000,2151472000.000000,0.000000,5440577000.000000,4282648000.000000,1157929000.000000,316405000.000000,0.000000,70506000.000000,-9441000.000000,0.000000,60844000.000000,-298973000.000000,-246542000.000000,553746000.000000,788000.000000,-71707000.000000,-71707000.000000,-71707000.000000,0.000000,0.000000,-0.063000,891951000.000000,-73311000.000000,75596000.000000,0.000000,16.660000,-193.347000,-191.202000,1386546000.000000,0.000000,227.530000,12.646000,12.489000,1032484000.000000,-2909990000.000000,1131684000.000000,1131684000.000000,439095000.000000,,,,,257114000.000000,452856000.000000,1.000000,240000000.000000,241021000.000000,241021000.000000,4.695000,6650160000.000000,0.000000,3133000.000000,0.000000,27.592000
MRQ,2021-03-31,2021-04-30,2021-04-30,2022-Q1,-304958000.000000,60021000000.000000,2025-05-23,-60421000.000000,8624007000.000000,,3905797000.000000,4718210000.000000,,13.972000,-69796000.000000,959358000.000000,959358000.000000,333053000.000000,-46522000.000000,0.928000,1.532000,2159669000.000000,1272828000.000000,886841000.000000,2159669000.000000,2426009000.000000,104693000.000000,0.000000,0.000000,0.000000,-47364000.000000,57329000.000000,0.049000,57329000.000000,-47364000.000000,-47364000.000000,-0.190000,-0.190000,-0.190000,3405441000.000000,,3405441000.000000,60874884000.000000,-364.000000,269.626000,382632000.000000,1.570000,1.000000,841980000.000000,0.717000,2763386000.000000,0.000000,2850177000.000000,,0.000000,2035171000.000000,2035171000.000000,0.000000,5218566000.000000,4210755000.000000,1007811000.000000,-420110000.000000,-679220000.000000,-1357000.000000,-9426000.000000,0.000000,-11008000.000000,-861716000.000000,58728000.000000,452428000.000000,186000.000000,-46522000.000000,-46522000.000000,-46522000.000000,0.000000,0.000000,-0.040000,880293000.000000,-38313000.000000,48097000.000000,0.000000,17.625000,-351.854000,-347.887000,1436640000.000000,0.000000,247.000000,13.414000,13.454000,647163000.000000,-2820480000.000000,1175033000.000000,1175033000.000000,441616000.000000,,,,,264635000.000000,438677000.000000,1.000000,243000000.000000,243739000.000000,243739000.000000,4.821000,5860621000.000000,0.000000,-842000.000000,0.000000,24.045000
MRQ,2021-06-30,2021-07-31,2021-07-31,2022-Q2,187019000.000000,57896800000.000000,2025-05-23,-44150000.000000,9113845000.000000,,4461114000.000000,4652731000.000000,,15.663000,-87781000.000000,1087070000.000000,1087070000.000000,345521000.000000,105736000.000000,1.044000,1.356000,2147865000.000000,1284039000.000000,863826000.000000,2147865000.000000,2518589000.000000,106452000.000000,0.000000,0.000000,0.000000,101865000.000000,208317000.000000,0.165000,208317000.000000,101865000.000000,101865000.000000,0.430000,0.410000,0.430000,3867990000.000000,,3867990000.000000,59097111000.000000,-1597.000000,160.050000,110692000.000000,0.448000,1.000000,914840000.000000,0.726000,2743558000.000000,0.000000,3156987000.000000,,0.000000,2220888000.000000,2220888000.000000,0.000000,5245855000.000000,4274095000.000000,971760000.000000,125118000.000000,0.000000,75844000.000000,-9395000.000000,0.000000,66298000.000000,-139332000.000000,-51486000.000000,198473000.000000,-321000.000000,105736000.000000,105736000.000000,105736000.000000,0.000000,0.000000,0.084000,915960000.000000,-1120000.000000,53082000.000000,0.000000,14.968000,-1571.873000,-1465.000000,1411340000.000000,0.000000,234.400000,12.390000,12.387000,872764000.000000,-2714744000.000000,1260361000.000000,1260361000.000000,444251000.000000,,,,,264719000.000000,471709000.000000,1.000000,247000000.000000,246943000.000000,260016000.000000,5.104000,6370287000.000000,0.000000,-3871000.000000,0.000000,25.797000
MRQ,2021-09-30,2021-10-31,2021-10-31,2022-Q3,418658000.000000,71915040000.000000,2025-05-23,-20627000.000000,9440883000.000000,,4693708000.000000,4747175000.000000,,16.967000,-33335000.000000,1297259000.000000,1297259000.000000,359724000.000000,43412000.000000,1.098000,1.239000,2134630000.000000,1295667000.000000,838963000.000000,2134630000.000000,2493911000.000000,108534000.000000,0.000000,0.000000,0.000000,45502000.000000,154036000.000000,0.116000,154036000.000000,45502000.000000,45502000.000000,0.170000,0.170000,0.170000,4215816000.000000,,4215816000.000000,72975835000.000000,2322.000000,162.098000,351319000.000000,1.414000,1.000000,967539000.000000,0.729000,2800139000.000000,0.000000,3203065000.000000,,0.000000,2257722000.000000,2257722000.000000,0.000000,5225067000.000000,4275050000.000000,950017000.000000,210322000.000000,-60645000.000000,1894000.000000,-9384000.000000,0.000000,-7523000.000000,-166859000.000000,-72875000.000000,384654000.000000,50000.000000,43412000.000000,43412000.000000,43412000.000000,0.000000,0.000000,0.033000,943594000.000000,23945000.000000,47928000.000000,0.000000,17.058000,2325.917000,2636.182000,1389883000.000000,0.000000,289.980000,14.694000,14.721000,865040000.000000,-2671332000.000000,1327263000.000000,1327263000.000000,455615000.000000,,,,,278995000.000000,487979000.000000,1.000000,248000000.000000,248468000.000000,254760000.000000,5.342000,6640744000.000000,0.000000,2090000.000000,0.000000,26.727000
MRQ,2021-12-31,2022-01-31,2022-01-31,2022-Q4,146210000.000000,63252500000.000000,2025-05-23,7709000.000000,10498505000.000000,,5214065000.000000,5284440000.000000,,18.144000,-81088000.000000,1534273000.000000,1534273000.000000,389702000.000000,-73626000.000000,1.029000,1.315000,2102756000.000000,1302946000.000000,799810000.000000,2102756000.000000,3182480000.000000,110321000.000000,0.000000,0.000000,0.000000,-84003000.000000,26318000.000000,0.019000,26318000.000000,-84003000.000000,-84003000.000000,-0.300000,-0.280000,-0.300000,4535082000.000000,,4535082000.000000,64089871000.000000,4006.000000,143.699000,534357000.000000,2.138000,1.000000,986641000.000000,0.717000,3231046000.000000,0.000000,2768087000.000000,,0.000000,2109888000.000000,2109888000.000000,0.000000,5963423000.000000,5067855000.000000,895568000.000000,237670000.000000,-450135000.000000,71619000.000000,-9795000.000000,0.000000,62233000.000000,-439093000.000000,91633000.000000,615445000.000000,-915000.000000,-73626000.000000,-73626000.000000,-73626000.000000,0.000000,0.000000,-0.053000,1087153000.000000,-100512000.000000,55487000.000000,0.000000,13.947000,2181.121000,2108.417000,1370883000.000000,0.000000,253.010000,12.308000,12.173000,1242545000.000000,-2744585000.000000,1376343000.000000,1376343000.000000,537518000.000000,,,,,292651000.000000,549635000.000000,1.000000,250000000.000000,249952000.000000,254377000.000000,5.506000,7267459000.000000,0.000000,-10377000.000000,0.000000,29.075000
MRQ,2022-03-31,2022-04-30,2022-04-30,2023-Q1,2661839000.000000,51881700000.000000,2025-05-23,43109000.000000,12799106000.000000,,7443226000.000000,5355880000.000000,,18.991000,-58750000.000000,2776336000.000000,2776336000.000000,402821000.000000,-102173000.000000,1.557000,1.677000,4384004000.000000,1228699000.000000,3155305000.000000,4384004000.000000,2879427000.000000,111894000.000000,0.000000,0.000000,0.000000,-93006000.000000,18888000.000000,0.013000,18888000.000000,-93006000.000000,-93006000.000000,-0.410000,-0.410000,-0.410000,4780807000.000000,,4780807000.000000,52450183000.000000,-1769.000000,128.693000,380967000.000000,1.513000,1.000000,1031836000.000000,0.719000,3209431000.000000,0.000000,6415956000.000000,,0.000000,3479019000.000000,3479019000.000000,0.000000,8018299000.000000,4781387000.000000,3236912000.000000,1245993000.000000,0.000000,990000.000000,2276904000.000000,0.000000,2277702000.000000,-1470741000.000000,-1411971000.000000,439717000.000000,-685000.000000,-102173000.000000,-102173000.000000,-102173000.000000,0.000000,0.000000,-0.071000,1104679000.000000,-72843000.000000,123361000.000000,0.000000,10.852000,-1946.707000,-1879.091000,1438240000.000000,0.000000,206.700000,9.610000,9.639000,778076000.000000,-2846758000.000000,1434657000.000000,1434657000.000000,541509000.000000,,,,,311506000.000000,563170000.000000,1.000000,251000000.000000,251743000.000000,251743000.000000,5.699000,9589675000.000000,0.000000,9167000.000000,0.000000,38.093000
MRQ,2022-06-30,2022-07-31,2022-07-31,2023-Q2,2946800000.000000,39395400000.000000,2025-05-23,62961000.000000,13249550000.000000,,7804657000.000000,5444893000.000000,,20.160000,-168598000.000000,2486540000.000000,2486540000.000000,423085000.000000,-64158000.000000,1.607000,1.584000,4428023000.000000,1240463000.000000,3187560000.000000,4428023000.000000,2942730000.000000,115606000.000000,0.000000,0.000000,0.000000,-66867000.000000,48739000.000000,0.032000,48739000.000000,-66867000.000000,-66867000.000000,-0.250000,-0.250000,-0.250000,5127808000.000000,,5127808000.000000,41003068000.000000,-207.000000,165.348000,-54240000.000000,-0.213000,1.000000,1112713000.000000,0.725000,3187919000.000000,0.000000,7145257000.000000,,0.000000,3806427000.000000,3806427000.000000,0.000000,8121742000.000000,4857857000.000000,3263885000.000000,-289695000.000000,0.000000,83302000.000000,-30000.000000,0.000000,83087000.000000,-486995000.000000,-318152000.000000,114358000.000000,-145000.000000,-64158000.000000,-64158000.000000,-64158000.000000,0.000000,0.000000,-0.042000,1146791000.000000,-34078000.000000,60710000.000000,0.000000,7.683000,-200.440000,-196.329000,1519435000.000000,0.000000,155.100000,6.943000,6.953000,1105288000.000000,-2910916000.000000,1535798000.000000,1535798000.000000,547835000.000000,,,,,308007000.000000,598956000.000000,1.000000,254000000.000000,254355000.000000,254355000.000000,6.038000,10061631000.000000,0.000000,-2709000.000000,0.000000,39.557000
MRQ,2022-09-30,2022-10-31,2022-10-31,2023-Q3,3246876000.000000,39889920000.000000,2025-05-23,104114000.000000,12389787000.000000,,6970275000.000000,5419512000.000000,,21.150000,-59365000.000000,1575955000.000000,1575955000.000000,435793000.000000,-74721000.000000,1.872000,1.291000,3261294000.000000,90237000.000000,3171057000.000000,3261294000.000000,2879335000.000000,115213000.000000,0.000000,0.000000,0.000000,-22158000.000000,93055000.000000,0.058000,93055000.000000,-22158000.000000,-22158000.000000,-0.290000,-0.290000,-0.290000,5409108000.000000,,5409108000.000000,41831403000.000000,-157.000000,223.697000,349303000.000000,1.366000,1.000000,1163310000.000000,0.727000,3166714000.000000,0.000000,7185013000.000000,,0.000000,3916130000.000000,3916130000.000000,0.000000,6980679000.000000,3723399000.000000,3257280000.000000,-909388000.000000,0.000000,710000.000000,-1149622000.000000,0.000000,-1149073000.000000,-168063000.000000,-108517000.000000,408668000.000000,-920000.000000,-74721000.000000,-74721000.000000,-74721000.000000,0.000000,0.000000,-0.047000,1189631000.000000,-26321000.000000,75803000.000000,0.000000,7.375000,-126.764000,-124.656000,1487237000.000000,0.000000,155.820000,6.709000,6.702000,1040468000.000000,-2985637000.000000,1599103000.000000,1599103000.000000,565727000.000000,,,,,314196000.000000,623904000.000000,1.000000,256000000.000000,255753000.000000,255753000.000000,6.253000,9223073000.000000,0.000000,52563000.000000,0.000000,36.062000
MRQ,2022-12-31,2023-01-31,2023-01-31,2023-Q4,3480000000.000000,46627510000.000000,2025-05-23,53000000.000000,13486000000.000000,,8108000000.000000,5378000000.000000,,21.702000,-78287000.000000,1886000000.000000,1886000000.000000,448301000.000000,-125948000.000000,1.752000,1.415000,3249000000.000000,91000000.000000,3158000000.000000,3249000000.000000,3634000000.000000,113287000.000000,0.000000,0.000000,0.000000,-77969000.000000,35318000.000000,0.021000,35318000.000000,-77969000.000000,-77969000.000000,-0.490000,-0.490000,-0.490000,5585000000.000000,,5585000000.000000,48312849000.000000,-186.000000,246.494000,615970000.000000,2.394000,1.000000,1198141000.000000,0.728000,3146000000.000000,0.000000,7075000000.000000,,0.000000,4235000000.000000,4235000000.000000,0.000000,7901000000.000000,4628000000.000000,3273000000.000000,307090000.000000,0.000000,-8002000.000000,-252000.000000,0.000000,-7716000.000000,-380201000.000000,-302360000.000000,694257000.000000,750000.000000,-125948000.000000,-125948000.000000,-125948000.000000,0.000000,0.000000,-0.076000,1286899000.000000,-88758000.000000,154000000.000000,0.000000,8.349000,-127.050000,-125.993000,1450000000.000000,0.000000,181.430000,7.501000,7.438000,1570000000.000000,-3112000000.000000,1646442000.000000,1646442000.000000,591929000.000000,,,,,361291000.000000,654970000.000000,1.000000,257000000.000000,257351000.000000,257351000.000000,6.398000,10340000000.000000,13000000.000000,47979000.000000,0.000000,40.179000
MRQ,2023-03-31,2023-04-30,2023-04-30,2024-Q1,3829004000.000000,48210260000.000000,2025-05-23,42650000.000000,13252796000.000000,,7873093000.000000,5379703000.000000,,22.958000,-68000000.000000,1443651000.000000,1443651000.000000,417000000.000000,0.000000,1.947000,1.230000,3254912000.000000,95008000.000000,3159904000.000000,3254912000.000000,3289750000.000000,94000000.000000,0.000000,0.000000,0.000000,7000000.000000,101000000.000000,0.060000,101000000.000000,7000000.000000,7000000.000000,0.000000,0.000000,0.000000,5941863000.000000,,5941863000.000000,49573025000.000000,-310.000000,178.248000,209000000.000000,0.808000,1.000000,1267000000.000000,0.752000,3124305000.000000,0.000000,7895663000.000000,,0.000000,4885310000.000000,4885310000.000000,0.000000,7310933000.000000,4044089000.000000,3266844000.000000,-439000000.000000,0.000000,1000000.000000,0.000000,0.000000,-2000000.000000,-713000000.000000,-645000000.000000,277000000.000000,-1000000.000000,0.000000,0.000000,0.000000,0.000000,0.000000,0.000000,1287000000.000000,-20000000.000000,113263000.000000,,8.114000,-182.044000,-180.718000,1472776000.000000,0.000000,186.140000,7.457000,7.452000,1089286000.000000,-3111198000.000000,1684000000.000000,1684000000.000000,600000000.000000,,,,,369000000.000000,687000000.000000,1.000000,259000000.000000,258820000.000000,261371000.000000,6.506000,10128491000.000000,0.000000,7000000.000000,0.000000,39.133000
MRQ,2023-06-30,2023-07-31,2023-07-31,2024-Q2,4199735000.000000,61890930000.000000,2025-05-23,-6780000.000000,13735315000.000000,,8381694000.000000,5353621000.000000,,24.023000,-65000000.000000,1435690000.000000,1435690000.000000,448000000.000000,79000000.000000,2.004000,1.189000,3268793000.000000,98810000.000000,3169983000.000000,3268793000.000000,3369461000.000000,95000000.000000,0.000000,0.000000,0.000000,82000000.000000,177000000.000000,0.099000,177000000.000000,82000000.000000,82000000.000000,0.300000,0.300000,0.300000,6274553000.000000,,6274553000.000000,63702191000.000000,-5725.000000,156.758000,360000000.000000,1.378000,1.000000,1339000000.000000,0.749000,3103100000.000000,0.000000,8283359000.000000,,0.000000,5221401000.000000,5221401000.000000,0.000000,7460762000.000000,4181959000.000000,3278803000.000000,-8000000.000000,0.000000,-44000000.000000,0.000000,0.000000,-49000000.000000,-385000000.000000,-320000000.000000,425000000.000000,1000000.000000,79000000.000000,79000000.000000,79000000.000000,0.000000,0.000000,0.044000,1303000000.000000,36000000.000000,88814000.000000,0.000000,9.864000,-508.683000,-494.021000,1483974000.000000,0.000000,237.130000,9.215000,9.221000,1270936000.000000,-3032538000.000000,1787000000.000000,1787000000.000000,610000000.000000,,,,,352000000.000000,693000000.000000,1.000000,261000000.000000,261191000.000000,264435000.000000,6.842000,10632215000.000000,0.000000,3000000.000000,0.000000,40.707000
MRQ,2023-09-30,2023-10-31,2023-10-31,2024-Q3,4544773000.000000,55468020000.000000,2025-05-23,33207000.000000,13925933000.000000,,8574163000.000000,5351770000.000000,,25.271000,-61000000.000000,1563939000.000000,1563939000.000000,445000000.000000,114000000.000000,2.128000,1.102000,3275968000.000000,98325000.000000,3177643000.000000,3275968000.000000,3258796000.000000,93000000.000000,0.000000,0.000000,0.000000,129000000.000000,222000000.000000,0.119000,222000000.000000,129000000.000000,129000000.000000,0.430000,0.430000,0.430000,6624917000.000000,,6624917000.000000,57301123000.000000,409.000000,107.041000,390000000.000000,1.488000,1.000000,1421000000.000000,0.762000,3095706000.000000,0.000000,8512866000.000000,,0.000000,5316045000.000000,5316045000.000000,0.000000,7301016000.000000,4029390000.000000,3271626000.000000,128000000.000000,-9000000.000000,-145000000.000000,0.000000,0.000000,-150000000.000000,-172000000.000000,-102000000.000000,451000000.000000,-1000000.000000,114000000.000000,114000000.000000,114000000.000000,0.000000,0.000000,0.061000,1333000000.000000,88000000.000000,79333000.000000,0.000000,8.373000,827.239000,882.125000,1472527000.000000,0.000000,211.710000,7.943000,7.947000,1224818000.000000,-2918829000.000000,1866000000.000000,1866000000.000000,619000000.000000,,,,,349000000.000000,714000000.000000,1.000000,262000000.000000,262153000.000000,266377000.000000,7.118000,10830227000.000000,0.000000,15000000.000000,0.000000,41.313000
MRQ,2023-12-31,2024-01-31,2024-01-31,2024-Q4,4884000000.000000,76551410000.000000,2025-05-23,21000000.000000,16452000000.000000,,9939000000.000000,6513000000.000000,,30.714000,-49000000.000000,2012000000.000000,2012000000.000000,460000000.000000,1188000000.000000,1.966000,1.036000,3296000000.000000,89000000.000000,3207000000.000000,3296000000.000000,4127000000.000000,95000000.000000,0.000000,0.000000,0.000000,138000000.000000,233000000.000000,0.121000,233000000.000000,138000000.000000,138000000.000000,4.540000,4.480000,4.540000,8082000000.000000,,8082000000.000000,78263439000.000000,220.000000,106.626000,947000000.000000,3.599000,1.000000,1462000000.000000,0.761000,3079000000.000000,0.000000,9602000000.000000,,0.000000,5801000000.000000,5801000000.000000,0.000000,8370000000.000000,5055000000.000000,3315000000.000000,448000000.000000,1000000.000000,-58000000.000000,0.000000,0.000000,-67000000.000000,-481000000.000000,-433000000.000000,996000000.000000,0.000000,1188000000.000000,1188000000.000000,1188000000.000000,0.000000,0.000000,0.618000,1383000000.000000,79000000.000000,78000000.000000,0.000000,9.472000,55.432000,55.127000,1523000000.000000,0.000000,291.070000,10.546000,10.479000,1639000000.000000,-1731000000.000000,1922000000.000000,1922000000.000000,635000000.000000,,,,,345000000.000000,748000000.000000,1.000000,263000000.000000,263135000.000000,268879000.000000,7.304000,13373000000.000000,1065000000.000000,-1050000000.000000,0.000000,50.822000
MRQ,2024-03-31,2024-04-30,2024-04-30,2025-Q1,4446000000.000000,64608720000.000000,2025-05-23,17000000.000000,15941000000.000000,,8874000000.000000,7067000000.000000,,30.869000,-81000000.000000,1752000000.000000,1752000000.000000,489000000.000000,107000000.000000,2.004000,0.953000,3344000000.000000,95000000.000000,3249000000.000000,3344000000.000000,3613000000.000000,100000000.000000,0.000000,0.000000,0.000000,123000000.000000,223000000.000000,0.112000,223000000.000000,123000000.000000,123000000.000000,0.400000,0.400000,0.400000,8163000000.000000,,8163000000.000000,65892720000.000000,140.000000,77.068000,291000000.000000,1.100000,1.000000,1501000000.000000,0.754000,3608000000.000000,0.000000,9497000000.000000,,0.000000,5430000000.000000,5430000000.000000,0.000000,7778000000.000000,4428000000.000000,3350000000.000000,-253000000.000000,-512000000.000000,-128000000.000000,0.000000,0.000000,-367000000.000000,-258000000.000000,335000000.000000,372000000.000000,0.000000,107000000.000000,107000000.000000,107000000.000000,0.000000,0.000000,0.054000,1437000000.000000,64000000.000000,76000000.000000,0.000000,7.915000,43.420000,43.162000,1561000000.000000,0.000000,244.730000,8.540000,8.555000,1133000000.000000,-1624000000.000000,1990000000.000000,1990000000.000000,656000000.000000,,,,,385000000.000000,773000000.000000,1.000000,264000000.000000,264444000.000000,270298000.000000,7.525000,12333000000.000000,1056000000.000000,16000000.000000,0.000000,46.637000
MRQ,2024-06-30,2024-07-31,2024-07-31,2025-Q2,4687000000.000000,60186800000.000000,2025-05-23,19000000.000000,16234000000.000000,,9200000000.000000,7034000000.000000,,31.453000,-55000000.000000,1635000000.000000,1635000000.000000,511000000.000000,132000000.000000,2.039000,0.945000,3364000000.000000,98000000.000000,3266000000.000000,3364000000.000000,3611000000.000000,104000000.000000,0.000000,0.000000,0.000000,168000000.000000,272000000.000000,0.130000,272000000.000000,168000000.000000,168000000.000000,0.500000,0.490000,0.500000,8345000000.000000,,8345000000.000000,61778800000.000000,111.000000,65.030000,516000000.000000,1.945000,1.000000,1574000000.000000,0.755000,3588000000.000000,0.000000,9862000000.000000,,0.000000,5738000000.000000,5738000000.000000,0.000000,7889000000.000000,4513000000.000000,3376000000.000000,-122000000.000000,-10000000.000000,-206000000.000000,0.000000,0.000000,-347000000.000000,-346000000.000000,-281000000.000000,571000000.000000,0.000000,132000000.000000,132000000.000000,132000000.000000,0.000000,0.000000,0.063000,1463000000.000000,111000000.000000,87000000.000000,0.000000,7.212000,39.057000,38.692000,1598000000.000000,0.000000,227.120000,7.654000,7.664000,1292000000.000000,-1492000000.000000,2085000000.000000,2085000000.000000,649000000.000000,,,,,370000000.000000,814000000.000000,1.000000,265000000.000000,265317000.000000,267949000.000000,7.859000,12646000000.000000,1022000000.000000,36000000.000000,0.000000,47.664000
MRQ,2024-09-30,2024-10-31,2024-10-31,2025-Q3,4656000000.000000,61970250000.000000,2025-05-23,16000000.000000,16424000000.000000,,9078000000.000000,7346000000.000000,,32.493000,-49000000.000000,1311000000.000000,1311000000.000000,530000000.000000,193000000.000000,2.053000,0.904000,3363000000.000000,102000000.000000,3261000000.000000,3363000000.000000,3511000000.000000,107000000.000000,0.000000,0.000000,0.000000,227000000.000000,334000000.000000,0.155000,334000000.000000,227000000.000000,227000000.000000,0.730000,0.720000,0.730000,8624000000.000000,,8624000000.000000,63699250000.000000,97.000000,59.980000,357000000.000000,1.345000,1.000000,1630000000.000000,0.755000,3862000000.000000,0.000000,10192000000.000000,,0.000000,5846000000.000000,5846000000.000000,0.000000,7800000000.000000,4422000000.000000,3378000000.000000,-326000000.000000,-302000000.000000,-158000000.000000,0.000000,0.000000,-282000000.000000,-450000000.000000,-99000000.000000,406000000.000000,0.000000,193000000.000000,193000000.000000,193000000.000000,0.000000,0.000000,0.089000,1465000000.000000,165000000.000000,74000000.000000,0.000000,7.186000,38.253000,37.901000,1598000000.000000,0.000000,233.850000,7.597000,7.609000,1404000000.000000,-1299000000.000000,2160000000.000000,2160000000.000000,647000000.000000,,,,,368000000.000000,818000000.000000,1.000000,265000000.000000,265411000.000000,268549000.000000,8.138000,12562000000.000000,1031000000.000000,34000000.000000,0.000000,47.330000
MRQ,2024-12-31,2025-01-31,2025-01-31,2025-Q4,4997000000.000000,69707960000.000000,2025-05-23,84000000.000000,17977000000.000000,,10545000000.000000,7432000000.000000,,33.983000,-86000000.000000,1543000000.000000,1543000000.000000,539000000.000000,94000000.000000,1.901000,0.990000,3362000000.000000,99000000.000000,3263000000.000000,3362000000.000000,4547000000.000000,117000000.000000,0.000000,0.000000,0.000000,120000000.000000,237000000.000000,0.107000,237000000.000000,120000000.000000,120000000.000000,0.350000,0.340000,0.350000,9034000000.000000,,9034000000.000000,71759960000.000000,112.000000,67.254000,1026000000.000000,3.859000,1.000000,1672000000.000000,0.756000,3839000000.000000,0.000000,10409000000.000000,,0.000000,6474000000.000000,6474000000.000000,0.000000,8943000000.000000,5548000000.000000,3395000000.000000,231000000.000000,-1000000.000000,-23000000.000000,0.000000,0.000000,-154000000.000000,-727000000.000000,-640000000.000000,1112000000.000000,0.000000,94000000.000000,94000000.000000,94000000.000000,0.000000,0.000000,0.043000,1597000000.000000,75000000.000000,108000000.000000,0.000000,7.716000,132.525000,132.354000,1575000000.000000,0.000000,262.060000,8.253000,8.230000,1950000000.000000,-1205000000.000000,2211000000.000000,2211000000.000000,674000000.000000,,,,,397000000.000000,839000000.000000,1.000000,266000000.000000,265842000.000000,270012000.000000,8.317000,14138000000.000000,1039000000.000000,26000000.000000,0.000000,53.182000
MRQ,2025-03-31,2025-04-30,2025-04-30,2026-Q1,5142000000.000000,65170000000.000000,2025-05-23,-44000000.000000,17212000000.000000,,9963000000.000000,7249000000.000000,,33.465000,-36000000.000000,972000000.000000,972000000.000000,537000000.000000,68000000.000000,2.067000,0.930000,3393000000.000000,98000000.000000,3295000000.000000,3393000000.000000,3877000000.000000,111000000.000000,0.000000,0.000000,0.000000,103000000.000000,214000000.000000,0.096000,214000000.000000,103000000.000000,103000000.000000,0.250000,0.250000,0.250000,8919000000.000000,,8919000000.000000,66989000000.000000,108.000000,63.377000,421000000.000000,1.580000,1.000000,1703000000.000000,0.760000,3818000000.000000,0.000000,10994000000.000000,,0.000000,6998000000.000000,6998000000.000000,0.000000,8293000000.000000,4821000000.000000,3472000000.000000,-566000000.000000,0.000000,-290000000.000000,0.000000,0.000000,-501000000.000000,-523000000.000000,-487000000.000000,457000000.000000,1000000.000000,68000000.000000,68000000.000000,68000000.000000,0.000000,0.000000,0.030000,1664000000.000000,39000000.000000,92000000.000000,0.000000,7.307000,133.819000,133.880000,1495000000.000000,0.000000,245.000000,7.494000,7.509000,1363000000.000000,-1137000000.000000,2240000000.000000,2240000000.000000,663000000.000000,,,,,459000000.000000,835000000.000000,1.000000,266000000.000000,266516000.000000,270296000.000000,8.405000,13394000000.000000,1013000000.000000,35000000.000000,0.000000,50.256000
MRT,2009-12-31,2009-12-31,2009-12-31,2009-Q4,,,2025-05-23,,,,,,,,-4229000.000000,,,20505000.000000,-49942000.000000,,,,,,,,3262000.000000,,,0.000000,-49851000.000000,-46589000.000000,-1.845000,-46589000.000000,-49851000.000000,-49851000.000000,-2.280000,-2.280000,-2.280000,,,,,,,-34357000.000000,-1.567000,1.000000,4740000.000000,0.188000,,0.000000,,,,,,,,,,32045000.000000,0.000000,1149000.000000,0.000000,0.000000,76704000.000000,-14527000.000000,-10298000.000000,-30128000.000000,-4000.000000,-49942000.000000,-49942000.000000,-49942000.000000,0.000000,0.000000,-1.978000,56135000.000000,-51395000.000000,,0.000000,,,,,0.000000,,,,,,25245000.000000,25245000.000000,30045000.000000,,,,-1.975000,896000.000000,26090000.000000,1.000000,,21922000.000000,21922000.000000,1.152000,,,91000.000000,,
MRT,2010-12-31,2010-12-31,2010-12-31,2010-Q4,-4065000.000000,,2025-05-23,3000.000000,100605000.000000,,67275000.000000,33330000.000000,,-3.849000,-3662000.000000,30887000.000000,30887000.000000,39864000.000000,-56215000.000000,0.943000,-1.257000,4160000.000000,1665000.000000,2495000.000000,4160000.000000,97404000.000000,5313000.000000,0.000000,,0.000000,-56118000.000000,-50805000.000000,-0.747000,-50805000.000000,-56118000.000000,-56118000.000000,-2.220000,-2.220000,-2.220000,-97639000.000000,,-97639000.000000,,,,-18997000.000000,-0.749000,1.000000,28191000.000000,0.414000,8676000.000000,0.000000,-6138000.000000,,0.000000,4498000.000000,4498000.000000,0.000000,122689000.000000,71340000.000000,51349000.000000,-3485000.000000,0.000000,626000.000000,-952000.000000,0.000000,-326000.000000,12167000.000000,15829000.000000,-15335000.000000,9000.000000,-56215000.000000,-56215000.000000,-56215000.000000,0.000000,0.000000,-0.826000,84252000.000000,-56061000.000000,1145000.000000,0.000000,,,,12896000.000000,0.000000,,,,21364000.000000,-196701000.000000,68055000.000000,68055000.000000,39175000.000000,,,,-0.825000,1702000.000000,45077000.000000,1.000000,,25367000.000000,25367000.000000,2.683000,91929000.000000,0.000000,97000.000000,0.000000,3.624000
MRT,2011-09-30,2011-10-31,2011-10-31,2011-Q3,,,2025-05-23,,,,,,,,,,,,,,,,,,,,,,,0.000000,,,,,,,,,,,,,,,,,,1.000000,,,,,,,,,,,,,,,,,,,,,,,,,,,,,,,,,,,,,,,,,,,,,,,,,,,,,1.000000,,29779000.000000,,,,,,,
MRT,2011-12-31,2012-01-31,2012-01-31,2012-Q4,37934000.000000,,2025-05-23,3000.000000,232638000.000000,,183172000.000000,49466000.000000,,-5.956000,-4999000.000000,57529000.000000,57529000.000000,65368000.000000,-79629000.000000,1.261000,-1.352000,15716000.000000,7075000.000000,8641000.000000,15716000.000000,188097000.000000,9319000.000000,0.000000,,0.000000,-79462000.000000,-70143000.000000,-0.522000,-70143000.000000,-79462000.000000,-79462000.000000,-2.710000,-2.710000,-2.710000,-175561000.000000,,-175561000.000000,,,,-18773000.000000,-0.637000,1.000000,69059000.000000,0.514000,8578000.000000,0.000000,37009000.000000,,0.000000,53634000.000000,53634000.000000,0.000000,237293000.000000,145238000.000000,92055000.000000,27017000.000000,0.000000,6265000.000000,-4296000.000000,0.000000,96978000.000000,-56195000.000000,-51196000.000000,-13774000.000000,8000.000000,-79629000.000000,-79971000.000000,-79971000.000000,0.000000,0.000000,-0.595000,147503000.000000,-78444000.000000,2730000.000000,0.000000,,,,25861000.000000,342000.000000,,,,54467000.000000,-282122000.000000,134427000.000000,134427000.000000,62014000.000000,,,,-0.591000,4182000.000000,85489000.000000,1.000000,,29478000.000000,29478000.000000,4.560000,224060000.000000,0.000000,167000.000000,0.000000,7.601000
MRT,2012-03-31,2012-04-30,2012-04-30,2013-Q1,,,2025-05-23,,,,,,,,,,,,,,,,,,,,,,,0.000000,,,,,,,,,,,,,,,,,,1.000000,,,,,,,,,,,,,,,,,,,,,,,,,,,,,,,,,,,,,,,,,,,,,,,,,,,,,1.000000,,33011000.000000,,,,,,,
MRT,2012-06-30,2012-07-31,2012-07-31,2013-Q2,14323000.000000,,2025-05-23,25000.000000,267155000.000000,,209897000.000000,57258000.000000,,-6.267000,-9922000.000000,36741000.000000,36741000.000000,91364000.000000,-90253000.000000,1.073000,-1.440000,16087000.000000,8219000.000000,7868000.000000,16087000.000000,247471000.000000,13068000.000000,0.000000,,0.000000,-90209000.000000,-77141000.000000,-0.387000,-77141000.000000,-90209000.000000,-90209000.000000,-2.830000,-2.830000,-2.830000,-217690000.000000,,-217690000.000000,,,,-7443000.000000,-0.214000,1.000000,107764000.000000,0.541000,8532000.000000,0.000000,42395000.000000,,0.000000,85910000.000000,85910000.000000,0.000000,313532000.000000,195574000.000000,117958000.000000,14330000.000000,0.000000,10225000.000000,-6088000.000000,0.000000,99146000.000000,-87292000.000000,-77370000.000000,2479000.000000,-3000.000000,-90253000.000000,-90989000.000000,-90989000.000000,0.000000,0.000000,-0.457000,196614000.000000,-88850000.000000,3366000.000000,0.000000,,,,29406000.000000,736000.000000,,,,68481000.000000,-329465000.000000,199128000.000000,199128000.000000,79029000.000000,,,,-0.453000,6265000.000000,117585000.000000,1.000000,160290031.000000,34734000.000000,34734000.000000,5.733000,258623000.000000,0.000000,44000.000000,0.000000,7.446000
MRT,2012-09-30,2012-10-31,2012-10-31,2013-Q3,666760000.000000,7774066504.000000,2025-05-23,32000.000000,950148000.000000,,881654000.000000,68494000.000000,,9.934000,-8060000.000000,442980000.000000,442980000.000000,103879000.000000,-111832000.000000,4.103000,0.544000,27013000.000000,9580000.000000,17433000.000000,27013000.000000,252163000.000000,15007000.000000,0.000000,0.000000,0.000000,-111756000.000000,-96749000.000000,-0.411000,-96749000.000000,-111756000.000000,-111756000.000000,-2.840000,-2.840000,-2.840000,615501000.000000,,615501000.000000,7753412504.000000,-69.000000,-80.139000,-9428000.000000,-0.152000,1.000000,131417000.000000,0.559000,8509000.000000,0.000000,310778000.000000,,0.000000,354397000.000000,354397000.000000,0.000000,334647000.000000,214894000.000000,119753000.000000,344929000.000000,0.000000,696772000.000000,-7260000.000000,0.000000,703048000.000000,-356752000.000000,-348692000.000000,-1368000.000000,1000.000000,-111832000.000000,-112657000.000000,-112657000.000000,0.000000,0.000000,-0.479000,241693000.000000,-110276000.000000,3481000.000000,0.000000,12.630000,-69.007000,-17.077000,39760000.000000,825000.000000,48.500000,33.040000,12.771000,61099000.000000,-370936000.000000,235296000.000000,235296000.000000,90700000.000000,,,,-0.475000,11307000.000000,150993000.000000,1.000000,160290031.000000,61960000.000000,61960000.000000,3.798000,941639000.000000,0.000000,76000.000000,0.000000,15.198000
MRT,2012-12-31,2013-01-31,2013-01-31,2013-Q4,629528000.000000,8867720000.000000,2025-05-23,68000.000000,959080000.000000,595859000.000000,884302000.000000,74778000.000000,0.459000,8.003000,-15898000.000000,84158000.000000,84158000.000000,116535000.000000,-119190000.000000,3.471000,0.619000,24980000.000000,12008000.000000,12972000.000000,24980000.000000,285260000.000000,17722000.000000,0.000000,0.000000,0.000000,-119066000.000000,-101344000.000000,-0.370000,-101344000.000000,-119066000.000000,-119066000.000000,-1.620000,-1.620000,-1.620000,592283000.000000,208361000.000000,592283000.000000,8451753000.000000,-71.000000,-83.397000,-4684000.000000,-0.063000,1.000000,157122000.000000,0.574000,8488000.000000,0.000000,636640000.000000,336824500.000000,0.000000,706181000.000000,706181000.000000,0.000000,366797000.000000,254774000.000000,112023000.000000,26629000.000000,0.000000,694990000.000000,-9453000.000000,0.000000,685537000.000000,-670118000.000000,-654220000.000000,11214000.000000,-4000.000000,-119190000.000000,-119758000.000000,-119758000.000000,0.000000,0.000000,-0.438000,274985000.000000,-117863000.000000,2665000.000000,0.000000,14.972000,-74.047000,-32.975000,44585000.000000,568000.000000,53.420000,32.405000,14.448000,67437000.000000,-401880000.000000,273657000.000000,273657000.000000,102665000.000000,-0.201000,-0.575000,-0.353000,-0.435000,15328000.000000,172320000.000000,1.000000,166000000.000000,74011000.000000,74011000.000000,3.698000,950592000.000000,0.000000,124000.000000,0.000000,12.844000
MRT,2013-03-31,2013-04-30,2013-04-30,2014-Q1,584552000.000000,10399900000.000000,2025-05-23,65000.000000,981255000.000000,789409500.000000,893684000.000000,87571000.000000,0.391000,3.402000,-15596000.000000,219264000.000000,219264000.000000,128144000.000000,-132150000.000000,2.891000,0.716000,21342000.000000,11179000.000000,10163000.000000,21342000.000000,300938000.000000,20757000.000000,0.000000,0.000000,0.000000,-131954000.000000,-111197000.000000,-0.360000,-111197000.000000,-131954000.000000,-131954000.000000,-1.210000,-1.210000,-1.210000,571785000.000000,390469750.000000,571785000.000000,10340722000.000000,-78.000000,-92.995000,220000.000000,0.001000,1.000000,180340000.000000,0.585000,8488000.000000,0.000000,465713000.000000,363881500.000000,0.000000,586503000.000000,586503000.000000,0.000000,409470000.000000,309132000.000000,100338000.000000,189723000.000000,0.000000,698850000.000000,-11440000.000000,0.000000,687418000.000000,-513413000.000000,-497907000.000000,15816000.000000,-98000.000000,-132150000.000000,-132517000.000000,-132517000.000000,0.000000,0.000000,-0.430000,310870000.000000,-130530000.000000,16408000.000000,0.000000,18.188000,-78.480000,-51.777000,54197000.000000,367000.000000,62.650000,33.713000,34.134000,60345000.000000,-434895000.000000,308484000.000000,308484000.000000,118161000.000000,-0.168000,-0.339000,-0.363000,-0.428000,21299000.000000,192709000.000000,1.000000,166000000.000000,168074000.000000,168074000.000000,1.835000,972767000.000000,0.000000,196000.000000,0.000000,5.788000
MRT,2013-06-30,2013-07-31,2013-07-31,2014-Q2,1084674000.000000,11814170000.000000,2025-05-23,111000.000000,1505973000.000000,1099114000.000000,1395395000.000000,110578000.000000,0.321000,3.684000,-41523000.000000,437432000.000000,437432000.000000,140633000.000000,-141247000.000000,4.491000,1.358000,476256000.000000,10720000.000000,465536000.000000,476256000.000000,325618000.000000,24865000.000000,0.000000,0.000000,0.000000,-140719000.000000,-115854000.000000,-0.328000,-115854000.000000,-140719000.000000,-140719000.000000,-0.640000,-0.640000,-0.640000,638741000.000000,604577500.000000,638741000.000000,11616248000.000000,-83.000000,-100.266000,-40547000.000000,-0.234000,1.000000,212704000.000000,0.602000,8488000.000000,0.000000,1225588000.000000,659679750.000000,0.000000,857169000.000000,857169000.000000,0.000000,867232000.000000,310721000.000000,556511000.000000,400691000.000000,0.000000,787243000.000000,571693000.000000,0.000000,1215287000.000000,-815487000.000000,-774054000.000000,976000.000000,-85000.000000,-141247000.000000,-141408000.000000,-141408000.000000,0.000000,0.000000,-0.400000,349157000.000000,-136453000.000000,6337000.000000,0.000000,18.496000,-83.547000,-106.703000,64097000.000000,161000.000000,68.290000,33.436000,33.508000,66972000.000000,-470873000.000000,353337000.000000,353337000.000000,135777000.000000,-0.129000,-0.234000,-0.213000,-0.398000,28799000.000000,213380000.000000,1.000000,173000000.000000,173375000.000000,173375000.000000,2.038000,1497485000.000000,0.000000,528000.000000,0.000000,8.637000
MRT,2013-09-30,2013-10-31,2013-10-31,2014-Q3,1043900000.000000,13027380000.000000,2025-05-23,184000.000000,1528185000.000000,1243623250.000000,1405602000.000000,122583000.000000,0.329000,3.518000,-57479000.000000,183460000.000000,183460000.000000,159030000.000000,-147471000.000000,3.886000,1.491000,478682000.000000,10044000.000000,468638000.000000,478682000.000000,351769000.000000,29765000.000000,0.000000,0.000000,0.000000,-146779000.000000,-117014000.000000,-0.286000,-117014000.000000,-146779000.000000,-146779000.000000,-0.240000,-0.240000,-0.240000,613402000.000000,604052750.000000,613402000.000000,13066204000.000000,-89.000000,-111.664000,-40069000.000000,-0.230000,1.000000,249561000.000000,0.611000,8488000.000000,0.000000,1453217000.000000,945289500.000000,0.000000,1099235000.000000,1099235000.000000,0.000000,914783000.000000,361702000.000000,553081000.000000,-259520000.000000,0.000000,101668000.000000,571245000.000000,0.000000,529305000.000000,-806176000.000000,-748787000.000000,17410000.000000,-59000.000000,-147471000.000000,-147471000.000000,-147471000.000000,0.000000,0.000000,-0.361000,385545000.000000,-135984000.000000,8228000.000000,0.000000,21.238000,-88.339000,-311.958000,73960000.000000,0.000000,74.870000,31.884000,31.954000,86961000.000000,-518407000.000000,408591000.000000,408591000.000000,157051000.000000,-0.119000,-0.244000,-0.155000,-0.359000,42330000.000000,228494000.000000,1.000000,174000000.000000,174385000.000000,174385000.000000,2.343000,1519697000.000000,0.000000,692000.000000,0.000000,8.715000
MRT,2013-12-31,2014-01-31,2014-01-31,2014-Q4,1601768000.000000,15669500000.000000,2025-05-23,269000.000000,2176265000.000000,1547919500.000000,2023658000.000000,152607000.000000,0.303000,6.931000,-75725000.000000,581326000.000000,581326000.000000,176810000.000000,-172509000.000000,4.797000,0.833000,481378000.000000,9377000.000000,472001000.000000,481378000.000000,413565000.000000,34695000.000000,0.000000,0.000000,0.000000,-170831000.000000,-136136000.000000,-0.290000,-136136000.000000,-170831000.000000,-170831000.000000,-1.010000,-1.010000,-1.010000,1187217000.000000,752786250.000000,1187217000.000000,15964722000.000000,-93.000000,-117.270000,-29462000.000000,-0.172000,1.000000,292128000.000000,0.623000,8488000.000000,0.000000,1645939000.000000,1197614250.000000,0.000000,1305253000.000000,1305253000.000000,0.000000,989048000.000000,421890000.000000,567158000.000000,497168000.000000,0.000000,704835000.000000,572162000.000000,0.000000,1133610000.000000,-682633000.000000,-605998000.000000,46263000.000000,-72000.000000,-172509000.000000,-172509000.000000,-172509000.000000,0.000000,0.000000,-0.368000,445410000.000000,-153282000.000000,6212000.000000,0.000000,13.199000,-90.833000,-88.653000,77664000.000000,0.000000,89.540000,33.415000,32.708000,92184000.000000,-574389000.000000,468938000.000000,468938000.000000,182116000.000000,-0.111000,-0.229000,-0.143000,-0.364000,61851000.000000,263294000.000000,1.000000,175000000.000000,171297000.000000,171297000.000000,2.738000,2167777000.000000,0.000000,1678000.000000,0.000000,12.655000
MRT,2014-03-31,2014-04-30,2014-04-30,2015-Q1,1526573000.000000,13444880000.000000,2025-05-23,481000.000000,2206690000.000000,1854278250.000000,2013893000.000000,192797000.000000,0.290000,6.311000,-83703000.000000,246001000.000000,246001000.000000,197530000.000000,-198883000.000000,4.133000,0.910000,484034000.000000,8442000.000000,475592000.000000,484034000.000000,461943000.000000,40649000.000000,0.000000,0.000000,0.000000,-197033000.000000,-156384000.000000,-0.291000,-156384000.000000,-197033000.000000,-197033000.000000,-1.130000,-1.130000,-1.130000,1155436000.000000,898699000.000000,1155436000.000000,13344932000.000000,-68.000000,-85.334000,-33053000.000000,-0.181000,1.000000,339500000.000000,0.632000,35679000.000000,0.000000,1921724000.000000,1561617000.000000,0.000000,1619950000.000000,1619950000.000000,0.000000,1051254000.000000,487320000.000000,563934000.000000,26737000.000000,-26317000.000000,698259000.000000,573171000.000000,0.000000,1128095000.000000,-1152061000.000000,-1042041000.000000,50650000.000000,53000.000000,-198883000.000000,-198883000.000000,-198883000.000000,0.000000,0.000000,-0.370000,512241000.000000,-172741000.000000,12033000.000000,0.000000,11.636000,-67.602000,-64.664000,89125000.000000,0.000000,73.070000,25.036000,24.911000,99136000.000000,-633778000.000000,537030000.000000,537030000.000000,211005000.000000,-0.107000,-0.221000,-0.126000,-0.367000,83309000.000000,301236000.000000,1.000000,184000000.000000,183084000.000000,183084000.000000,2.933000,2171011000.000000,0.000000,1850000.000000,0.000000,11.858000
MRT,2014-06-30,2014-07-31,2014-07-31,2015-Q2,1491345000.000000,15510400000.000000,2025-05-23,-37000.000000,2194898000.000000,2026509500.000000,1980810000.000000,214088000.000000,0.304000,6.179000,-82380000.000000,262634000.000000,262634000.000000,222416000.000000,-232120000.000000,4.047000,0.927000,485097000.000000,5133000.000000,479964000.000000,485097000.000000,481473000.000000,47072000.000000,0.000000,0.000000,0.000000,-229993000.000000,-182921000.000000,-0.297000,-182921000.000000,-229993000.000000,-229993000.000000,-1.300000,-1.300000,-1.300000,1138841000.000000,1023724000.000000,1138841000.000000,15748433000.000000,-68.000000,-86.094000,-27825000.000000,-0.151000,1.000000,393839000.000000,0.639000,35379000.000000,0.000000,1892517000.000000,1728349250.000000,0.000000,1559748000.000000,1559748000.000000,0.000000,1056057000.000000,489465000.000000,566592000.000000,-174798000.000000,-26317000.000000,615326000.000000,-12603000.000000,0.000000,603045000.000000,-832436000.000000,-723739000.000000,54555000.000000,38000.000000,-232120000.000000,-232120000.000000,-232120000.000000,0.000000,0.000000,-0.377000,596066000.000000,-202227000.000000,6561000.000000,0.000000,13.619000,-66.821000,-64.492000,105855000.000000,0.000000,83.840000,25.169000,25.076000,100534000.000000,-702993000.000000,616255000.000000,616255000.000000,247301000.000000,-0.115000,-0.227000,-0.133000,-0.373000,114308000.000000,348765000.000000,1.000000,185000000.000000,184319000.000000,184319000.000000,3.343000,2159519000.000000,0.000000,2127000.000000,0.000000,11.716000
MRT,2014-09-30,2014-10-31,2014-10-31,2015-Q3,1472113000.000000,17759280000.000000,2025-05-23,64000.000000,2232318000.000000,2202542750.000000,2009746000.000000,222572000.000000,0.319000,6.127000,-93322000.000000,192142000.000000,192142000.000000,245614000.000000,-244498000.000000,3.738000,0.977000,489536000.000000,4681000.000000,484855000.000000,489536000.000000,508131000.000000,53393000.000000,0.000000,0.000000,0.000000,-242214000.000000,-188821000.000000,-0.268000,-188821000.000000,-242214000.000000,-242214000.000000,-1.360000,-1.360000,-1.360000,1129216000.000000,1152677500.000000,1129216000.000000,17981743000.000000,-74.000000,-95.232000,-4801000.000000,-0.026000,1.000000,457839000.000000,0.651000,35079000.000000,0.000000,1957000000.000000,1854295000.000000,0.000000,1642517000.000000,1642517000.000000,0.000000,1103102000.000000,537633000.000000,565469000.000000,8682000.000000,-26317000.000000,615941000.000000,-10909000.000000,0.000000,605404000.000000,-685066000.000000,-565427000.000000,88521000.000000,-177000.000000,-244498000.000000,-244498000.000000,-244498000.000000,0.000000,0.000000,-0.348000,671133000.000000,-213294000.000000,9610000.000000,0.000000,15.727000,-72.636000,-70.206000,116640000.000000,0.000000,95.480000,25.246000,25.016000,118943000.000000,-762905000.000000,703453000.000000,703453000.000000,283222000.000000,-0.111000,-0.212000,-0.131000,-0.344000,141633000.000000,387911000.000000,1.000000,186000000.000000,184310000.000000,184310000.000000,3.817000,2197239000.000000,0.000000,2284000.000000,0.000000,11.921000
MRT,2014-12-31,2015-01-31,2015-01-31,2015-Q4,1467122000.000000,14859020000.000000,2025-05-23,-140000.000000,2350090000.000000,2245999000.000000,2108387000.000000,241703000.000000,0.351000,6.129000,-103646000.000000,298192000.000000,298192000.000000,264803000.000000,-247982000.000000,3.288000,1.087000,485165000.000000,3207000.000000,481958000.000000,485165000.000000,632744000.000000,59205000.000000,0.000000,0.000000,0.000000,-245972000.000000,-186767000.000000,-0.237000,-186767000.000000,-245972000.000000,-245972000.000000,-1.350000,-1.350000,-1.350000,1125975000.000000,1137367000.000000,1125975000.000000,15156414000.000000,-62.000000,-81.151000,-1643000.000000,-0.009000,1.000000,523057000.000000,0.664000,34779000.000000,0.000000,1861019000.000000,1908065000.000000,0.000000,1559517000.000000,1559517000.000000,0.000000,1224115000.000000,641265000.000000,582850000.000000,-283134000.000000,-26317000.000000,27948000.000000,-9759000.000000,0.000000,19455000.000000,-404167000.000000,-275204000.000000,102003000.000000,-425000.000000,-247982000.000000,-247982000.000000,-247982000.000000,0.000000,0.000000,-0.315000,738759000.000000,-215702000.000000,10623000.000000,0.000000,13.197000,-59.920000,-58.859000,140136000.000000,0.000000,79.460000,18.860000,18.527000,188357000.000000,-822371000.000000,787860000.000000,787860000.000000,316868000.000000,-0.110000,-0.218000,-0.129000,-0.312000,156048000.000000,421891000.000000,1.000000,187000000.000000,183702000.000000,183702000.000000,4.289000,2315311000.000000,0.000000,2010000.000000,0.000000,12.604000
MRT,2015-03-31,2015-04-30,2015-04-30,2016-Q1,1454439000.000000,17238690000.000000,2025-05-23,-279000.000000,2382561000.000000,2289966750.000000,2120993000.000000,261568000.000000,0.384000,5.956000,-122093000.000000,270484000.000000,270484000.000000,285298000.000000,-250151000.000000,3.182000,1.135000,497989000.000000,1759000.000000,496230000.000000,497989000.000000,653423000.000000,65251000.000000,0.000000,0.000000,0.000000,-247530000.000000,-182279000.000000,-0.207000,-182279000.000000,-247530000.000000,-247530000.000000,-1.360000,-1.360000,-1.360000,1116027000.000000,1127514750.000000,1116027000.000000,17434206000.000000,-70.000000,-95.646000,50412000.000000,0.269000,1.000000,593782000.000000,0.675000,34479000.000000,0.000000,1909033000.000000,1904892250.000000,0.000000,1651051000.000000,1651051000.000000,0.000000,1266534000.000000,666554000.000000,599980000.000000,24483000.000000,0.000000,33523000.000000,-8463000.000000,0.000000,26683000.000000,-174289000.000000,-52196000.000000,172505000.000000,-416000.000000,-250151000.000000,-250151000.000000,-250151000.000000,0.000000,0.000000,-0.285000,810805000.000000,-217023000.000000,13320000.000000,0.000000,15.446000,-68.913000,-67.066000,154537000.000000,0.000000,91.210000,19.610000,19.443000,128493000.000000,-883929000.000000,879080000.000000,879080000.000000,351032000.000000,-0.109000,-0.222000,-0.130000,-0.282000,174448000.000000,459773000.000000,1.000000,189000000.000000,187390000.000000,187390000.000000,4.691000,2348082000.000000,0.000000,2621000.000000,0.000000,12.530000
MRT,2015-06-30,2015-07-31,2015-07-31,2016-Q2,1434257000.000000,16107030000.000000,2025-05-23,320000.000000,2443884000.000000,2352213250.000000,2140528000.000000,303356000.000000,0.415000,5.978000,-119153000.000000,230578000.000000,230578000.000000,311737000.000000,-250357000.000000,3.031000,1.159000,502788000.000000,743000.000000,502045000.000000,502788000.000000,683088000.000000,70665000.000000,0.000000,0.000000,0.000000,-250227000.000000,-179562000.000000,-0.184000,-179562000.000000,-250227000.000000,-250227000.000000,-1.350000,-1.350000,-1.350000,1131975000.000000,1125798250.000000,1131975000.000000,16334535000.000000,-65.000000,-90.969000,77551000.000000,0.410000,1.000000,663259000.000000,0.680000,42953000.000000,0.000000,1966870000.000000,1923480500.000000,0.000000,1676351000.000000,1676351000.000000,0.000000,1311909000.000000,706271000.000000,605638000.000000,-32056000.000000,-7961000.000000,40810000.000000,-5061000.000000,0.000000,37734000.000000,-265883000.000000,-138769000.000000,196704000.000000,-611000.000000,-250357000.000000,-250357000.000000,-250357000.000000,0.000000,0.000000,-0.257000,886153000.000000,-222894000.000000,23668000.000000,0.000000,14.229000,-64.336000,-62.467000,172701000.000000,0.000000,84.330000,16.520000,16.378000,156282000.000000,-953350000.000000,974996000.000000,974996000.000000,388913000.000000,-0.106000,-0.222000,-0.130000,-0.257000,198430000.000000,497240000.000000,1.000000,191000000.000000,189360000.000000,189360000.000000,5.149000,2400931000.000000,0.000000,130000.000000,0.000000,12.679000
MRT,2015-09-30,2015-10-31,2015-10-31,2016-Q3,1405394000.000000,15162240000.000000,2025-05-23,-54000.000000,2511153000.000000,2421922000.000000,2157075000.000000,354078000.000000,0.440000,5.901000,-129347000.000000,219893000.000000,219893000.000000,341702000.000000,-268256000.000000,2.870000,1.231000,508027000.000000,80000.000000,507947000.000000,508027000.000000,718025000.000000,77243000.000000,0.000000,0.000000,0.000000,-267610000.000000,-190367000.000000,-0.179000,-190367000.000000,-267610000.000000,-267610000.000000,-1.430000,-1.430000,-1.430000,1125527000.000000,1124876000.000000,1125527000.000000,15434450000.000000,-58.000000,-81.077000,79074000.000000,0.415000,1.000000,723490000.000000,0.679000,70353000.000000,0.000000,1977253000.000000,1928543750.000000,0.000000,1676454000.000000,1676454000.000000,0.000000,1385626000.000000,751681000.000000,633945000.000000,27751000.000000,-31436000.000000,40555000.000000,-4601000.000000,0.000000,38094000.000000,-217937000.000000,-57154000.000000,208421000.000000,-827000.000000,-268256000.000000,-268256000.000000,-268256000.000000,0.000000,0.000000,-0.252000,965092000.000000,-241602000.000000,16953000.000000,0.000000,13.471000,-56.522000,-55.224000,195004000.000000,0.000000,78.970000,14.234000,14.140000,170851000.000000,-1031161000.000000,1065192000.000000,1065192000.000000,427663000.000000,-0.111000,-0.238000,-0.139000,-0.251000,220081000.000000,537429000.000000,1.000000,192000000.000000,190727000.000000,190727000.000000,5.585000,2440800000.000000,0.000000,646000.000000,0.000000,12.797000
MRT,2015-12-31,2016-01-31,2016-01-31,2016-Q4,1439629000.000000,12223940000.000000,2025-05-23,799000.000000,2730094000.000000,2516923000.000000,2362308000.000000,367786000.000000,0.460000,5.979000,-133667000.000000,300087000.000000,300087000.000000,374427000.000000,-275048000.000000,2.560000,1.403000,507476000.000000,0.000000,507476000.000000,507476000.000000,899729000.000000,85939000.000000,0.000000,0.000000,0.000000,-274031000.000000,-188092000.000000,-0.163000,-188092000.000000,-274031000.000000,-274031000.000000,-1.450000,-1.450000,-1.450000,1136157000.000000,1127421500.000000,1136157000.000000,12512074000.000000,-46.000000,-66.521000,124970000.000000,0.658000,1.000000,782263000.000000,0.676000,65816000.000000,0.000000,1948988000.000000,1950536000.000000,0.000000,1669372000.000000,1669372000.000000,0.000000,1593937000.000000,922679000.000000,671258000.000000,1895000.000000,-31436000.000000,45656000.000000,0.000000,0.000000,44109000.000000,-300147000.000000,-134284000.000000,258637000.000000,-704000.000000,-275048000.000000,-275048000.000000,-275048000.000000,0.000000,0.000000,-0.238000,1032052000.000000,-249789000.000000,19605000.000000,0.000000,10.759000,-44.443000,-43.455000,214158000.000000,0.000000,63.010000,10.568000,10.351000,293407000.000000,-1112289000.000000,1156690000.000000,1156690000.000000,469944000.000000,-0.109000,-0.244000,-0.140000,-0.237000,249970000.000000,562108000.000000,1.000000,194000000.000000,190016000.000000,190016000.000000,6.087000,2664278000.000000,0.000000,1017000.000000,0.000000,14.021000
MRT,2016-03-31,2016-04-30,2016-04-30,2017-Q1,1401879000.000000,14621100000.000000,2025-05-23,-9032000.000000,2776153000.000000,2615321000.000000,2372131000.000000,404022000.000000,0.479000,5.799000,-139825000.000000,404604000.000000,404604000.000000,405140000.000000,-291993000.000000,2.445000,1.461000,514075000.000000,0.000000,514075000.000000,514075000.000000,926056000.000000,93494000.000000,0.000000,0.000000,0.000000,-290759000.000000,-197265000.000000,-0.157000,-197265000.000000,-290759000.000000,-290759000.000000,-1.530000,-1.530000,-1.530000,1128156000.000000,1130453750.000000,1128156000.000000,14828489000.000000,-51.000000,-75.170000,189430000.000000,0.974000,1.000000,848270000.000000,0.677000,64887000.000000,0.000000,1850485000.000000,1935899000.000000,0.000000,1675486000.000000,1675486000.000000,0.000000,1647997000.000000,970252000.000000,677745000.000000,135471000.000000,-31436000.000000,45473000.000000,1448000.000000,0.000000,45333000.000000,-239003000.000000,-48384000.000000,329255000.000000,-114000.000000,-291993000.000000,-291993000.000000,-291993000.000000,0.000000,0.000000,-0.233000,1116185000.000000,-267915000.000000,18975000.000000,0.000000,12.960000,-50.073000,-49.007000,254697000.000000,0.000000,74.980000,11.665000,11.637000,193100000.000000,-1192911000.000000,1253410000.000000,1253410000.000000,512387000.000000,-0.112000,-0.258000,-0.150000,-0.232000,280931000.000000,603798000.000000,1.000000,195000000.000000,194529000.000000,194529000.000000,6.443000,2711266000.000000,0.000000,1234000.000000,0.000000,13.938000
MRT,2016-06-30,2016-07-31,2016-07-31,2017-Q2,1422537000.000000,16417980000.000000,2025-05-23,-2588000.000000,2829804000.000000,2711801000.000000,2430090000.000000,399714000.000000,0.496000,5.785000,-140895000.000000,405529000.000000,405529000.000000,430913000.000000,-330385000.000000,2.412000,1.480000,520765000.000000,0.000000,520765000.000000,520765000.000000,979114000.000000,100268000.000000,0.000000,0.000000,0.000000,-327218000.000000,-226950000.000000,-0.169000,-226950000.000000,-327218000.000000,-327218000.000000,-1.710000,-1.710000,-1.710000,1140846000.000000,1132671500.000000,1140846000.000000,16527451000.000000,-51.000000,-72.824000,179694000.000000,0.911000,1.000000,913458000.000000,0.679000,68623000.000000,0.000000,1868864000.000000,1911397500.000000,0.000000,1662381000.000000,1662381000.000000,0.000000,1688958000.000000,1007553000.000000,681405000.000000,180566000.000000,-27145000.000000,51696000.000000,2464000.000000,0.000000,52405000.000000,-192380000.000000,2490000.000000,320589000.000000,-48000.000000,-330385000.000000,-330385000.000000,-330385000.000000,0.000000,0.000000,-0.246000,1200418000.000000,-286960000.000000,17135000.000000,0.000000,14.391000,-49.693000,-48.737000,255118000.000000,0.000000,83.340000,12.212000,12.226000,248658000.000000,-1300936000.000000,1344371000.000000,1344371000.000000,558928000.000000,-0.122000,-0.292000,-0.171000,-0.243000,304389000.000000,641490000.000000,1.000000,197000000.000000,197223000.000000,197223000.000000,6.817000,2761181000.000000,0.000000,3167000.000000,0.000000,14.000000
MRT,2016-09-30,2016-10-31,2016-10-31,2017-Q3,1196499000.000000,17336000000.000000,2025-05-23,2622000.000000,2922569000.000000,2814655000.000000,2294595000.000000,627974000.000000,0.516000,5.702000,-130520000.000000,386557000.000000,386557000.000000,456044000.000000,-362688000.000000,2.090000,1.569000,527547000.000000,0.000000,527547000.000000,527547000.000000,1023620000.000000,108461000.000000,0.000000,0.000000,0.000000,-359359000.000000,-250898000.000000,-0.173000,-250898000.000000,-359359000.000000,-359359000.000000,-1.850000,-1.850000,-1.850000,1137459000.000000,1135654500.000000,1137459000.000000,17451236000.000000,-49.000000,-69.555000,208866000.000000,1.047000,1.000000,996583000.000000,0.686000,212087000.000000,0.000000,1753376000.000000,1855428250.000000,0.000000,1527238000.000000,1527238000.000000,0.000000,1785110000.000000,1098096000.000000,687014000.000000,168476000.000000,-147879000.000000,53827000.000000,3127000.000000,0.000000,55388000.000000,-226512000.000000,138422000.000000,339386000.000000,214000.000000,-362688000.000000,-362688000.000000,-362688000.000000,0.000000,0.000000,-0.250000,1319301000.000000,-322718000.000000,28374000.000000,0.000000,15.241000,-47.799000,-46.854000,334265000.000000,0.000000,86.680000,11.934000,11.903000,268945000.000000,-1415002000.000000,1452627000.000000,1452627000.000000,620219000.000000,-0.129000,-0.319000,-0.194000,-0.247000,335828000.000000,699082000.000000,1.000000,200000000.000000,199479000.000000,199479000.000000,7.282000,2710482000.000000,0.000000,3329000.000000,0.000000,13.588000
MRT,2016-12-31,2017-01-31,2017-01-31,2017-Q4,1239202000.000000,16701090000.000000,2025-05-23,2071000.000000,3268282000.000000,2949202000.000000,2524445000.000000,743837000.000000,0.534000,6.441000,-120813000.000000,539923000.000000,539923000.000000,483545000.000000,-384699000.000000,1.964000,1.560000,534423000.000000,0.000000,534423000.000000,534423000.000000,1221543000.000000,105825000.000000,0.000000,0.000000,0.000000,-385513000.000000,-279688000.000000,-0.178000,-279688000.000000,-385513000.000000,-385513000.000000,-1.940000,-1.940000,-1.940000,1276608000.000000,1170767250.000000,1276608000.000000,16842080000.000000,-44.000000,-60.217000,229813000.000000,1.159000,1.000000,1090895000.000000,0.693000,207141000.000000,0.000000,1770398000.000000,1810780750.000000,0.000000,1456822000.000000,1456822000.000000,0.000000,1991674000.000000,1285243000.000000,706431000.000000,241807000.000000,-147879000.000000,58079000.000000,0.000000,0.000000,59681000.000000,-168885000.000000,207100000.000000,350626000.000000,385000.000000,-384699000.000000,-384699000.000000,-384699000.000000,0.000000,0.000000,-0.244000,1443981000.000000,-353086000.000000,26824000.000000,0.000000,13.082000,-43.413000,-42.830000,365877000.000000,0.000000,83.090000,10.608000,10.461000,409780000.000000,-1406865000.000000,1574440000.000000,1574440000.000000,680531000.000000,-0.130000,-0.329000,-0.213000,-0.245000,372272000.000000,763450000.000000,1.000000,201000000.000000,198214000.000000,198214000.000000,7.943000,3061141000.000000,0.000000,-814000.000000,0.000000,15.444000
MRT,2017-03-31,2017-04-30,2017-04-30,2018-Q1,1244376000.000000,17742200000.000000,2025-05-23,-190000.000000,3308741000.000000,3082349000.000000,2533820000.000000,774921000.000000,0.554000,6.481000,-116928000.000000,498931000.000000,498931000.000000,511629000.000000,-370240000.000000,1.965000,1.505000,541393000.000000,0.000000,541393000.000000,541393000.000000,1200263000.000000,111498000.000000,0.000000,0.000000,0.000000,-370008000.000000,-258510000.000000,-0.151000,-258510000.000000,-370008000.000000,-370008000.000000,-1.850000,-1.850000,-1.850000,1320857000.000000,1218942500.000000,1320857000.000000,17736700000.000000,-48.000000,-68.611000,250903000.000000,1.231000,1.000000,1194995000.000000,0.700000,202108000.000000,0.000000,1859651000.000000,1813072250.000000,0.000000,1616770000.000000,1616770000.000000,0.000000,1987884000.000000,1289444000.000000,698440000.000000,95149000.000000,-147879000.000000,56951000.000000,0.000000,0.000000,58133000.000000,-330430000.000000,52611000.000000,367831000.000000,-385000.000000,-370240000.000000,-370240000.000000,-370240000.000000,0.000000,0.000000,-0.217000,1536751000.000000,-341756000.000000,28182000.000000,0.000000,13.432000,-47.921000,-47.243000,404102000.000000,0.000000,87.400000,10.396000,10.438000,297894000.000000,-1470678000.000000,1706624000.000000,1706624000.000000,735192000.000000,-0.120000,-0.304000,-0.204000,-0.217000,401825000.000000,801559000.000000,1.000000,203000000.000000,203818000.000000,203818000.000000,8.373000,3106633000.000000,0.000000,232000.000000,0.000000,15.242000
MRT,2017-06-30,2017-07-31,2017-07-31,2018-Q2,909650000.000000,21136770000.000000,2025-05-23,-22197000.000000,3407127000.000000,3226679750.000000,2586224000.000000,820903000.000000,0.576000,6.619000,-128917000.000000,748599000.000000,748599000.000000,551972000.000000,-344959000.000000,1.543000,1.486000,548460000.000000,332422000.000000,216038000.000000,548460000.000000,1222743000.000000,118337000.000000,0.000000,0.000000,0.000000,-342821000.000000,-224484000.000000,-0.121000,-224484000.000000,-342821000.000000,-342821000.000000,-1.700000,-1.700000,-1.700000,1370397000.000000,1276330250.000000,1370397000.000000,21179232000.000000,-62.000000,-94.346000,247518000.000000,1.196000,1.000000,1306315000.000000,0.703000,197650000.000000,0.000000,1332764000.000000,1679047250.000000,0.000000,1349191000.000000,1349191000.000000,0.000000,2036730000.000000,1676574000.000000,360156000.000000,339388000.000000,-144209000.000000,63830000.000000,0.000000,0.000000,64785000.000000,-102306000.000000,304578000.000000,376435000.000000,474000.000000,-344959000.000000,-344959000.000000,-344959000.000000,0.000000,0.000000,-0.186000,1643015000.000000,-336700000.000000,39948000.000000,0.000000,15.424000,-61.273000,-60.065000,438754000.000000,0.000000,102.110000,11.374000,11.376000,370557000.000000,-1553210000.000000,1858287000.000000,1858287000.000000,794409000.000000,-0.107000,-0.270000,-0.204000,-0.184000,435126000.000000,848606000.000000,1.000000,207000000.000000,207028000.000000,207028000.000000,8.976000,3209477000.000000,0.000000,2138000.000000,0.000000,15.503000
MRT,2017-09-30,2017-10-31,2017-10-31,2018-Q3,1944226000.000000,23085920000.000000,2025-05-23,-16310000.000000,4564716000.000000,3637216500.000000,3693772000.000000,870944000.000000,0.550000,7.363000,-137755000.000000,1336984000.000000,1336984000.000000,588642000.000000,-320391000.000000,2.111000,1.964000,1473430000.000000,336936000.000000,1136494000.000000,1473430000.000000,1229166000.000000,122611000.000000,0.000000,0.000000,0.000000,-317585000.000000,-194974000.000000,-0.097000,-194974000.000000,-317585000.000000,-317585000.000000,-1.560000,-1.560000,-1.560000,1540274000.000000,1377034000.000000,1540274000.000000,22885781000.000000,-72.000000,-117.379000,311155000.000000,1.487000,1.000000,1411512000.000000,0.706000,192723000.000000,0.000000,2758893000.000000,1930426500.000000,0.000000,1874139000.000000,1874139000.000000,0.000000,3024442000.000000,1749546000.000000,1274896000.000000,949728000.000000,0.000000,142118000.000000,1132101000.000000,0.000000,1099173000.000000,-598644000.000000,-358220000.000000,448910000.000000,289000.000000,-320391000.000000,-320391000.000000,-320391000.000000,0.000000,0.000000,-0.160000,1722339000.000000,-310827000.000000,35837000.000000,0.000000,14.988000,-72.055000,-71.147000,487234000.000000,0.000000,110.990000,11.542000,11.608000,349309000.000000,-1638756000.000000,2000154000.000000,2000154000.000000,848686000.000000,-0.088000,-0.233000,-0.165000,-0.159000,457507000.000000,873653000.000000,1.000000,208000000.000000,209188000.000000,209188000.000000,9.562000,4371993000.000000,0.000000,2806000.000000,0.000000,20.900000
MRT,2017-12-31,2018-01-31,2018-01-31,2018-Q4,1898104000.000000,25176900000.000000,2025-05-23,-46413000.000000,4947424000.000000,4057002000.000000,3956978000.000000,990446000.000000,0.528000,7.606000,-152536000.000000,1134355000.000000,1134355000.000000,629413000.000000,-321222000.000000,1.922000,2.131000,1491354000.000000,341509000.000000,1149845000.000000,1491354000.000000,1537147000.000000,135723000.000000,0.000000,0.000000,0.000000,-314786000.000000,-179063000.000000,-0.084000,-179063000.000000,-314786000.000000,-314786000.000000,-1.550000,-1.550000,-1.550000,1580365000.000000,1452973250.000000,1580365000.000000,25313346000.000000,-80.000000,-141.366000,313191000.000000,1.507000,1.000000,1513637000.000000,0.706000,193610000.000000,0.000000,3051939000.000000,2250811750.000000,0.000000,2133495000.000000,2133495000.000000,0.000000,3367059000.000000,2058874000.000000,1308185000.000000,593760000.000000,-5744000.000000,149861000.000000,1132101000.000000,0.000000,1106262000.000000,-978980000.000000,-695889000.000000,465727000.000000,751000.000000,-321222000.000000,-321222000.000000,-321222000.000000,0.000000,0.000000,-0.150000,1816860000.000000,-303223000.000000,20998000.000000,0.000000,15.931000,-78.379000,-77.348000,546609000.000000,0.000000,119.890000,11.748000,11.624000,528208000.000000,-1727856000.000000,2143050000.000000,2143050000.000000,910584000.000000,-0.079000,-0.221000,-0.140000,-0.147000,478425000.000000,906276000.000000,1.000000,210000000.000000,207774000.000000,207774000.000000,10.314000,4753814000.000000,0.000000,6436000.000000,0.000000,22.880000
MRT,2018-03-31,2018-04-30,2018-04-30,2019-Q1,1684155000.000000,26466080000.000000,2025-05-23,-30766000.000000,4927832000.000000,4461774750.000000,3880809000.000000,1047023000.000000,0.511000,7.779000,-170805000.000000,1036045000.000000,1036045000.000000,670673000.000000,-331588000.000000,1.767000,1.973000,1509493000.000000,570251000.000000,939242000.000000,1509493000.000000,1415064000.000000,142590000.000000,0.000000,0.000000,0.000000,-328035000.000000,-185445000.000000,-0.081000,-185445000.000000,-328035000.000000,-328035000.000000,-1.590000,-1.590000,-1.590000,1657300000.000000,1537084000.000000,1657300000.000000,26823079000.000000,-82.000000,-144.642000,299133000.000000,1.404000,1.000000,1611159000.000000,0.706000,188544000.000000,0.000000,3016082000.000000,2539919500.000000,0.000000,2329623000.000000,2329623000.000000,0.000000,3270532000.000000,2196654000.000000,1073878000.000000,536331000.000000,-5744000.000000,150219000.000000,1132101000.000000,0.000000,1106607000.000000,-1040677000.000000,-729623000.000000,469938000.000000,463000.000000,-331588000.000000,-331588000.000000,-331588000.000000,0.000000,0.000000,-0.145000,1925446000.000000,-314287000.000000,30249000.000000,0.000000,15.969000,-79.816000,-78.516000,611293000.000000,0.000000,124.840000,11.599000,11.656000,354209000.000000,-1801839000.000000,2281832000.000000,2281832000.000000,977729000.000000,-0.074000,-0.216000,-0.129000,-0.144000,503296000.000000,947717000.000000,1.000000,212000000.000000,213055000.000000,213055000.000000,10.710000,4739288000.000000,0.000000,3553000.000000,0.000000,22.244000
MRT,2018-06-30,2018-07-31,2018-07-31,2019-Q2,1700091000.000000,26788320000.000000,2025-05-23,-12431000.000000,4765060000.000000,4801258000.000000,3614038000.000000,1151022000.000000,0.506000,8.221000,-186623000.000000,1693743000.000000,1693743000.000000,712708000.000000,-335212000.000000,1.888000,1.684000,1177009000.000000,226877000.000000,950132000.000000,1177009000.000000,1483224000.000000,151315000.000000,0.000000,0.000000,0.000000,-334713000.000000,-183398000.000000,-0.076000,-183398000.000000,-334713000.000000,-334713000.000000,-1.590000,-1.590000,-1.590000,1775224000.000000,1638290750.000000,1775224000.000000,27261768000.000000,-81.000000,-148.648000,325805000.000000,1.509000,1.000000,1715524000.000000,0.706000,211000000.000000,0.000000,2123379000.000000,2737573250.000000,0.000000,1291352000.000000,1291352000.000000,0.000000,2989836000.000000,1913947000.000000,1075889000.000000,945286000.000000,-32481000.000000,156631000.000000,782096000.000000,0.000000,762987000.000000,-329715000.000000,50435000.000000,512428000.000000,-414000.000000,-335212000.000000,-335212000.000000,-335212000.000000,0.000000,0.000000,-0.138000,2037164000.000000,-321640000.000000,32910000.000000,0.000000,15.090000,-79.915000,-78.000000,678525000.000000,0.000000,124.020000,11.032000,11.029000,457496000.000000,-1887995000.000000,2428232000.000000,2428232000.000000,1049466000.000000,-0.070000,-0.205000,-0.122000,-0.138000,528836000.000000,987698000.000000,1.000000,216000000.000000,215932000.000000,215932000.000000,11.245000,4554060000.000000,0.000000,499000.000000,0.000000,21.090000
MRT,2018-09-30,2018-10-31,2018-10-31,2019-Q3,215394000.000000,28865340000.000000,2025-05-23,3768000.000000,5000299000.000000,4910153750.000000,2271279000.000000,2729020000.000000,0.533000,8.421000,-205694000.000000,540430000.000000,540430000.000000,772154000.000000,-402997000.000000,1.105000,1.728000,1190823000.000000,229684000.000000,961139000.000000,1190823000.000000,1570344000.000000,174190000.000000,0.000000,0.000000,0.000000,-407050000.000000,-232860000.000000,-0.089000,-232860000.000000,-407050000.000000,-407050000.000000,-1.880000,-1.880000,-1.880000,1833149000.000000,1711509500.000000,1833149000.000000,28348606000.000000,-70.000000,-121.741000,276999000.000000,1.272000,1.000000,1843878000.000000,0.705000,1710198000.000000,0.000000,1884609000.000000,2519002250.000000,0.000000,1041709000.000000,1041709000.000000,0.000000,3167150000.000000,2055885000.000000,1111265000.000000,-793571000.000000,-1480081000.000000,76619000.000000,-350008000.000000,0.000000,-273623000.000000,-1002336000.000000,853182000.000000,482693000.000000,-305000.000000,-402997000.000000,-402997000.000000,-402997000.000000,0.000000,0.000000,-0.154000,2268214000.000000,-424336000.000000,28779000.000000,0.000000,15.746000,-71.627000,-70.755000,735443000.000000,0.000000,133.020000,11.034000,11.069000,486044000.000000,-2041823000.000000,2616032000.000000,2616032000.000000,1127881000.000000,-0.082000,-0.235000,-0.162000,-0.156000,594328000.000000,1140333000.000000,1.000000,217000000.000000,217694000.000000,217694000.000000,12.017000,3290101000.000000,0.000000,-4053000.000000,0.000000,15.113000
MRT,2018-12-31,2019-01-31,2019-01-31,2019-Q4,269905000.000000,39936600000.000000,2025-05-23,-809000.000000,5520746000.000000,5053484250.000000,2700596000.000000,2820150000.000000,0.558000,9.034000,-212957000.000000,638554000.000000,638554000.000000,834950000.000000,-418258000.000000,1.111000,1.819000,1204778000.000000,232514000.000000,972264000.000000,1204778000.000000,1949270000.000000,198111000.000000,0.000000,0.000000,0.000000,-423752000.000000,-225641000.000000,-0.080000,-225641000.000000,-423752000.000000,-423752000.000000,-1.930000,-1.930000,-1.930000,1958442000.000000,1806028750.000000,1958442000.000000,40586993000.000000,-96.000000,-179.874000,393701000.000000,1.816000,1.000000,1987230000.000000,0.704000,1692365000.000000,0.000000,1963914000.000000,2246996000.000000,0.000000,1139864000.000000,1139864000.000000,0.000000,3562304000.000000,2430691000.000000,1131613000.000000,-493451000.000000,-1474337000.000000,93567000.000000,-350030000.000000,0.000000,-256711000.000000,-842784000.000000,1025690000.000000,606658000.000000,-614000.000000,-418258000.000000,-418258000.000000,-418258000.000000,0.000000,0.000000,-0.148000,2450514000.000000,-463284000.000000,29093000.000000,0.000000,20.392000,-95.483000,-94.057000,796907000.000000,0.000000,181.530000,14.151000,13.944000,704680000.000000,-2146304000.000000,2822180000.000000,2822180000.000000,1211832000.000000,-0.083000,-0.232000,-0.189000,-0.150000,652465000.000000,1238682000.000000,1.000000,220000000.000000,216789000.000000,216789000.000000,13.018000,3828381000.000000,0.000000,-5494000.000000,0.000000,17.659000
MRT,2019-03-31,2019-04-30,2019-04-30,2020-Q1,222055000.000000,45649860000.000000,2025-05-23,13113000.000000,5824174000.000000,5277569750.000000,2665134000.000000,3159040000.000000,0.574000,9.157000,-229630000.000000,781772000.000000,781772000.000000,900198000.000000,-460123000.000000,1.091000,1.848000,1529059000.000000,299515000.000000,1229544000.000000,1529059000.000000,1830150000.000000,236434000.000000,0.000000,0.000000,0.000000,-464885000.000000,-228451000.000000,-0.075000,-228451000.000000,-464885000.000000,-464885000.000000,-2.090000,-2.090000,-2.090000,2044748000.000000,1902890750.000000,2044748000.000000,46216084000.000000,-99.000000,-202.302000,401958000.000000,1.800000,1.000000,2128394000.000000,0.703000,1673022000.000000,0.000000,2455360000.000000,2106815500.000000,0.000000,1110141000.000000,1110141000.000000,0.000000,3779426000.000000,2443079000.000000,1336347000.000000,-250389000.000000,-1474337000.000000,94411000.000000,-350030000.000000,0.000000,-255903000.000000,-625553000.000000,1259972000.000000,631588000.000000,-521000.000000,-460123000.000000,-460123000.000000,-460123000.000000,0.000000,0.000000,-0.152000,2643800000.000000,-515406000.000000,35146000.000000,0.000000,22.325000,-99.212000,-98.388000,1165934000.000000,0.000000,205.630000,15.073000,15.162000,542843000.000000,-2262960000.000000,3028592000.000000,3028592000.000000,1296079000.000000,-0.087000,-0.242000,-0.221000,-0.153000,705041000.000000,1347721000.000000,1.000000,222000000.000000,223309000.000000,223309000.000000,13.562000,4151152000.000000,0.000000,-4762000.000000,0.000000,18.589000
MRT,2019-06-30,2019-07-31,2019-07-31,2020-Q2,-645232000.000000,45195480000.000000,2025-05-23,32458000.000000,5992156000.000000,5584343750.000000,2789032000.000000,3203124000.000000,0.581000,9.763000,-250860000.000000,619514000.000000,619514000.000000,966302000.000000,-494679000.000000,0.812000,1.711000,1542606000.000000,1298743000.000000,243863000.000000,1542606000.000000,1885642000.000000,278214000.000000,0.000000,0.000000,0.000000,-500119000.000000,-221905000.000000,-0.068000,-221905000.000000,-500119000.000000,-500119000.000000,-2.220000,-2.220000,-2.220000,2210285000.000000,2011656000.000000,2210285000.000000,45942767000.000000,-92.000000,-207.038000,423431000.000000,1.870000,1.000000,2278322000.000000,0.702000,1667302000.000000,0.000000,1813682000.000000,2029391250.000000,0.000000,1307006000.000000,1307006000.000000,0.000000,3781871000.000000,3434264000.000000,347607000.000000,-1071172000.000000,-1460485000.000000,113810000.000000,-52000.000000,0.000000,113426000.000000,-1858605000.000000,18942000.000000,674291000.000000,-284000.000000,-494679000.000000,-494679000.000000,-494679000.000000,0.000000,0.000000,-0.152000,2827243000.000000,-548921000.000000,32540000.000000,0.000000,20.448000,-91.363000,-90.081000,1214347000.000000,0.000000,199.980000,13.929000,13.954000,613425000.000000,-2383672000.000000,3244624000.000000,3244624000.000000,1381361000.000000,-0.089000,-0.246000,-0.246000,-0.154000,766890000.000000,1445882000.000000,1.000000,226000000.000000,226392000.000000,226392000.000000,14.332000,4324854000.000000,0.000000,-5440000.000000,0.000000,19.103000
MRT,2019-09-30,2019-10-31,2019-10-31,2020-Q3,464031000.000000,36972480000.000000,2025-05-23,24619000.000000,6155645000.000000,5873180250.000000,2955420000.000000,3200225000.000000,0.586000,10.151000,-250596000.000000,912748000.000000,912748000.000000,1014231000.000000,-457077000.000000,1.186000,1.654000,1552347000.000000,308609000.000000,1243738000.000000,1552347000.000000,1880890000.000000,309926000.000000,0.000000,0.000000,0.000000,-458367000.000000,-148441000.000000,-0.043000,-148441000.000000,-458367000.000000,-458367000.000000,-2.030000,-2.030000,-2.030000,2319179000.000000,2133163500.000000,2319179000.000000,37895572000.000000,-83.000000,-255.290000,567401000.000000,2.484000,1.000000,2425304000.000000,0.705000,1651367000.000000,0.000000,2652488000.000000,2221361000.000000,0.000000,1191848000.000000,1191848000.000000,0.000000,3836466000.000000,2491389000.000000,1345077000.000000,372331000.000000,-12885000.000000,112823000.000000,-52000.000000,0.000000,112324000.000000,-557967000.000000,-143765000.000000,817997000.000000,-23000.000000,-457077000.000000,-457077000.000000,-457077000.000000,0.000000,0.000000,-0.133000,2901720000.000000,-476416000.000000,35581000.000000,0.000000,15.942000,-80.889000,-79.882000,1218169000.000000,0.000000,162.160000,10.749000,10.771000,615508000.000000,-2499401000.000000,3439535000.000000,3439535000.000000,1465100000.000000,-0.078000,-0.214000,-0.206000,-0.133000,809921000.000000,1436620000.000000,1.000000,228000000.000000,228461000.000000,228461000.000000,15.055000,4504278000.000000,0.000000,-1290000.000000,0.000000,19.716000
MRT,2019-12-31,2020-01-31,2020-01-31,2020-Q4,125218000.000000,42464900000.000000,2025-05-23,23492000.000000,6816365000.000000,6197085000.000000,3094622000.000000,3721743000.000000,0.585000,10.945000,-244544000.000000,731141000.000000,731141000.000000,1065258000.000000,-480674000.000000,1.042000,1.741000,1569858000.000000,310466000.000000,1259392000.000000,1569858000.000000,2309203000.000000,343603000.000000,0.000000,0.000000,0.000000,-482447000.000000,-138844000.000000,-0.038000,-138844000.000000,-482447000.000000,-482447000.000000,-2.120000,-2.120000,-2.120000,2486551000.000000,2265190750.000000,2486551000.000000,43104499000.000000,-89.000000,-310.453000,620054000.000000,2.729000,1.000000,2561948000.000000,0.706000,2127662000.000000,0.000000,2558016000.000000,2369886500.000000,0.000000,1213432000.000000,1213432000.000000,0.000000,4329814000.000000,2969404000.000000,1360410000.000000,92518000.000000,-473603000.000000,125673000.000000,-30000.000000,0.000000,125124000.000000,-896922000.000000,-79458000.000000,864598000.000000,-282000.000000,-480674000.000000,-480674000.000000,-480674000.000000,0.000000,0.000000,-0.133000,3064178000.000000,-502230000.000000,57556000.000000,0.000000,17.078000,-88.344000,-87.090000,1227081000.000000,0.000000,184.630000,11.707000,11.564000,877578000.000000,-2627359000.000000,3627206000.000000,3627206000.000000,1549906000.000000,-0.078000,-0.212000,-0.204000,-0.133000,859571000.000000,1514272000.000000,1.000000,230000000.000000,227185000.000000,227185000.000000,15.966000,4688703000.000000,0.000000,-1773000.000000,0.000000,20.638000
MRT,2020-03-31,2020-04-30,2020-04-30,2021-Q1,679404000.000000,35704800000.000000,2025-05-23,57526000.000000,7227503000.000000,6547917250.000000,3450367000.000000,3777136000.000000,0.583000,11.170000,-238949000.000000,1214213000.000000,1214213000.000000,1127669000.000000,-522767000.000000,1.245000,1.778000,2099867000.000000,336901000.000000,1762966000.000000,2099867000.000000,2090398000.000000,356499000.000000,0.000000,0.000000,0.000000,-521632000.000000,-165133000.000000,-0.043000,-165133000.000000,-521632000.000000,-521632000.000000,-2.280000,-2.280000,-2.280000,2602004000.000000,2404504750.000000,2602004000.000000,36543517000.000000,-70.000000,-221.297000,680169000.000000,2.920000,1.000000,2692867000.000000,0.705000,2111853000.000000,0.000000,3230341000.000000,2563631750.000000,0.000000,1384793000.000000,1384793000.000000,0.000000,4625499000.000000,2770963000.000000,1854536000.000000,433077000.000000,-473603000.000000,125795000.000000,497764000.000000,0.000000,621093000.000000,-1106914000.000000,-332169000.000000,919118000.000000,-220000.000000,-522767000.000000,-522767000.000000,-522767000.000000,0.000000,0.000000,-0.137000,3216168000.000000,-523301000.000000,35430000.000000,0.000000,13.722000,-68.300000,-67.500000,1247275000.000000,0.000000,153.900000,9.345000,9.383000,584219000.000000,-2785927000.000000,3820536000.000000,3820536000.000000,1645559000.000000,-0.080000,-0.217000,-0.203000,-0.137000,911008000.000000,1570609000.000000,1.000000,232000000.000000,232939000.000000,232939000.000000,16.401000,5115650000.000000,0.000000,1135000.000000,0.000000,21.961000
MRT,2020-06-30,2020-07-31,2020-07-31,2021-Q2,1161066000.000000,42516200000.000000,2025-05-23,646000.000000,7501451000.000000,6925241000.000000,3714181000.000000,3787270000.000000,0.577000,12.027000,-229928000.000000,1239696000.000000,1239696000.000000,1145612000.000000,-430071000.000000,1.455000,1.643000,2136909000.000000,113298000.000000,2023611000.000000,2136909000.000000,2067920000.000000,365550000.000000,0.000000,0.000000,0.000000,-427236000.000000,-61686000.000000,-0.015000,-61686000.000000,-427236000.000000,-427236000.000000,-1.870000,-1.870000,-1.870000,2838478000.000000,2561553000.000000,2838478000.000000,43401854000.000000,-102.000000,-703.593000,746081000.000000,3.161000,1.000000,2849139000.000000,0.713000,2096108000.000000,0.000000,3749441000.000000,3047571500.000000,0.000000,1513842000.000000,1513842000.000000,0.000000,4662973000.000000,2553115000.000000,2109858000.000000,621600000.000000,-460718000.000000,138650000.000000,497846000.000000,0.000000,633922000.000000,-988807000.000000,-268385000.000000,976009000.000000,476000.000000,-430071000.000000,-430071000.000000,-430071000.000000,0.000000,0.000000,-0.108000,3266697000.000000,-417558000.000000,57764000.000000,0.000000,14.979000,-98.859000,-96.749000,1282089000.000000,0.000000,180.920000,10.643000,10.688000,694289000.000000,-2813943000.000000,3994751000.000000,3994751000.000000,1686118000.000000,-0.062000,-0.168000,-0.140000,-0.107000,953332000.000000,1580579000.000000,1.000000,235000000.000000,236002000.000000,236002000.000000,16.927000,5405343000.000000,0.000000,2835000.000000,0.000000,22.904000
MRT,2020-09-30,2020-10-31,2020-10-31,2021-Q3,333037000.000000,49798440000.000000,2025-05-23,1110000.000000,7845027000.000000,7347586500.000000,3958242000.000000,3886785000.000000,0.567000,12.930000,-252962000.000000,1067038000.000000,1067038000.000000,1169863000.000000,-338682000.000000,1.092000,1.549000,2229680000.000000,1175602000.000000,1054078000.000000,2229680000.000000,2069291000.000000,372241000.000000,0.000000,0.000000,0.000000,-335773000.000000,36468000.000000,0.009000,36468000.000000,-335773000.000000,-335773000.000000,-1.460000,-1.460000,-1.460000,3078054000.000000,2751271750.000000,3078054000.000000,50695653000.000000,-151.000000,1390.141000,758847000.000000,3.188000,1.000000,2992748000.000000,0.719000,2082228000.000000,0.000000,3300236000.000000,3209508500.000000,0.000000,1880772000.000000,1880772000.000000,0.000000,4766973000.000000,3625205000.000000,1141768000.000000,154659000.000000,-460718000.000000,140520000.000000,488474000.000000,0.000000,626414000.000000,-1484032000.000000,-761336000.000000,1011809000.000000,468000.000000,-338682000.000000,-338682000.000000,-338682000.000000,0.000000,0.000000,-0.081000,3314133000.000000,-321385000.000000,54949000.000000,0.000000,16.179000,-147.036000,-143.918000,1392157000.000000,0.000000,210.120000,11.963000,12.017000,742744000.000000,-2838283000.000000,4162611000.000000,4162611000.000000,1704338000.000000,-0.046000,-0.123000,-0.105000,-0.081000,982162000.000000,1609795000.000000,1.000000,237000000.000000,238059000.000000,238059000.000000,17.486000,5762799000.000000,0.000000,2909000.000000,0.000000,24.207000
MRT,2020-12-31,2021-01-31,2021-01-31,2021-Q4,519413000.000000,54607200000.000000,2025-05-23,-54970000.000000,8718411000.000000,7823098000.000000,4802061000.000000,3916350000.000000,0.552000,13.829000,-256330000.000000,1384181000.000000,1384181000.000000,1198132000.000000,-282431000.000000,1.121000,1.660000,2238065000.000000,1196101000.000000,1041964000.000000,2238065000.000000,2636735000.000000,378033000.000000,0.000000,0.000000,0.000000,-275134000.000000,102899000.000000,0.024000,102899000.000000,-275134000.000000,-275134000.000000,-1.190000,-1.190000,-1.190000,3277834000.000000,2949092500.000000,3277834000.000000,55769842000.000000,-203.000000,541.986000,1012111000.000000,4.270000,1.000000,3119864000.000000,0.723000,2068251000.000000,0.000000,3221396000.000000,3375353500.000000,0.000000,2151472000.000000,2151472000.000000,0.000000,5440577000.000000,4282648000.000000,1157929000.000000,653200000.000000,0.000000,148673000.000000,479033000.000000,0.000000,625049000.000000,-1241624000.000000,-979178000.000000,1268441000.000000,1334000.000000,-282431000.000000,-282431000.000000,-282431000.000000,0.000000,0.000000,-0.065000,3368463000.000000,-248599000.000000,75596000.000000,0.000000,16.660000,-193.347000,-191.202000,1386546000.000000,0.000000,227.530000,12.646000,12.489000,1032484000.000000,-2909990000.000000,4317996000.000000,4317996000.000000,1721222000.000000,-0.036000,-0.096000,-0.082000,-0.064000,1004854000.000000,1647241000.000000,1.000000,240000000.000000,237019000.000000,237019000.000000,18.218000,6650160000.000000,0.000000,7297000.000000,0.000000,28.057000
MRT,2021-03-31,2021-04-30,2021-04-30,2022-Q1,-304958000.000000,60021000000.000000,2025-05-23,-60421000.000000,8624007000.000000,8172224000.000000,3905797000.000000,4718210000.000000,0.548000,13.972000,-266186000.000000,959358000.000000,959358000.000000,1225555000.000000,-170585000.000000,0.928000,1.532000,2159669000.000000,1272828000.000000,886841000.000000,2159669000.000000,2426009000.000000,392843000.000000,0.000000,0.000000,0.000000,-167068000.000000,225775000.000000,0.050000,225775000.000000,-167068000.000000,-167068000.000000,-0.710000,-0.710000,-0.710000,3405441000.000000,3149951750.000000,3405441000.000000,60874884000.000000,-364.000000,269.626000,1191000000.000000,4.886000,1.000000,3249089000.000000,0.726000,2763386000.000000,0.000000,2850177000.000000,3280312500.000000,0.000000,2035171000.000000,2035171000.000000,0.000000,5218566000.000000,4210755000.000000,1007811000.000000,-252312000.000000,-679220000.000000,143739000.000000,-28187000.000000,0.000000,114710000.000000,-1825993000.000000,-705530000.000000,1457186000.000000,1785000.000000,-170585000.000000,-170585000.000000,-170585000.000000,0.000000,0.000000,-0.038000,3391544000.000000,-142455000.000000,48097000.000000,0.000000,17.625000,-351.854000,-347.887000,1436640000.000000,0.000000,247.000000,13.414000,13.454000,647163000.000000,-2820480000.000000,4474644000.000000,4474644000.000000,1719354000.000000,-0.021000,-0.054000,-0.051000,-0.037000,1032817000.000000,1672190000.000000,1.000000,243000000.000000,243739000.000000,243739000.000000,18.358000,5860621000.000000,0.000000,3517000.000000,0.000000,24.045000
MRT,2021-06-30,2021-07-31,2021-07-31,2022-Q2,187019000.000000,57896800000.000000,2025-05-23,-44150000.000000,9113845000.000000,8575322500.000000,4461114000.000000,4652731000.000000,0.545000,15.663000,-287412000.000000,1087070000.000000,1087070000.000000,1286799000.000000,-36833000.000000,1.044000,1.356000,2147865000.000000,1284039000.000000,863826000.000000,2147865000.000000,2518589000.000000,406238000.000000,0.000000,0.000000,0.000000,-36996000.000000,369242000.000000,0.079000,369242000.000000,-36996000.000000,-36996000.000000,-0.160000,-0.180000,-0.160000,3867990000.000000,3407329750.000000,3867990000.000000,59097111000.000000,-1597.000000,160.050000,1211037000.000000,4.904000,1.000000,3386239000.000000,0.725000,2743558000.000000,0.000000,3156987000.000000,3132199000.000000,0.000000,2220888000.000000,2220888000.000000,0.000000,5245855000.000000,4274095000.000000,971760000.000000,-153317000.000000,-679220000.000000,148643000.000000,-37637000.000000,0.000000,110228000.000000,-1762687000.000000,-622697000.000000,1498449000.000000,693000.000000,-36833000.000000,-36833000.000000,-36833000.000000,0.000000,0.000000,-0.008000,3513060000.000000,-126821000.000000,53082000.000000,0.000000,14.968000,-1571.873000,-1465.000000,1411340000.000000,0.000000,234.400000,12.390000,12.387000,872764000.000000,-2714744000.000000,4673038000.000000,4673038000.000000,1744924000.000000,-0.004000,-0.011000,-0.012000,-0.008000,1046300000.000000,1768136000.000000,1.000000,247000000.000000,246943000.000000,260016000.000000,18.924000,6370287000.000000,0.000000,-163000.000000,0.000000,25.797000
MRT,2021-09-30,2021-10-31,2021-10-31,2022-Q3,418658000.000000,71915040000.000000,2025-05-23,-20627000.000000,9440883000.000000,8974286500.000000,4693708000.000000,4747175000.000000,0.545000,16.967000,-242550000.000000,1297259000.000000,1297259000.000000,1351342000.000000,30919000.000000,1.098000,1.239000,2134630000.000000,1295667000.000000,838963000.000000,2134630000.000000,2493911000.000000,418767000.000000,0.000000,0.000000,0.000000,31429000.000000,450196000.000000,0.092000,450196000.000000,31429000.000000,31429000.000000,0.110000,0.090000,0.110000,4215816000.000000,3691770250.000000,4215816000.000000,72975835000.000000,2322.000000,162.098000,1346751000.000000,5.420000,1.000000,3542999000.000000,0.724000,2800139000.000000,0.000000,3203065000.000000,3107906250.000000,0.000000,2257722000.000000,2257722000.000000,0.000000,5225067000.000000,4275050000.000000,950017000.000000,231735000.000000,-739865000.000000,146887000.000000,-37646000.000000,0.000000,108611000.000000,-1466880000.000000,-312175000.000000,1589301000.000000,703000.000000,30919000.000000,30919000.000000,30919000.000000,0.000000,0.000000,0.006000,3631798000.000000,-88799000.000000,47928000.000000,0.000000,17.058000,2325.917000,2636.182000,1389883000.000000,0.000000,289.980000,14.694000,14.721000,865040000.000000,-2671332000.000000,4894341000.000000,4894341000.000000,1780577000.000000,0.003000,0.008000,0.010000,0.006000,1065463000.000000,1851221000.000000,1.000000,248000000.000000,248468000.000000,254760000.000000,19.698000,6640744000.000000,0.000000,510000.000000,0.000000,26.727000
MRT,2021-12-31,2022-01-31,2022-01-31,2022-Q4,146210000.000000,63252500000.000000,2025-05-23,7709000.000000,10498505000.000000,9419310000.000000,5214065000.000000,5284440000.000000,0.546000,18.342000,-272000000.000000,1534273000.000000,1534273000.000000,1428000000.000000,29000000.000000,1.029000,1.315000,2102756000.000000,1302946000.000000,799810000.000000,2102756000.000000,3182480000.000000,430000000.000000,0.000000,0.000000,0.000000,16000000.000000,446000000.000000,0.087000,446000000.000000,16000000.000000,16000000.000000,0.120000,0.120000,0.120000,4535082000.000000,4006082250.000000,4535082000.000000,64089871000.000000,4006.000000,143.699000,1379000000.000000,5.577000,1.000000,3711000000.000000,0.722000,3231046000.000000,0.000000,2768087000.000000,2994579000.000000,0.000000,2109888000.000000,2109888000.000000,0.000000,5963423000.000000,5067855000.000000,895568000.000000,153000000.000000,-1190000000.000000,148000000.000000,-38000000.000000,0.000000,110000000.000000,-1607000000.000000,26000000.000000,1651000000.000000,-1000000.000000,29000000.000000,29000000.000000,29000000.000000,0.000000,0.000000,0.006000,3827000000.000000,-116000000.000000,55487000.000000,0.000000,13.947000,2181.121000,2108.417000,1370883000.000000,0.000000,253.010000,12.308000,12.173000,1242545000.000000,-2744585000.000000,5139000000.000000,5139000000.000000,1879000000.000000,0.003000,0.007000,0.005000,0.003000,1101000000.000000,1948000000.000000,1.000000,250000000.000000,247249000.000000,254032000.000000,20.785000,7267459000.000000,0.000000,-13000000.000000,0.000000,29.393000
MRT,2022-03-31,2022-04-30,2022-04-30,2023-Q1,2661839000.000000,51881700000.000000,2025-05-23,43109000.000000,12799106000.000000,10463084750.000000,7443226000.000000,5355880000.000000,0.516000,18.991000,-260954000.000000,2776336000.000000,2776336000.000000,1497768000.000000,-26651000.000000,1.557000,1.677000,4384004000.000000,1228699000.000000,3155305000.000000,4384004000.000000,2879427000.000000,437201000.000000,0.000000,0.000000,0.000000,-29642000.000000,407559000.000000,0.075000,407559000.000000,-29642000.000000,-29642000.000000,-0.110000,-0.110000,-0.110000,4780807000.000000,4349923750.000000,4780807000.000000,52450183000.000000,-1769.000000,128.693000,1377335000.000000,5.471000,1.000000,3900856000.000000,0.723000,3209431000.000000,0.000000,6415956000.000000,3886023750.000000,0.000000,3479019000.000000,3479019000.000000,0.000000,8018299000.000000,4781387000.000000,3236912000.000000,1819103000.000000,-510780000.000000,150347000.000000,2248330000.000000,0.000000,2398710000.000000,-2216025000.000000,-1444699000.000000,1638289000.000000,-1871000.000000,-26651000.000000,-26651000.000000,-26651000.000000,0.000000,0.000000,-0.005000,4051386000.000000,-150530000.000000,123361000.000000,0.000000,10.852000,-1946.707000,-1879.091000,1438240000.000000,0.000000,206.700000,9.610000,9.639000,778076000.000000,-2846758000.000000,5398624000.000000,5398624000.000000,1978893000.000000,-0.003000,-0.006000,-0.008000,-0.005000,1147871000.000000,2072493000.000000,1.000000,251000000.000000,251743000.000000,251743000.000000,21.445000,9589675000.000000,0.000000,-2991000.000000,0.000000,38.093000
MRT,2022-06-30,2022-07-31,2022-07-31,2023-Q2,2946800000.000000,39395400000.000000,2025-05-23,62961000.000000,13249550000.000000,11497011000.000000,7804657000.000000,5444893000.000000,0.494000,20.160000,-341771000.000000,2486540000.000000,2486540000.000000,1575332000.000000,-196545000.000000,1.607000,1.584000,4428023000.000000,1240463000.000000,3187560000.000000,4428023000.000000,2942730000.000000,446355000.000000,0.000000,0.000000,0.000000,-198374000.000000,247981000.000000,0.044000,247981000.000000,-198374000.000000,-198374000.000000,-0.790000,-0.770000,-0.790000,5127808000.000000,4664878250.000000,5127808000.000000,41003068000.000000,-207.000000,165.348000,1212403000.000000,4.767000,1.000000,4098729000.000000,0.722000,3187919000.000000,0.000000,7145257000.000000,4883091250.000000,0.000000,3806427000.000000,3806427000.000000,0.000000,8121742000.000000,4857857000.000000,3263885000.000000,1404290000.000000,-510780000.000000,157805000.000000,2257695000.000000,0.000000,2415499000.000000,-2563688000.000000,-1711365000.000000,1554174000.000000,-1695000.000000,-196545000.000000,-196545000.000000,-196545000.000000,0.000000,0.000000,-0.035000,4282217000.000000,-183488000.000000,60710000.000000,0.000000,7.683000,-200.440000,-196.329000,1519435000.000000,0.000000,155.100000,6.943000,6.953000,1105288000.000000,-2910916000.000000,5674061000.000000,5674061000.000000,2082477000.000000,-0.017000,-0.042000,-0.041000,-0.035000,1191159000.000000,2199740000.000000,1.000000,254000000.000000,254355000.000000,254355000.000000,22.308000,10061631000.000000,0.000000,-1829000.000000,0.000000,39.557000
MRT,2022-09-30,2022-10-31,2022-10-31,2023-Q3,3246876000.000000,39889920000.000000,2025-05-23,104114000.000000,12389787000.000000,12234237000.000000,6970275000.000000,5419512000.000000,0.486000,21.150000,-367801000.000000,1575955000.000000,1575955000.000000,1651401000.000000,-314678000.000000,1.872000,1.291000,3261294000.000000,90237000.000000,3171057000.000000,3261294000.000000,2879335000.000000,453034000.000000,0.000000,0.000000,0.000000,-266034000.000000,187000000.000000,0.031000,187000000.000000,-266034000.000000,-266034000.000000,-1.250000,-1.230000,-1.250000,5409108000.000000,4963201250.000000,5409108000.000000,41831403000.000000,-157.000000,223.697000,1210387000.000000,4.733000,1.000000,4294500000.000000,0.722000,3166714000.000000,0.000000,7185013000.000000,5878578250.000000,0.000000,3916130000.000000,3916130000.000000,0.000000,6980679000.000000,3723399000.000000,3257280000.000000,284580000.000000,-450135000.000000,156621000.000000,1117457000.000000,0.000000,1273949000.000000,-2564892000.000000,-1747007000.000000,1578188000.000000,-2665000.000000,-314678000.000000,-314678000.000000,-314678000.000000,0.000000,0.000000,-0.053000,4528254000.000000,-233754000.000000,75803000.000000,0.000000,7.375000,-126.764000,-124.656000,1487237000.000000,0.000000,155.820000,6.709000,6.702000,1040468000.000000,-2985637000.000000,5945901000.000000,5945901000.000000,2192589000.000000,-0.026000,-0.063000,-0.045000,-0.045000,1226360000.000000,2335665000.000000,1.000000,256000000.000000,255753000.000000,255753000.000000,23.249000,9223073000.000000,0.000000,48644000.000000,0.000000,36.062000
MRT,2022-12-31,2023-01-31,2023-01-31,2023-Q4,3480000000.000000,46627510000.000000,2025-05-23,53000000.000000,13486000000.000000,12981110750.000000,8108000000.000000,5378000000.000000,0.479000,21.918000,-365000000.000000,1886000000.000000,1886000000.000000,1710000000.000000,-367000000.000000,1.752000,1.415000,3249000000.000000,91000000.000000,3158000000.000000,3249000000.000000,3634000000.000000,456000000.000000,0.000000,0.000000,0.000000,-260000000.000000,196000000.000000,0.032000,196000000.000000,-260000000.000000,-260000000.000000,-1.440000,-1.440000,-1.440000,5585000000.000000,5225680750.000000,5585000000.000000,48312849000.000000,-186.000000,246.494000,1292000000.000000,5.070000,1.000000,4506000000.000000,0.725000,3146000000.000000,0.000000,7075000000.000000,6955306500.000000,0.000000,4235000000.000000,4235000000.000000,0.000000,7901000000.000000,4628000000.000000,3273000000.000000,354000000.000000,0.000000,77000000.000000,1127000000.000000,0.000000,1204000000.000000,-2506000000.000000,-2141000000.000000,1657000000.000000,-1000000.000000,-367000000.000000,-367000000.000000,-367000000.000000,0.000000,0.000000,-0.059000,4728000000.000000,-222000000.000000,154000000.000000,0.000000,8.349000,-127.050000,-125.993000,1450000000.000000,0.000000,181.430000,7.501000,7.438000,1570000000.000000,-3112000000.000000,6216000000.000000,6216000000.000000,2247000000.000000,-0.028000,-0.070000,-0.037000,-0.042000,1295000000.000000,2441000000.000000,1.000000,257000000.000000,254819000.000000,254819000.000000,24.394000,10340000000.000000,13000000.000000,107000000.000000,0.000000,40.578000
MRT,2023-03-31,2023-04-30,2023-04-30,2024-Q1,3829004000.000000,48210260000.000000,2025-05-23,42650000.000000,13252796000.000000,13094533250.000000,7873093000.000000,5379703000.000000,0.494000,22.958000,-374250000.000000,1443651000.000000,1443651000.000000,1724179000.000000,-264827000.000000,1.947000,1.230000,3254912000.000000,95008000.000000,3159904000.000000,3254912000.000000,3289750000.000000,438106000.000000,0.000000,0.000000,0.000000,-159994000.000000,278112000.000000,0.043000,278112000.000000,-159994000.000000,-159994000.000000,-1.030000,-1.030000,-1.030000,5941863000.000000,5515944750.000000,5941863000.000000,49573025000.000000,-310.000000,178.248000,1120033000.000000,4.327000,1.000000,4741164000.000000,0.733000,3124305000.000000,0.000000,7895663000.000000,7325233250.000000,0.000000,4885310000.000000,4885310000.000000,0.000000,7310933000.000000,4044089000.000000,3266844000.000000,-1330993000.000000,0.000000,77010000.000000,-1149904000.000000,0.000000,-1075702000.000000,-1748259000.000000,-1374029000.000000,1494283000.000000,-1315000.000000,-264827000.000000,-264827000.000000,-264827000.000000,0.000000,0.000000,-0.041000,4910321000.000000,-169157000.000000,113263000.000000,0.000000,8.114000,-182.044000,-180.718000,1472776000.000000,0.000000,186.140000,7.457000,7.452000,1089286000.000000,-3111198000.000000,6465343000.000000,6465343000.000000,2305491000.000000,-0.020000,-0.048000,-0.022000,-0.025000,1352494000.000000,2564830000.000000,1.000000,259000000.000000,258820000.000000,261371000.000000,24.980000,10128491000.000000,0.000000,104833000.000000,0.000000,39.133000
MRT,2023-06-30,2023-07-31,2023-07-31,2024-Q2,4199735000.000000,61890930000.000000,2025-05-23,-6780000.000000,13735315000.000000,13215974500.000000,8381694000.000000,5353621000.000000,0.508000,24.023000,-270652000.000000,1435690000.000000,1435690000.000000,1749094000.000000,-121669000.000000,2.004000,1.189000,3268793000.000000,98810000.000000,3169983000.000000,3268793000.000000,3369461000.000000,417500000.000000,0.000000,0.000000,0.000000,-11127000.000000,406373000.000000,0.061000,406373000.000000,-11127000.000000,-11127000.000000,-0.480000,-0.480000,-0.480000,6274553000.000000,5802631000.000000,6274553000.000000,63702191000.000000,-5725.000000,156.758000,1534273000.000000,5.874000,1.000000,4967451000.000000,0.740000,3103100000.000000,0.000000,8283359000.000000,7609758750.000000,0.000000,5221401000.000000,5221401000.000000,0.000000,7460762000.000000,4181959000.000000,3278803000.000000,-1049298000.000000,0.000000,-50292000.000000,-1149874000.000000,0.000000,-1207789000.000000,-1646264000.000000,-1375877000.000000,1804925000.000000,-170000.000000,-121669000.000000,-121669000.000000,-121669000.000000,0.000000,0.000000,-0.018000,5066530000.000000,-99079000.000000,88814000.000000,0.000000,9.864000,-508.683000,-494.021000,1483974000.000000,0.000000,237.130000,9.215000,9.221000,1270936000.000000,-3032538000.000000,6716545000.000000,6716545000.000000,2367656000.000000,-0.009000,-0.021000,-0.001000,-0.002000,1396487000.000000,2658874000.000000,1.000000,261000000.000000,261191000.000000,264435000.000000,25.715000,10632215000.000000,0.000000,110542000.000000,0.000000,40.707000
MRT,2023-09-30,2023-10-31,2023-10-31,2024-Q3,4544773000.000000,55468020000.000000,2025-05-23,33207000.000000,13925933000.000000,13600011000.000000,8574163000.000000,5351770000.000000,0.513000,25.271000,-272287000.000000,1563939000.000000,1563939000.000000,1758301000.000000,67052000.000000,2.128000,1.102000,3275968000.000000,98325000.000000,3177643000.000000,3275968000.000000,3258796000.000000,395287000.000000,0.000000,0.000000,0.000000,140031000.000000,535318000.000000,0.077000,535318000.000000,140031000.000000,140031000.000000,0.240000,0.240000,0.240000,6624917000.000000,6106583250.000000,6624917000.000000,57301123000.000000,409.000000,107.041000,1574970000.000000,6.008000,1.000000,5225141000.000000,0.748000,3095706000.000000,0.000000,8512866000.000000,7941722000.000000,0.000000,5316045000.000000,5316045000.000000,0.000000,7301016000.000000,4029390000.000000,3271626000.000000,-11910000.000000,-9000000.000000,-196002000.000000,-252000.000000,0.000000,-208716000.000000,-1650201000.000000,-1369360000.000000,1847257000.000000,-250000.000000,67052000.000000,67052000.000000,67052000.000000,0.000000,0.000000,0.010000,5209899000.000000,15242000.000000,79333000.000000,0.000000,8.373000,827.239000,882.125000,1472527000.000000,0.000000,211.710000,7.943000,7.947000,1224818000.000000,-2918829000.000000,6983442000.000000,6983442000.000000,2420929000.000000,0.005000,0.011000,0.018000,0.020000,1431291000.000000,2748970000.000000,1.000000,262000000.000000,262153000.000000,266377000.000000,26.639000,10830227000.000000,0.000000,72979000.000000,0.000000,41.313000
MRT,2023-12-31,2024-01-31,2024-01-31,2024-Q4,4884000000.000000,76551410000.000000,2025-05-23,21000000.000000,16452000000.000000,14341511000.000000,9939000000.000000,6513000000.000000,0.506000,30.925000,-242000000.000000,2012000000.000000,2012000000.000000,1771000000.000000,1381000000.000000,1.966000,1.036000,3296000000.000000,89000000.000000,3207000000.000000,3296000000.000000,4127000000.000000,378000000.000000,0.000000,0.000000,0.000000,356000000.000000,734000000.000000,0.101000,734000000.000000,356000000.000000,356000000.000000,5.280000,5.210000,5.280000,8082000000.000000,6730833250.000000,8082000000.000000,78263439000.000000,220.000000,106.626000,1907000000.000000,7.297000,1.000000,5488000000.000000,0.756000,3079000000.000000,0.000000,9602000000.000000,8573472000.000000,0.000000,5801000000.000000,5801000000.000000,0.000000,8370000000.000000,5055000000.000000,3315000000.000000,129000000.000000,-8000000.000000,-246000000.000000,0.000000,0.000000,-268000000.000000,-1751000000.000000,-1501000000.000000,2149000000.000000,-1000000.000000,1381000000.000000,1381000000.000000,1381000000.000000,0.000000,0.000000,0.190000,5305000000.000000,183000000.000000,78000000.000000,0.000000,9.472000,55.432000,55.127000,1523000000.000000,0.000000,291.070000,10.546000,10.479000,1639000000.000000,-1731000000.000000,7259000000.000000,7259000000.000000,2464000000.000000,0.096000,0.205000,0.042000,0.049000,1416000000.000000,2841000000.000000,1.000000,263000000.000000,261344000.000000,265285000.000000,27.776000,13373000000.000000,1065000000.000000,-1025000000.000000,0.000000,51.170000
MRT,2024-03-31,2024-04-30,2024-04-30,2025-Q1,4446000000.000000,64608720000.000000,2025-05-23,17000000.000000,15941000000.000000,15013562000.000000,8874000000.000000,7067000000.000000,0.504000,30.869000,-256000000.000000,1752000000.000000,1752000000.000000,1842000000.000000,1488000000.000000,2.004000,0.953000,3344000000.000000,95000000.000000,3249000000.000000,3344000000.000000,3613000000.000000,383000000.000000,0.000000,0.000000,0.000000,472000000.000000,855000000.000000,0.113000,855000000.000000,472000000.000000,472000000.000000,5.670000,5.610000,5.670000,8163000000.000000,7286117500.000000,8163000000.000000,65892720000.000000,140.000000,77.068000,1988000000.000000,7.518000,1.000000,5723000000.000000,0.757000,3608000000.000000,0.000000,9497000000.000000,8973806250.000000,0.000000,5430000000.000000,5430000000.000000,0.000000,7778000000.000000,4428000000.000000,3350000000.000000,315000000.000000,-520000000.000000,-375000000.000000,0.000000,0.000000,-633000000.000000,-1296000000.000000,-520000000.000000,2244000000.000000,0.000000,1488000000.000000,1488000000.000000,1488000000.000000,0.000000,0.000000,0.197000,5456000000.000000,267000000.000000,76000000.000000,0.000000,7.915000,43.420000,43.162000,1561000000.000000,0.000000,244.730000,8.540000,8.555000,1133000000.000000,-1624000000.000000,7565000000.000000,7565000000.000000,2520000000.000000,0.099000,0.204000,0.053000,0.062000,1431000000.000000,2928000000.000000,1.000000,264000000.000000,264444000.000000,270298000.000000,28.607000,12333000000.000000,1056000000.000000,-1016000000.000000,0.000000,46.637000
MRT,2024-06-30,2024-07-31,2024-07-31,2025-Q2,4687000000.000000,60186800000.000000,2025-05-23,19000000.000000,16234000000.000000,15638233250.000000,9200000000.000000,7034000000.000000,0.503000,31.453000,-246000000.000000,1635000000.000000,1635000000.000000,1905000000.000000,1541000000.000000,2.039000,0.945000,3364000000.000000,98000000.000000,3266000000.000000,3364000000.000000,3611000000.000000,392000000.000000,0.000000,0.000000,0.000000,558000000.000000,950000000.000000,0.121000,950000000.000000,558000000.000000,558000000.000000,5.870000,5.800000,5.870000,8345000000.000000,7803729250.000000,8345000000.000000,61778800000.000000,111.000000,65.030000,2144000000.000000,8.081000,1.000000,5958000000.000000,0.758000,3588000000.000000,0.000000,9862000000.000000,9368466500.000000,0.000000,5738000000.000000,5738000000.000000,0.000000,7889000000.000000,4513000000.000000,3376000000.000000,201000000.000000,-530000000.000000,-537000000.000000,0.000000,0.000000,-931000000.000000,-1257000000.000000,-481000000.000000,2390000000.000000,-1000000.000000,1541000000.000000,1541000000.000000,1541000000.000000,0.000000,0.000000,0.196000,5616000000.000000,342000000.000000,87000000.000000,0.000000,7.212000,39.057000,38.692000,1598000000.000000,0.000000,227.120000,7.654000,7.664000,1292000000.000000,-1492000000.000000,7863000000.000000,7863000000.000000,2559000000.000000,0.099000,0.197000,0.060000,0.071000,1449000000.000000,3049000000.000000,1.000000,265000000.000000,265317000.000000,267949000.000000,29.636000,12646000000.000000,1022000000.000000,-983000000.000000,0.000000,47.664000
MRT,2024-09-30,2024-10-31,2024-10-31,2025-Q3,4656000000.000000,61970250000.000000,2025-05-23,16000000.000000,16424000000.000000,16262750000.000000,9078000000.000000,7346000000.000000,0.502000,32.493000,-234000000.000000,1311000000.000000,1311000000.000000,1990000000.000000,1620000000.000000,2.053000,0.904000,3363000000.000000,102000000.000000,3261000000.000000,3363000000.000000,3511000000.000000,406000000.000000,0.000000,0.000000,0.000000,656000000.000000,1062000000.000000,0.130000,1062000000.000000,656000000.000000,656000000.000000,6.170000,6.090000,6.170000,8624000000.000000,8303500000.000000,8624000000.000000,63699250000.000000,97.000000,59.980000,2111000000.000000,7.954000,1.000000,6167000000.000000,0.756000,3862000000.000000,0.000000,10192000000.000000,9788250000.000000,0.000000,5846000000.000000,5846000000.000000,0.000000,7800000000.000000,4422000000.000000,3378000000.000000,-253000000.000000,-823000000.000000,-550000000.000000,0.000000,0.000000,-1063000000.000000,-1535000000.000000,-478000000.000000,2345000000.000000,0.000000,1620000000.000000,1620000000.000000,1620000000.000000,0.000000,0.000000,0.199000,5748000000.000000,419000000.000000,74000000.000000,0.000000,7.186000,38.253000,37.901000,1598000000.000000,0.000000,233.850000,7.597000,7.609000,1404000000.000000,-1299000000.000000,8157000000.000000,8157000000.000000,2587000000.000000,0.100000,0.195000,0.067000,0.080000,1468000000.000000,3153000000.000000,1.000000,265000000.000000,265411000.000000,268549000.000000,30.733000,12562000000.000000,1031000000.000000,-964000000.000000,0.000000,47.330000
MRT,2024-12-31,2025-01-31,2025-01-31,2025-Q4,4997000000.000000,69707960000.000000,2025-05-23,84000000.000000,17977000000.000000,16644000000.000000,10545000000.000000,7432000000.000000,0.507000,34.058000,-272000000.000000,1543000000.000000,1543000000.000000,2069000000.000000,526000000.000000,1.901000,0.990000,3362000000.000000,99000000.000000,3263000000.000000,3362000000.000000,4547000000.000000,429000000.000000,0.000000,0.000000,0.000000,638000000.000000,1067000000.000000,0.126000,1067000000.000000,638000000.000000,638000000.000000,1.980000,1.950000,1.980000,9034000000.000000,8541500000.000000,9034000000.000000,71759960000.000000,112.000000,67.254000,2189000000.000000,8.252000,1.000000,6377000000.000000,0.755000,3839000000.000000,0.000000,10409000000.000000,9990000000.000000,0.000000,6474000000.000000,6474000000.000000,0.000000,8943000000.000000,5548000000.000000,3395000000.000000,-470000000.000000,-825000000.000000,-514000000.000000,0.000000,0.000000,-1150000000.000000,-1781000000.000000,-684000000.000000,2461000000.000000,0.000000,526000000.000000,526000000.000000,526000000.000000,0.000000,0.000000,0.062000,5962000000.000000,415000000.000000,108000000.000000,0.000000,7.716000,132.525000,132.354000,1575000000.000000,0.000000,262.060000,8.253000,8.230000,1950000000.000000,-1205000000.000000,8446000000.000000,8446000000.000000,2626000000.000000,0.032000,0.062000,0.064000,0.076000,1519000000.000000,3252000000.000000,1.000000,266000000.000000,265257000.000000,269205000.000000,31.841000,14138000000.000000,1039000000.000000,112000000.000000,0.000000,53.299000
MRT,2025-03-31,2025-04-30,2025-04-30,2026-Q1,5142000000.000000,65170000000.000000,2025-05-23,-44000000.000000,17212000000.000000,16961750000.000000,9963000000.000000,7249000000.000000,0.513000,33.465000,-226000000.000000,972000000.000000,972000000.000000,2117000000.000000,487000000.000000,2.067000,0.930000,3393000000.000000,98000000.000000,3295000000.000000,3393000000.000000,3877000000.000000,439000000.000000,0.000000,0.000000,0.000000,618000000.000000,1057000000.000000,0.122000,1057000000.000000,618000000.000000,618000000.000000,1.830000,1.800000,1.830000,8919000000.000000,8730500000.000000,8919000000.000000,66989000000.000000,108.000000,63.377000,2320000000.000000,8.705000,1.000000,6579000000.000000,0.757000,3818000000.000000,0.000000,10994000000.000000,10364250000.000000,0.000000,6998000000.000000,6998000000.000000,0.000000,8293000000.000000,4821000000.000000,3472000000.000000,-783000000.000000,-313000000.000000,-677000000.000000,0.000000,0.000000,-1284000000.000000,-2046000000.000000,-1507000000.000000,2546000000.000000,1000000.000000,487000000.000000,487000000.000000,487000000.000000,0.000000,0.000000,0.056000,6189000000.000000,390000000.000000,92000000.000000,0.000000,7.307000,133.819000,133.880000,1495000000.000000,0.000000,245.000000,7.494000,7.509000,1363000000.000000,-1137000000.000000,8696000000.000000,8696000000.000000,2633000000.000000,0.029000,0.056000,0.060000,0.071000,1594000000.000000,3306000000.000000,1.000000,266000000.000000,266516000.000000,270296000.000000,32.628000,13394000000.000000,1013000000.000000,131000000.000000,0.000000,50.256000
MRY,2009-12-31,2009-12-31,2009-12-31,2009-FY,,,2025-05-23,,,,,,,,-4229000.000000,,,20505000.000000,-49942000.000000,,,,,,,,3262000.000000,,,0.000000,-49851000.000000,-46589000.000000,-1.845000,-46589000.000000,-49851000.000000,-49851000.000000,-2.280000,-2.280000,-2.280000,,,,,,,-34357000.000000,-1.567000,1.000000,4740000.000000,0.188000,,0.000000,,,,,,,,,,32045000.000000,0.000000,1149000.000000,0.000000,0.000000,76704000.000000,-14527000.000000,-10298000.000000,-30128000.000000,-4000.000000,-49942000.000000,-49942000.000000,-49942000.000000,0.000000,0.000000,-1.978000,56135000.000000,-51395000.000000,,0.000000,,,,,0.000000,,,,,,25245000.000000,25245000.000000,30045000.000000,,,,-1.975000,896000.000000,26090000.000000,1.000000,,21922000.000000,21922000.000000,1.152000,,,91000.000000,,
MRY,2010-12-31,2010-12-31,2010-12-31,2010-FY,-4065000.000000,,2025-05-23,3000.000000,100605000.000000,,67275000.000000,33330000.000000,,-3.849000,-3662000.000000,30887000.000000,30887000.000000,39864000.000000,-56215000.000000,0.943000,-1.257000,4160000.000000,1665000.000000,2495000.000000,4160000.000000,97404000.000000,5313000.000000,0.000000,,0.000000,-56118000.000000,-50805000.000000,-0.747000,-50805000.000000,-56118000.000000,-56118000.000000,-2.220000,-2.220000,-2.220000,-97639000.000000,,-97639000.000000,,,,-18997000.000000,-0.749000,1.000000,28191000.000000,0.414000,8676000.000000,0.000000,-6138000.000000,,0.000000,4498000.000000,4498000.000000,0.000000,122689000.000000,71340000.000000,51349000.000000,-3485000.000000,0.000000,626000.000000,-952000.000000,0.000000,-326000.000000,12167000.000000,15829000.000000,-15335000.000000,9000.000000,-56215000.000000,-56215000.000000,-56215000.000000,0.000000,0.000000,-0.826000,84252000.000000,-56061000.000000,1145000.000000,0.000000,,,,12896000.000000,0.000000,,,,21364000.000000,-196701000.000000,68055000.000000,68055000.000000,39175000.000000,,,,-0.825000,1702000.000000,45077000.000000,1.000000,,25367000.000000,25367000.000000,2.683000,91929000.000000,0.000000,97000.000000,0.000000,3.624000
MRY,2011-12-31,2012-01-31,2012-01-31,2012-FY,37934000.000000,,2025-05-23,3000.000000,232638000.000000,,183172000.000000,49466000.000000,,-5.956000,-4999000.000000,57529000.000000,57529000.000000,65368000.000000,-79629000.000000,1.261000,-1.352000,15716000.000000,7075000.000000,8641000.000000,15716000.000000,188097000.000000,9319000.000000,0.000000,,0.000000,-79462000.000000,-70143000.000000,-0.522000,-70143000.000000,-79462000.000000,-79462000.000000,-2.710000,-2.710000,-2.710000,-175561000.000000,,-175561000.000000,,,,-18773000.000000,-0.637000,1.000000,69059000.000000,0.514000,8578000.000000,0.000000,37009000.000000,,0.000000,53634000.000000,53634000.000000,0.000000,237293000.000000,145238000.000000,92055000.000000,27017000.000000,0.000000,6265000.000000,-4296000.000000,0.000000,96978000.000000,-56195000.000000,-51196000.000000,-13774000.000000,8000.000000,-79629000.000000,-79971000.000000,-79971000.000000,0.000000,0.000000,-0.595000,147503000.000000,-78444000.000000,2730000.000000,0.000000,,,,25861000.000000,342000.000000,,,,54467000.000000,-282122000.000000,134427000.000000,134427000.000000,62014000.000000,,,,-0.591000,4182000.000000,85489000.000000,1.000000,,29478000.000000,29478000.000000,4.560000,224060000.000000,0.000000,167000.000000,0.000000,7.601000
MRY,2012-12-31,2013-01-31,2013-01-31,2013-FY,629528000.000000,8867720000.000000,2025-05-23,68000.000000,959080000.000000,595859000.000000,884302000.000000,74778000.000000,0.459000,8.003000,-15898000.000000,84158000.000000,84158000.000000,116535000.000000,-119190000.000000,3.471000,0.619000,24980000.000000,12008000.000000,12972000.000000,24980000.000000,285260000.000000,17722000.000000,0.000000,0.000000,0.000000,-119066000.000000,-101344000.000000,-0.370000,-101344000.000000,-119066000.000000,-119066000.000000,-1.620000,-1.620000,-1.620000,592283000.000000,208361000.000000,592283000.000000,8451753000.000000,-71.000000,-83.397000,-4684000.000000,-0.063000,1.000000,157122000.000000,0.574000,8488000.000000,0.000000,636640000.000000,336824500.000000,0.000000,706181000.000000,706181000.000000,0.000000,366797000.000000,254774000.000000,112023000.000000,26629000.000000,0.000000,694990000.000000,-9453000.000000,0.000000,685537000.000000,-670118000.000000,-654220000.000000,11214000.000000,-4000.000000,-119190000.000000,-119758000.000000,-119758000.000000,0.000000,0.000000,-0.438000,274985000.000000,-117863000.000000,2665000.000000,0.000000,14.972000,-74.047000,-32.975000,44585000.000000,568000.000000,53.420000,32.405000,14.448000,67437000.000000,-401880000.000000,273657000.000000,273657000.000000,102665000.000000,-0.201000,-0.575000,-0.353000,-0.435000,15328000.000000,172320000.000000,1.000000,166000000.000000,74011000.000000,74011000.000000,3.698000,950592000.000000,0.000000,124000.000000,0.000000,12.844000
MRY,2013-12-31,2014-01-31,2014-01-31,2014-FY,1601768000.000000,15669500000.000000,2025-05-23,269000.000000,2176265000.000000,1547919500.000000,2023658000.000000,152607000.000000,0.303000,6.931000,-75725000.000000,581326000.000000,581326000.000000,176810000.000000,-172509000.000000,4.797000,0.833000,481378000.000000,9377000.000000,472001000.000000,481378000.000000,413565000.000000,34695000.000000,0.000000,0.000000,0.000000,-170831000.000000,-136136000.000000,-0.290000,-136136000.000000,-170831000.000000,-170831000.000000,-1.010000,-1.010000,-1.010000,1187217000.000000,752786250.000000,1187217000.000000,15964722000.000000,-93.000000,-117.270000,-29462000.000000,-0.172000,1.000000,292128000.000000,0.623000,8488000.000000,0.000000,1645939000.000000,1197614250.000000,0.000000,1305253000.000000,1305253000.000000,0.000000,989048000.000000,421890000.000000,567158000.000000,497168000.000000,0.000000,704835000.000000,572162000.000000,0.000000,1133610000.000000,-682633000.000000,-605998000.000000,46263000.000000,-72000.000000,-172509000.000000,-172509000.000000,-172509000.000000,0.000000,0.000000,-0.368000,445410000.000000,-153282000.000000,6212000.000000,0.000000,13.199000,-90.833000,-88.653000,77664000.000000,0.000000,89.540000,33.415000,32.708000,92184000.000000,-574389000.000000,468938000.000000,468938000.000000,182116000.000000,-0.111000,-0.229000,-0.143000,-0.364000,61851000.000000,263294000.000000,1.000000,175000000.000000,171297000.000000,171297000.000000,2.738000,2167777000.000000,0.000000,1678000.000000,0.000000,12.655000
MRY,2014-12-31,2015-01-31,2015-01-31,2015-FY,1467122000.000000,14859020000.000000,2025-05-23,-140000.000000,2350090000.000000,2245999000.000000,2108387000.000000,241703000.000000,0.351000,6.129000,-103646000.000000,298192000.000000,298192000.000000,264803000.000000,-247982000.000000,3.288000,1.087000,485165000.000000,3207000.000000,481958000.000000,485165000.000000,632744000.000000,59205000.000000,0.000000,0.000000,0.000000,-245972000.000000,-186767000.000000,-0.237000,-186767000.000000,-245972000.000000,-245972000.000000,-1.350000,-1.350000,-1.350000,1125975000.000000,1137367000.000000,1125975000.000000,15156414000.000000,-62.000000,-81.151000,-1643000.000000,-0.009000,1.000000,523057000.000000,0.664000,34779000.000000,0.000000,1861019000.000000,1908065000.000000,0.000000,1559517000.000000,1559517000.000000,0.000000,1224115000.000000,641265000.000000,582850000.000000,-283134000.000000,-26317000.000000,27948000.000000,-9759000.000000,0.000000,19455000.000000,-404167000.000000,-275204000.000000,102003000.000000,-425000.000000,-247982000.000000,-247982000.000000,-247982000.000000,0.000000,0.000000,-0.315000,738759000.000000,-215702000.000000,10623000.000000,0.000000,13.197000,-59.920000,-58.859000,140136000.000000,0.000000,79.460000,18.860000,18.527000,188357000.000000,-822371000.000000,787860000.000000,787860000.000000,316868000.000000,-0.110000,-0.218000,-0.129000,-0.312000,156048000.000000,421891000.000000,1.000000,187000000.000000,183702000.000000,183702000.000000,4.289000,2315311000.000000,0.000000,2010000.000000,0.000000,12.604000
MRY,2015-12-31,2016-01-31,2016-01-31,2016-FY,1439629000.000000,12223940000.000000,2025-05-23,799000.000000,2730094000.000000,2516923000.000000,2362308000.000000,367786000.000000,0.460000,5.979000,-133667000.000000,300087000.000000,300087000.000000,374427000.000000,-275048000.000000,2.560000,1.403000,507476000.000000,0.000000,507476000.000000,507476000.000000,899729000.000000,85939000.000000,0.000000,0.000000,0.000000,-274031000.000000,-188092000.000000,-0.163000,-188092000.000000,-274031000.000000,-274031000.000000,-1.450000,-1.450000,-1.450000,1136157000.000000,1127421500.000000,1136157000.000000,12512074000.000000,-46.000000,-66.521000,124970000.000000,0.658000,1.000000,782263000.000000,0.676000,65816000.000000,0.000000,1948988000.000000,1950536000.000000,0.000000,1669372000.000000,1669372000.000000,0.000000,1593937000.000000,922679000.000000,671258000.000000,1895000.000000,-31436000.000000,45656000.000000,0.000000,0.000000,44109000.000000,-300147000.000000,-134284000.000000,258637000.000000,-704000.000000,-275048000.000000,-275048000.000000,-275048000.000000,0.000000,0.000000,-0.238000,1032052000.000000,-249789000.000000,19605000.000000,0.000000,10.759000,-44.443000,-43.455000,214158000.000000,0.000000,63.010000,10.568000,10.351000,293407000.000000,-1112289000.000000,1156690000.000000,1156690000.000000,469944000.000000,-0.109000,-0.244000,-0.140000,-0.237000,249970000.000000,562108000.000000,1.000000,194000000.000000,190016000.000000,190016000.000000,6.087000,2664278000.000000,0.000000,1017000.000000,0.000000,14.021000
MRY,2016-12-31,2017-01-31,2017-01-31,2017-FY,1239202000.000000,16701090000.000000,2025-05-23,2071000.000000,3268282000.000000,2949202000.000000,2524445000.000000,743837000.000000,0.534000,6.441000,-120813000.000000,539923000.000000,539923000.000000,483545000.000000,-384699000.000000,1.964000,1.560000,534423000.000000,0.000000,534423000.000000,534423000.000000,1221543000.000000,105825000.000000,0.000000,0.000000,0.000000,-385513000.000000,-279688000.000000,-0.178000,-279688000.000000,-385513000.000000,-385513000.000000,-1.940000,-1.940000,-1.940000,1276608000.000000,1170767250.000000,1276608000.000000,16842080000.000000,-44.000000,-60.217000,229813000.000000,1.159000,1.000000,1090895000.000000,0.693000,207141000.000000,0.000000,1770398000.000000,1810780750.000000,0.000000,1456822000.000000,1456822000.000000,0.000000,1991674000.000000,1285243000.000000,706431000.000000,241807000.000000,-147879000.000000,58079000.000000,0.000000,0.000000,59681000.000000,-168885000.000000,207100000.000000,350626000.000000,385000.000000,-384699000.000000,-384699000.000000,-384699000.000000,0.000000,0.000000,-0.244000,1443981000.000000,-353086000.000000,26824000.000000,0.000000,13.082000,-43.413000,-42.830000,365877000.000000,0.000000,83.090000,10.608000,10.461000,409780000.000000,-1406865000.000000,1574440000.000000,1574440000.000000,680531000.000000,-0.130000,-0.329000,-0.213000,-0.245000,372272000.000000,763450000.000000,1.000000,201000000.000000,198214000.000000,198214000.000000,7.943000,3061141000.000000,0.000000,-814000.000000,0.000000,15.444000
MRY,2017-12-31,2018-01-31,2018-01-31,2018-FY,1898104000.000000,25176900000.000000,2025-05-23,-46413000.000000,4947424000.000000,4057002000.000000,3956978000.000000,990446000.000000,0.528000,7.606000,-152536000.000000,1134355000.000000,1134355000.000000,629413000.000000,-321222000.000000,1.922000,2.131000,1491354000.000000,341509000.000000,1149845000.000000,1491354000.000000,1537147000.000000,135723000.000000,0.000000,0.000000,0.000000,-314786000.000000,-179063000.000000,-0.084000,-179063000.000000,-314786000.000000,-314786000.000000,-1.550000,-1.550000,-1.550000,1580365000.000000,1452973250.000000,1580365000.000000,25313346000.000000,-80.000000,-141.366000,313191000.000000,1.507000,1.000000,1513637000.000000,0.706000,193610000.000000,0.000000,3051939000.000000,2250811750.000000,0.000000,2133495000.000000,2133495000.000000,0.000000,3367059000.000000,2058874000.000000,1308185000.000000,593760000.000000,-5744000.000000,149861000.000000,1132101000.000000,0.000000,1106262000.000000,-978980000.000000,-695889000.000000,465727000.000000,751000.000000,-321222000.000000,-321222000.000000,-321222000.000000,0.000000,0.000000,-0.150000,1816860000.000000,-303223000.000000,20998000.000000,0.000000,15.931000,-78.379000,-77.348000,546609000.000000,0.000000,119.890000,11.748000,11.624000,528208000.000000,-1727856000.000000,2143050000.000000,2143050000.000000,910584000.000000,-0.079000,-0.221000,-0.140000,-0.147000,478425000.000000,906276000.000000,1.000000,210000000.000000,207774000.000000,207774000.000000,10.314000,4753814000.000000,0.000000,6436000.000000,0.000000,22.880000
MRY,2018-12-31,2019-01-31,2019-01-31,2019-FY,269905000.000000,39936600000.000000,2025-05-23,-809000.000000,5520746000.000000,5053484250.000000,2700596000.000000,2820150000.000000,0.558000,9.034000,-212957000.000000,638554000.000000,638554000.000000,834950000.000000,-418258000.000000,1.111000,1.819000,1204778000.000000,232514000.000000,972264000.000000,1204778000.000000,1949270000.000000,198111000.000000,0.000000,0.000000,0.000000,-423752000.000000,-225641000.000000,-0.080000,-225641000.000000,-423752000.000000,-423752000.000000,-1.930000,-1.930000,-1.930000,1958442000.000000,1806028750.000000,1958442000.000000,40586993000.000000,-96.000000,-179.874000,393701000.000000,1.816000,1.000000,1987230000.000000,0.704000,1692365000.000000,0.000000,1963914000.000000,2246996000.000000,0.000000,1139864000.000000,1139864000.000000,0.000000,3562304000.000000,2430691000.000000,1131613000.000000,-493451000.000000,-1474337000.000000,93567000.000000,-350030000.000000,0.000000,-256711000.000000,-842784000.000000,1025690000.000000,606658000.000000,-614000.000000,-418258000.000000,-418258000.000000,-418258000.000000,0.000000,0.000000,-0.148000,2450514000.000000,-463284000.000000,29093000.000000,0.000000,20.392000,-95.483000,-94.057000,796907000.000000,0.000000,181.530000,14.151000,13.944000,704680000.000000,-2146304000.000000,2822180000.000000,2822180000.000000,1211832000.000000,-0.083000,-0.232000,-0.189000,-0.150000,652465000.000000,1238682000.000000,1.000000,220000000.000000,216789000.000000,216789000.000000,13.018000,3828381000.000000,0.000000,-5494000.000000,0.000000,17.659000
MRY,2019-12-31,2020-01-31,2020-01-31,2020-FY,125218000.000000,42464900000.000000,2025-05-23,23492000.000000,6816365000.000000,6197085000.000000,3094622000.000000,3721743000.000000,0.585000,10.945000,-244544000.000000,731141000.000000,731141000.000000,1065258000.000000,-480674000.000000,1.042000,1.741000,1569858000.000000,310466000.000000,1259392000.000000,1569858000.000000,2309203000.000000,343603000.000000,0.000000,0.000000,0.000000,-482447000.000000,-138844000.000000,-0.038000,-138844000.000000,-482447000.000000,-482447000.000000,-2.120000,-2.120000,-2.120000,2486551000.000000,2265190750.000000,2486551000.000000,43104499000.000000,-89.000000,-310.453000,620054000.000000,2.729000,1.000000,2561948000.000000,0.706000,2127662000.000000,0.000000,2558016000.000000,2369886500.000000,0.000000,1213432000.000000,1213432000.000000,0.000000,4329814000.000000,2969404000.000000,1360410000.000000,92518000.000000,-473603000.000000,125673000.000000,-30000.000000,0.000000,125124000.000000,-896922000.000000,-79458000.000000,864598000.000000,-282000.000000,-480674000.000000,-480674000.000000,-480674000.000000,0.000000,0.000000,-0.133000,3064178000.000000,-502230000.000000,57556000.000000,0.000000,17.078000,-88.344000,-87.090000,1227081000.000000,0.000000,184.630000,11.707000,11.564000,877578000.000000,-2627359000.000000,3627206000.000000,3627206000.000000,1549906000.000000,-0.078000,-0.212000,-0.204000,-0.133000,859571000.000000,1514272000.000000,1.000000,230000000.000000,227185000.000000,227185000.000000,15.966000,4688703000.000000,0.000000,-1773000.000000,0.000000,20.638000
MRY,2020-12-31,2021-01-31,2021-01-31,2021-FY,519413000.000000,54607200000.000000,2025-05-23,-54970000.000000,8718411000.000000,7823098000.000000,4802061000.000000,3916350000.000000,0.552000,13.829000,-256330000.000000,1384181000.000000,1384181000.000000,1198132000.000000,-282431000.000000,1.121000,1.660000,2238065000.000000,1196101000.000000,1041964000.000000,2238065000.000000,2636735000.000000,378033000.000000,0.000000,0.000000,0.000000,-275134000.000000,102899000.000000,0.024000,102899000.000000,-275134000.000000,-275134000.000000,-1.190000,-1.190000,-1.190000,3277834000.000000,2949092500.000000,3277834000.000000,55769842000.000000,-203.000000,541.986000,1012111000.000000,4.270000,1.000000,3119864000.000000,0.723000,2068251000.000000,0.000000,3221396000.000000,3375353500.000000,0.000000,2151472000.000000,2151472000.000000,0.000000,5440577000.000000,4282648000.000000,1157929000.000000,653200000.000000,0.000000,148673000.000000,479033000.000000,0.000000,625049000.000000,-1241624000.000000,-979178000.000000,1268441000.000000,1334000.000000,-282431000.000000,-282431000.000000,-282431000.000000,0.000000,0.000000,-0.065000,3368463000.000000,-248599000.000000,75596000.000000,0.000000,16.660000,-193.347000,-191.202000,1386546000.000000,0.000000,227.530000,12.646000,12.489000,1032484000.000000,-2909990000.000000,4317996000.000000,4317996000.000000,1721222000.000000,-0.036000,-0.096000,-0.082000,-0.064000,1004854000.000000,1647241000.000000,1.000000,240000000.000000,237019000.000000,237019000.000000,18.218000,6650160000.000000,0.000000,7297000.000000,0.000000,28.057000
MRY,2021-12-31,2022-01-31,2022-01-31,2022-FY,146210000.000000,63252500000.000000,2025-05-23,7709000.000000,10498505000.000000,9419310000.000000,5214065000.000000,5284440000.000000,0.546000,18.342000,-272000000.000000,1534273000.000000,1534273000.000000,1428000000.000000,29000000.000000,1.029000,1.315000,2102756000.000000,1302946000.000000,799810000.000000,2102756000.000000,3182480000.000000,430000000.000000,0.000000,0.000000,0.000000,16000000.000000,446000000.000000,0.087000,446000000.000000,16000000.000000,16000000.000000,0.120000,0.120000,0.120000,4535082000.000000,4006082250.000000,4535082000.000000,64089871000.000000,4006.000000,143.699000,1379000000.000000,5.577000,1.000000,3711000000.000000,0.722000,3231046000.000000,0.000000,2768087000.000000,2994579000.000000,0.000000,2109888000.000000,2109888000.000000,0.000000,5963423000.000000,5067855000.000000,895568000.000000,153000000.000000,-1190000000.000000,148000000.000000,-38000000.000000,0.000000,110000000.000000,-1607000000.000000,26000000.000000,1651000000.000000,-1000000.000000,29000000.000000,29000000.000000,29000000.000000,0.000000,0.000000,0.006000,3827000000.000000,-116000000.000000,55487000.000000,0.000000,13.947000,2181.121000,2108.417000,1370883000.000000,0.000000,253.010000,12.308000,12.173000,1242545000.000000,-2744585000.000000,5139000000.000000,5139000000.000000,1879000000.000000,0.003000,0.007000,0.005000,0.003000,1101000000.000000,1948000000.000000,1.000000,250000000.000000,247249000.000000,254032000.000000,20.785000,7267459000.000000,0.000000,-13000000.000000,0.000000,29.393000
MRY,2022-12-31,2023-01-31,2023-01-31,2023-FY,3480000000.000000,46627510000.000000,2025-05-23,53000000.000000,13486000000.000000,12981110750.000000,8108000000.000000,5378000000.000000,0.479000,21.918000,-365000000.000000,1886000000.000000,1886000000.000000,1710000000.000000,-367000000.000000,1.752000,1.415000,3249000000.000000,91000000.000000,3158000000.000000,3249000000.000000,3634000000.000000,456000000.000000,0.000000,0.000000,0.000000,-260000000.000000,196000000.000000,0.032000,196000000.000000,-260000000.000000,-260000000.000000,-1.440000,-1.440000,-1.440000,5585000000.000000,5225680750.000000,5585000000.000000,48312849000.000000,-186.000000,246.494000,1292000000.000000,5.070000,1.000000,4506000000.000000,0.725000,3146000000.000000,0.000000,7075000000.000000,6955306500.000000,0.000000,4235000000.000000,4235000000.000000,0.000000,7901000000.000000,4628000000.000000,3273000000.000000,354000000.000000,0.000000,77000000.000000,1127000000.000000,0.000000,1204000000.000000,-2506000000.000000,-2141000000.000000,1657000000.000000,-1000000.000000,-367000000.000000,-367000000.000000,-367000000.000000,0.000000,0.000000,-0.059000,4728000000.000000,-222000000.000000,154000000.000000,0.000000,8.349000,-127.050000,-125.993000,1450000000.000000,0.000000,181.430000,7.501000,7.438000,1570000000.000000,-3112000000.000000,6216000000.000000,6216000000.000000,2247000000.000000,-0.028000,-0.070000,-0.037000,-0.042000,1295000000.000000,2441000000.000000,1.000000,257000000.000000,254819000.000000,254819000.000000,24.394000,10340000000.000000,13000000.000000,107000000.000000,0.000000,40.578000
MRY,2023-12-31,2024-01-31,2024-01-31,2024-FY,4884000000.000000,76551410000.000000,2025-05-23,21000000.000000,16452000000.000000,14341511000.000000,9939000000.000000,6513000000.000000,0.506000,30.925000,-242000000.000000,2012000000.000000,2012000000.000000,1771000000.000000,1381000000.000000,1.966000,1.036000,3296000000.000000,89000000.000000,3207000000.000000,3296000000.000000,4127000000.000000,378000000.000000,0.000000,0.000000,0.000000,356000000.000000,734000000.000000,0.101000,734000000.000000,356000000.000000,356000000.000000,5.280000,5.210000,5.280000,8082000000.000000,6730833250.000000,8082000000.000000,78263439000.000000,220.000000,106.626000,1907000000.000000,7.297000,1.000000,5488000000.000000,0.756000,3079000000.000000,0.000000,9602000000.000000,8573472000.000000,0.000000,5801000000.000000,5801000000.000000,0.000000,8370000000.000000,5055000000.000000,3315000000.000000,129000000.000000,-8000000.000000,-246000000.000000,0.000000,0.000000,-268000000.000000,-1751000000.000000,-1501000000.000000,2149000000.000000,-1000000.000000,1381000000.000000,1381000000.000000,1381000000.000000,0.000000,0.000000,0.190000,5305000000.000000,183000000.000000,78000000.000000,0.000000,9.472000,55.432000,55.127000,1523000000.000000,0.000000,291.070000,10.546000,10.479000,1639000000.000000,-1731000000.000000,7259000000.000000,7259000000.000000,2464000000.000000,0.096000,0.205000,0.042000,0.049000,1416000000.000000,2841000000.000000,1.000000,263000000.000000,261344000.000000,265285000.000000,27.776000,13373000000.000000,1065000000.000000,-1025000000.000000,0.000000,51.170000
MRY,2024-12-31,2025-01-31,2025-01-31,2025-FY,4997000000.000000,69707960000.000000,2025-05-23,84000000.000000,17977000000.000000,16644000000.000000,10545000000.000000,7432000000.000000,0.507000,34.058000,-272000000.000000,1543000000.000000,1543000000.000000,2069000000.000000,526000000.000000,1.901000,0.990000,3362000000.000000,99000000.000000,3263000000.000000,3362000000.000000,4547000000.000000,429000000.000000,0.000000,0.000000,0.000000,638000000.000000,1067000000.000000,0.126000,1067000000.000000,638000000.000000,638000000.000000,1.980000,1.950000,1.980000,9034000000.000000,8541500000.000000,9034000000.000000,71759960000.000000,112.000000,67.254000,2189000000.000000,8.252000,1.000000,6377000000.000000,0.755000,3839000000.000000,0.000000,10409000000.000000,9990000000.000000,0.000000,6474000000.000000,6474000000.000000,0.000000,8943000000.000000,5548000000.000000,3395000000.000000,-470000000.000000,-825000000.000000,-514000000.000000,0.000000,0.000000,-1150000000.000000,-1781000000.000000,-684000000.000000,2461000000.000000,0.000000,526000000.000000,526000000.000000,526000000.000000,0.000000,0.000000,0.062000,5962000000.000000,415000000.000000,108000000.000000,0.000000,7.716000,132.525000,132.354000,1575000000.000000,0.000000,262.060000,8.253000,8.230000,1950000000.000000,-1205000000.000000,8446000000.000000,8446000000.000000,2626000000.000000,0.032000,0.062000,0.064000,0.076000,1519000000.000000,3252000000.000000,1.000000,266000000.000000,265257000.000000,269205000.000000,31.841000,14138000000.000000,1039000000.000000,112000000.000000,0.000000,53.299000
