dimension,calendardate,datekey,reportperiod,fiscalperiod,workingcapital,marketcap,lastupdated,accoci,assets,assetsavg,assetsc,assetsnc,assetturnover,bvps,capex,cashneq,cashnequsd,cor,consolinc,currentratio,de,debt,debtc,debtnc,debtusd,deferredrev,depamor,deposits,divyield,dps,ebit,ebitda,ebitdamargin,ebitdausd,ebitusd,ebt,eps,epsdil,epsusd,equity,equityavg,equityusd,ev,evebit,evebitda,fcf,fcfps,fxusd,gp,grossmargin,intangibles,intexp,invcap,invcapavg,inventory,investments,investmentsc,investmentsnc,liabilities,liabilitiesc,liabilitiesnc,ncf,ncfbus,ncfcommon,ncfdebt,ncfdiv,ncff,ncfi,ncfinv,ncfo,ncfx,netinc,netinccmn,netinccmnusd,netincdis,netincnci,netmargin,opex,opinc,payables,payoutratio,pb,pe,pe1,ppnenet,prefdivis,price,ps,ps1,receivables,retearn,revenue,revenueusd,rnd,roa,roe,roic,ros,sbcomp,sgna,sharefactor,sharesbas,shareswa,shareswadil,sps,tangibles,taxassets,taxexp,taxliabilities,tbvps
ARQ,2020-09-30,2020-12-07,2020-09-30,2020-Q3,2828152000.000000,,2025-05-01,-2867000.000000,8728479000.000000,,7212208000.000000,1516271000.000000,,-2.304000,,2720018000.000000,2720018000.000000,,,1.645000,-4.994000,2254092000.000000,62711000.000000,2191381000.000000,2254092000.000000,459772000.000000,,0.000000,,0.000000,,,,,,,,,,-1376284000.000000,,-1376284000.000000,,,,,,1.000000,,,728333000.000000,,3150164000.000000,,0.000000,1830821000.000000,1830821000.000000,0.000000,6873261000.000000,4384056000.000000,2489205000.000000,,,,,,,,,,,,,,,,,,,2400422000.000000,,,,,615693000.000000,,,,,2354450000.000000,-2117856000.000000,,,,,,,,,,1.000000,597448251.000000,597448251.000000,,,8000146000.000000,0.000000,,0.000000,13.391000
ARQ,2020-12-31,2021-02-26,2020-12-31,2020-Q4,3776607000.000000,125550509837.000000,2025-05-01,2639000.000000,10491499000.000000,,8916386000.000000,1575113000.000000,,10.205000,-7882000.000000,5514403000.000000,5514403000.000000,209747000.000000,-3887851000.000000,1.735000,2.616000,2303053000.000000,56586000.000000,2246467000.000000,2303053000.000000,407895000.000000,32438000.000000,0.000000,0.000000,0.000000,-3928362000.000000,-3895924000.000000,-4.534000,-3895924000.000000,-3928362000.000000,-3992502000.000000,-13.480000,-13.480000,-13.480000,2901783000.000000,,2901783000.000000,122339159837.000000,-27.000000,-27.903000,-146992000.000000,-0.517000,1.000000,649517000.000000,0.756000,731687000.000000,64140000.000000,1408683000.000000,,0.000000,910700000.000000,910700000.000000,0.000000,7589716000.000000,5139779000.000000,2449937000.000000,2622118000.000000,0.000000,3660533000.000000,-2500000.000000,0.000000,1766607000.000000,895694000.000000,912676000.000000,-139110000.000000,98927000.000000,-3887851000.000000,-3887851000.000000,-3887851000.000000,0.000000,0.000000,-4.525000,3749697000.000000,-3100180000.000000,2261227000.000000,0.000000,43.267000,-27.385000,-12.801000,654262000.000000,0.000000,206.350000,37.165000,17.370000,2181329000.000000,-6005707000.000000,859264000.000000,859264000.000000,2062195000.000000,,,,,2893172000.000000,1343584000.000000,1.000000,608434746.000000,284363000.000000,284363000.000000,3.022000,9759812000.000000,0.000000,-104651000.000000,0.000000,34.322000
ARQ,2021-03-31,2021-05-14,2021-03-31,2021-Q1,4353449000.000000,87194184907.000000,2025-05-01,-2200000.000000,12339077000.000000,,10926641000.000000,1412436000.000000,,5.257000,-7706000.000000,4502555000.000000,4502555000.000000,254515000.000000,-1172211000.000000,1.662000,2.905000,2457024000.000000,54867000.000000,2402157000.000000,2457024000.000000,946204000.000000,38252000.000000,0.000000,0.000000,0.000000,-743991000.000000,-705739000.000000,-0.796000,-705739000.000000,-743991000.000000,-1165902000.000000,-1.950000,-1.950000,-1.950000,3159423000.000000,,3159423000.000000,85148653907.000000,,,486662000.000000,0.810000,1.000000,632421000.000000,0.713000,723342000.000000,421911000.000000,2997012000.000000,,0.000000,2086666000.000000,2086666000.000000,0.000000,9179654000.000000,6573192000.000000,2606462000.000000,817329000.000000,0.000000,47793000.000000,-328917000.000000,0.000000,1567534000.000000,-1172286000.000000,-1164580000.000000,494368000.000000,-72287000.000000,-1172211000.000000,-1172211000.000000,-1172211000.000000,0.000000,0.000000,-1.322000,1079366000.000000,-446945000.000000,4131564000.000000,0.000000,27.598000,,,511973000.000000,0.000000,141.200000,,,4014876000.000000,-7177918000.000000,886936000.000000,886936000.000000,363061000.000000,,,,,229474000.000000,418887000.000000,1.000000,617522556.000000,600960000.000000,600960000.000000,1.476000,11615735000.000000,0.000000,6309000.000000,0.000000,19.329000
ARQ,2021-06-30,2021-08-13,2021-06-30,2021-Q2,4599632000.000000,96031474586.000000,2025-05-01,7000.000000,15484810000.000000,,14095982000.000000,1388828000.000000,,5.547000,-7652000.000000,5687446000.000000,5687446000.000000,294427000.000000,-68217000.000000,1.484000,3.563000,2443749000.000000,51112000.000000,2392637000.000000,2443749000.000000,1483909000.000000,35536000.000000,0.000000,0.000000,0.000000,-50464000.000000,-14928000.000000,-0.011000,-14928000.000000,-50464000.000000,-56984000.000000,-0.110000,-0.110000,-0.110000,3393201000.000000,,3393201000.000000,92787777586.000000,,,783647000.000000,1.281000,1.000000,1040769000.000000,0.779000,718207000.000000,6520000.000000,2026556000.000000,,0.000000,1755257000.000000,1755257000.000000,0.000000,12091609000.000000,9496350000.000000,2595259000.000000,3466886000.000000,0.000000,61526000.000000,0.000000,0.000000,2333538000.000000,325516000.000000,333168000.000000,791299000.000000,16533000.000000,-68217000.000000,-68217000.000000,-68217000.000000,0.000000,0.000000,-0.051000,1092047000.000000,-51278000.000000,6399364000.000000,0.000000,28.301000,,,482322000.000000,0.000000,152.760000,,,6301695000.000000,-7246135000.000000,1335196000.000000,1335196000.000000,349734000.000000,,,,,232863000.000000,533626000.000000,1.000000,628642803.000000,611739000.000000,611739000.000000,2.183000,14766603000.000000,0.000000,11233000.000000,0.000000,24.139000
ARQ,2021-09-30,2021-11-05,2021-09-30,2021-Q3,5661603000.000000,128107115462.000000,2025-05-01,-3152000.000000,13582003000.000000,,12220917000.000000,1361086000.000000,,7.164000,-5506000.000000,6009462000.000000,6009462000.000000,311580000.000000,833893000.000000,1.863000,2.053000,2430998000.000000,65578000.000000,2365420000.000000,2430998000.000000,892415000.000000,33687000.000000,0.000000,0.000000,0.000000,857107000.000000,890794000.000000,0.398000,890794000.000000,857107000.000000,850458000.000000,1.340000,1.220000,1.340000,4448934000.000000,,4448934000.000000,124528651462.000000,-32.000000,-33.423000,517672000.000000,0.834000,1.000000,1925852000.000000,0.861000,711620000.000000,6649000.000000,2732605000.000000,,0.000000,1926005000.000000,1926005000.000000,0.000000,9133069000.000000,6559314000.000000,2573755000.000000,-2079249000.000000,0.000000,20733000.000000,0.000000,0.000000,-2323426000.000000,-175749000.000000,-170243000.000000,523178000.000000,-103252000.000000,833893000.000000,833893000.000000,833893000.000000,0.000000,0.000000,0.373000,1073879000.000000,851973000.000000,4037587000.000000,0.000000,28.795000,-29.831000,-14.199000,453934000.000000,0.000000,201.620000,24.086000,23.541000,3940494000.000000,-6412242000.000000,2237432000.000000,2237432000.000000,344410000.000000,,,,,210789000.000000,501604000.000000,1.000000,635388927.000000,621012000.000000,681916000.000000,3.603000,12870383000.000000,0.000000,16565000.000000,0.000000,20.725000
ARQ,2021-12-31,2022-02-25,2021-12-31,2021-Q4,6027098000.000000,99703164265.000000,2025-05-01,-6893000.000000,13708474000.000000,,12386380000.000000,1322094000.000000,,7.585000,-4458000.000000,6082202000.000000,6082202000.000000,295311000.000000,54501000.000000,1.948000,1.870000,2418499000.000000,63479000.000000,2355020000.000000,2418499000.000000,903728000.000000,30844000.000000,0.000000,0.000000,0.000000,74740000.000000,105584000.000000,0.069000,105584000.000000,74740000.000000,72221000.000000,0.100000,0.100000,0.100000,4775713000.000000,,4775713000.000000,96039461265.000000,699.000000,348.334000,376391000.000000,0.598000,1.000000,1236885000.000000,0.807000,704910000.000000,2519000.000000,2980579000.000000,,0.000000,2255038000.000000,2255038000.000000,0.000000,8932761000.000000,6359282000.000000,2573479000.000000,-145929000.000000,0.000000,58141000.000000,0.000000,0.000000,-146487000.000000,-329436000.000000,-325478000.000000,380849000.000000,-50855000.000000,54501000.000000,54501000.000000,54501000.000000,0.000000,0.000000,0.036000,1161318000.000000,75567000.000000,3833832000.000000,0.000000,20.877000,-283.220000,-272.088000,428621000.000000,0.000000,155.090000,16.640000,15.942000,3715471000.000000,-6357741000.000000,1532196000.000000,1532196000.000000,367843000.000000,,,,,225704000.000000,567539000.000000,1.000000,642872940.000000,629631000.000000,629631000.000000,2.433000,13003564000.000000,0.000000,17720000.000000,0.000000,20.653000
ARQ,2022-03-31,2022-05-09,2022-03-31,2022-Q1,5987665000.000000,77072814990.000000,2025-05-01,-12415000.000000,17068442000.000000,,15761447000.000000,1306995000.000000,,7.457000,-5959000.000000,6901395000.000000,6901395000.000000,362623000.000000,-18792000.000000,1.613000,2.603000,2406010000.000000,63524000.000000,2342486000.000000,2406010000.000000,1747746000.000000,29232000.000000,0.000000,0.000000,0.000000,-2322000.000000,26910000.000000,0.018000,26910000.000000,-2322000.000000,-8086000.000000,-0.030000,-0.030000,-0.030000,4737416000.000000,,4737416000.000000,72577429990.000000,83.000000,71.976000,1196033000.000000,1.883000,1.000000,1146314000.000000,0.760000,698537000.000000,5764000.000000,2100738000.000000,,0.000000,2435661000.000000,2435661000.000000,0.000000,12331026000.000000,9773782000.000000,2557244000.000000,3211939000.000000,0.000000,11652000.000000,0.000000,0.000000,2203519000.000000,-196970000.000000,-188164000.000000,1201992000.000000,3398000.000000,-18792000.000000,-18792000.000000,-18792000.000000,0.000000,0.000000,-0.012000,1151445000.000000,-5131000.000000,6232840000.000000,0.000000,16.269000,96.175000,91.823000,405839000.000000,0.000000,119.370000,11.653000,11.467000,6104653000.000000,-6376533000.000000,1508937000.000000,1508937000.000000,362927000.000000,,,,,194923000.000000,555189000.000000,1.000000,645663190.000000,635314000.000000,635314000.000000,2.375000,16369905000.000000,0.000000,10706000.000000,0.000000,25.767000
ARQ,2022-06-30,2022-08-03,2022-06-30,2022-Q2,6538484000.000000,74613312742.000000,2025-05-01,-24030000.000000,19059126000.000000,,17825649000.000000,1233477000.000000,,8.216000,-5048000.000000,7852760000.000000,7852760000.000000,390107000.000000,378841000.000000,1.579000,2.634000,2381309000.000000,61702000.000000,2319607000.000000,2381309000.000000,1980863000.000000,26005000.000000,0.000000,0.000000,0.000000,390594000.000000,416599000.000000,0.198000,416599000.000000,390594000.000000,383111000.000000,0.590000,0.560000,0.590000,5245025000.000000,,5245025000.000000,69141861742.000000,52.000000,48.019000,794699000.000000,1.245000,1.000000,1714000000.000000,0.815000,691844000.000000,7483000.000000,1608666000.000000,,0.000000,2057487000.000000,2057487000.000000,0.000000,13814101000.000000,11287165000.000000,2526936000.000000,2302432000.000000,0.000000,25151000.000000,0.000000,0.000000,1445967000.000000,368001000.000000,373049000.000000,799747000.000000,-311283000.000000,378841000.000000,378841000.000000,378841000.000000,0.000000,0.000000,0.180000,1345177000.000000,368823000.000000,7604758000.000000,0.000000,14.226000,59.765000,57.510000,282689000.000000,0.000000,115.020000,10.107000,9.946000,7465510000.000000,-5997692000.000000,2104107000.000000,2104107000.000000,375050000.000000,,,,,247105000.000000,623129000.000000,1.000000,648698598.000000,638407000.000000,683536000.000000,3.296000,18367282000.000000,0.000000,4270000.000000,0.000000,28.770000
ARQ,2022-09-30,2022-11-03,2022-09-30,2022-Q3,6851197000.000000,59111548380.000000,2025-05-01,-41871000.000000,16076590000.000000,,14866524000.000000,1210066000.000000,,8.674000,-5599000.000000,7525208000.000000,7525208000.000000,401149000.000000,1214288000.000000,1.855000,1.902000,2361184000.000000,52324000.000000,2308860000.000000,2361184000.000000,1220256000.000000,12815000.000000,0.000000,0.000000,0.000000,1275581000.000000,1288396000.000000,0.447000,1288396000.000000,1275581000.000000,1269899000.000000,1.900000,1.790000,1.900000,5540136000.000000,,5540136000.000000,53947524380.000000,31.000000,29.359000,959964000.000000,1.503000,1.000000,2483261000.000000,0.861000,684681000.000000,5682000.000000,2212558000.000000,,0.000000,2103898000.000000,2103898000.000000,0.000000,10536454000.000000,8015327000.000000,2521127000.000000,-2982278000.000000,0.000000,-997351000.000000,0.000000,0.000000,-3574056000.000000,-55760000.000000,-50781000.000000,965563000.000000,-318025000.000000,1214288000.000000,1214288000.000000,1214288000.000000,0.000000,0.000000,0.421000,1279780000.000000,1203481000.000000,4958043000.000000,0.000000,10.670000,36.291000,35.945000,272676000.000000,0.000000,92.020000,7.362000,7.319000,4805382000.000000,-5783403000.000000,2884410000.000000,2884410000.000000,366182000.000000,,,,,234364000.000000,623600000.000000,1.000000,642377183.000000,638696000.000000,680059000.000000,4.516000,15391909000.000000,0.000000,55611000.000000,0.000000,24.099000
ARQ,2022-12-31,2023-02-17,2022-12-31,2022-Q4,6883000000.000000,84293549810.000000,2025-05-01,-32000000.000000,16038000000.000000,,14861000000.000000,1177000000.000000,,8.748000,-8394000.000000,7378000000.000000,7378000000.000000,345121000.000000,318663000.000000,1.863000,1.885000,2341000000.000000,59000000.000000,2282000000.000000,2341000000.000000,1182000000.000000,12948000.000000,0.000000,0.000000,0.000000,349147000.000000,362095000.000000,0.190000,362095000.000000,349147000.000000,344076000.000000,0.500000,0.480000,0.500000,5560000000.000000,,5560000000.000000,79256549810.000000,39.000000,37.849000,454304000.000000,0.715000,1.000000,1556425000.000000,0.819000,684000000.000000,5071000.000000,2339000000.000000,,0.000000,2244000000.000000,2244000000.000000,0.000000,10478000000.000000,7978000000.000000,2500000000.000000,-156093000.000000,0.000000,-451452000.000000,0.000000,0.000000,-764430000.000000,-143271000.000000,-135104000.000000,462698000.000000,288910000.000000,318663000.000000,318663000.000000,318663000.000000,0.000000,0.000000,0.168000,1321598000.000000,234827000.000000,4920000000.000000,0.000000,15.161000,44.529000,44.310000,259000000.000000,0.000000,131.600000,10.036000,9.981000,4783000000.000000,-5965000000.000000,1901546000.000000,1901546000.000000,397841000.000000,,,,,253608000.000000,664082000.000000,1.000000,640528494.000000,635545000.000000,671627000.000000,2.992000,15354000000.000000,0.000000,25413000.000000,0.000000,24.159000
ARQ,2023-03-31,2023-05-09,2023-03-31,2023-Q1,6657000000.000000,81255516607.000000,2025-05-01,-30000000.000000,20018000000.000000,,18869000000.000000,1149000000.000000,,8.345000,-6000000.000000,8166000000.000000,8166000000.000000,428000000.000000,117000000.000000,1.545000,2.783000,2288000000.000000,0.000000,2288000000.000000,2288000000.000000,2172000000.000000,11000000.000000,0.000000,0.000000,0.000000,134000000.000000,145000000.000000,0.080000,145000000.000000,134000000.000000,130000000.000000,0.180000,0.180000,0.180000,5291000000.000000,,5291000000.000000,75377516607.000000,35.000000,34.075000,1581000000.000000,2.494000,1.000000,1390000000.000000,0.765000,682000000.000000,4000000.000000,1246000000.000000,,0.000000,2428000000.000000,2428000000.000000,0.000000,14727000000.000000,12212000000.000000,2515000000.000000,3769000000.000000,0.000000,-476000000.000000,0.000000,0.000000,2286000000.000000,-183000000.000000,-177000000.000000,1587000000.000000,79000000.000000,117000000.000000,117000000.000000,117000000.000000,0.000000,0.000000,0.064000,1395000000.000000,-5000000.000000,7921000000.000000,0.000000,15.357000,40.051000,40.085000,260000000.000000,0.000000,127.070000,9.331000,9.251000,7760000000.000000,-6341000000.000000,1818000000.000000,1818000000.000000,420000000.000000,,,,,240000000.000000,693000000.000000,1.000000,639454762.000000,634000000.000000,670000000.000000,2.868000,19336000000.000000,0.000000,13000000.000000,0.000000,30.498000
ARQ,2023-06-30,2023-08-03,2023-06-30,2023-Q2,6428000000.000000,91189318076.000000,2025-05-01,-33000000.000000,21188000000.000000,,20052000000.000000,1136000000.000000,,7.967000,-9000000.000000,7905000000.000000,7905000000.000000,432000000.000000,650000000.000000,1.472000,3.188000,2274000000.000000,0.000000,2274000000.000000,2274000000.000000,2347000000.000000,9000000.000000,0.000000,0.000000,0.000000,678000000.000000,687000000.000000,0.277000,687000000.000000,678000000.000000,676000000.000000,1.020000,0.980000,1.020000,5059000000.000000,,5059000000.000000,85558318076.000000,35.000000,34.465000,900000000.000000,1.417000,1.000000,2052000000.000000,0.826000,679000000.000000,2000000.000000,1254000000.000000,,0.000000,2435000000.000000,2435000000.000000,0.000000,16129000000.000000,13624000000.000000,2505000000.000000,1109000000.000000,0.000000,-470000000.000000,0.000000,0.000000,167000000.000000,-20000000.000000,-11000000.000000,909000000.000000,53000000.000000,650000000.000000,650000000.000000,650000000.000000,0.000000,0.000000,0.262000,1529000000.000000,523000000.000000,9244000000.000000,0.000000,18.025000,39.648000,39.133000,263000000.000000,0.000000,140.880000,10.034000,9.844000,9144000000.000000,-6198000000.000000,2484000000.000000,2484000000.000000,451000000.000000,,,,,304000000.000000,761000000.000000,1.000000,647283632.000000,635000000.000000,665000000.000000,3.912000,20509000000.000000,0.000000,26000000.000000,0.000000,32.298000
ARQ,2023-09-30,2023-11-01,2023-09-30,2023-Q3,7702000000.000000,77468894909.000000,2025-05-01,-5000000.000000,21439000000.000000,,17523000000.000000,3916000000.000000,,14.255000,-15000000.000000,8175000000.000000,8175000000.000000,459000000.000000,4374000000.000000,1.784000,1.350000,2255000000.000000,0.000000,2255000000.000000,2255000000.000000,1467000000.000000,8000000.000000,0.000000,0.000000,0.000000,1685000000.000000,1693000000.000000,0.498000,1693000000.000000,1685000000.000000,1679000000.000000,6.830000,6.630000,6.830000,9123000000.000000,,9123000000.000000,71548894909.000000,25.000000,24.782000,1310000000.000000,2.047000,1.000000,2938000000.000000,0.865000,676000000.000000,6000000.000000,5022000000.000000,,0.000000,2787000000.000000,2787000000.000000,0.000000,12316000000.000000,9821000000.000000,2495000000.000000,-2893000000.000000,0.000000,-486000000.000000,0.000000,0.000000,-3712000000.000000,-364000000.000000,-349000000.000000,1325000000.000000,-142000000.000000,4374000000.000000,4374000000.000000,4374000000.000000,0.000000,0.000000,1.288000,1442000000.000000,1496000000.000000,6149000000.000000,0.000000,8.492000,14.189000,14.006000,270000000.000000,0.000000,119.470000,8.069000,7.964000,5986000000.000000,-2324000000.000000,3397000000.000000,3397000000.000000,419000000.000000,,,,,286000000.000000,707000000.000000,1.000000,648438059.000000,640000000.000000,660000000.000000,5.308000,20763000000.000000,2775000000.000000,-2695000000.000000,0.000000,32.442000
ARQ,2023-12-31,2024-02-16,2023-12-31,2023-Q4,6559000000.000000,98683832669.000000,2025-05-01,-49000000.000000,20645000000.000000,,16509000000.000000,4136000000.000000,,12.758000,30000000.000000,6874000000.000000,6874000000.000000,384000000.000000,-349000000.000000,1.659000,1.528000,2243000000.000000,0.000000,2243000000.000000,2243000000.000000,1427000000.000000,16000000.000000,0.000000,0.000000,0.000000,-312000000.000000,-296000000.000000,-0.133000,-296000000.000000,-312000000.000000,-383000000.000000,-0.560000,-0.500000,-0.560000,8165000000.000000,,8165000000.000000,94052832669.000000,43.000000,42.195000,93000000.000000,0.145000,1.000000,1834000000.000000,0.827000,792000000.000000,71000000.000000,5272000000.000000,,0.000000,3197000000.000000,3197000000.000000,0.000000,12480000000.000000,9950000000.000000,2530000000.000000,-1421000000.000000,0.000000,-710000000.000000,0.000000,0.000000,-1171000000.000000,-475000000.000000,-391000000.000000,63000000.000000,162000000.000000,-349000000.000000,-349000000.000000,-349000000.000000,0.000000,0.000000,-0.157000,2330000000.000000,-496000000.000000,5869000000.000000,0.000000,12.086000,20.593000,20.281000,0.000000,0.000000,152.510000,9.951000,9.796000,5869000000.000000,-3425000000.000000,2218000000.000000,2218000000.000000,432000000.000000,,,,,290000000.000000,1627000000.000000,1.000000,647064669.000000,640000000.000000,653000000.000000,3.466000,19853000000.000000,2881000000.000000,-34000000.000000,0.000000,31.020000
ARQ,2024-03-31,2024-05-08,2024-03-31,2024-Q1,6254000000.000000,101694518388.000000,2025-05-01,-9000000.000000,24537000000.000000,,20393000000.000000,4144000000.000000,,12.376000,0.000000,7829000000.000000,7829000000.000000,480000000.000000,264000000.000000,1.442000,2.108000,1992000000.000000,0.000000,1992000000.000000,1992000000.000000,2434000000.000000,14000000.000000,0.000000,0.000000,0.000000,293000000.000000,307000000.000000,0.143000,307000000.000000,293000000.000000,293000000.000000,0.410000,0.410000,0.410000,7896000000.000000,,7896000000.000000,95857518388.000000,41.000000,40.091000,1923000000.000000,3.014000,1.000000,1662000000.000000,0.776000,786000000.000000,0.000000,3775000000.000000,,0.000000,3264000000.000000,3264000000.000000,0.000000,16641000000.000000,14139000000.000000,2502000000.000000,3862000000.000000,0.000000,-704000000.000000,0.000000,0.000000,2134000000.000000,-84000000.000000,-70000000.000000,1923000000.000000,-111000000.000000,264000000.000000,264000000.000000,264000000.000000,0.000000,0.000000,0.123000,1561000000.000000,101000000.000000,8737000000.000000,0.000000,12.879000,20.590000,20.506000,0.000000,0.000000,157.900000,9.930000,9.837000,8737000000.000000,-3914000000.000000,2142000000.000000,2142000000.000000,475000000.000000,,,,,295000000.000000,801000000.000000,1.000000,644043815.000000,638000000.000000,654000000.000000,3.357000,23751000000.000000,2886000000.000000,29000000.000000,0.000000,37.227000
ARQ,2024-06-30,2024-08-06,2024-06-30,2024-Q2,6424000000.000000,83712613479.000000,2025-05-01,-5000000.000000,26320000000.000000,,22252000000.000000,4068000000.000000,,12.602000,0.000000,7882000000.000000,7882000000.000000,506000000.000000,555000000.000000,1.406000,2.289000,1993000000.000000,0.000000,1993000000.000000,1993000000.000000,2621000000.000000,14000000.000000,0.000000,0.000000,0.000000,681000000.000000,695000000.000000,0.253000,695000000.000000,681000000.000000,681000000.000000,0.870000,0.860000,0.870000,8002000000.000000,,8002000000.000000,77823613479.000000,33.000000,32.440000,1051000000.000000,1.655000,1.000000,2242000000.000000,0.816000,783000000.000000,0.000000,3820000000.000000,,0.000000,3369000000.000000,3369000000.000000,0.000000,18318000000.000000,15828000000.000000,2490000000.000000,1661000000.000000,0.000000,-696000000.000000,0.000000,0.000000,811000000.000000,-110000000.000000,-102000000.000000,1051000000.000000,-91000000.000000,555000000.000000,555000000.000000,555000000.000000,0.000000,0.000000,0.202000,1745000000.000000,497000000.000000,10342000000.000000,0.000000,10.461000,17.282000,17.281000,0.000000,0.000000,130.470000,7.969000,7.887000,10342000000.000000,-4109000000.000000,2748000000.000000,2748000000.000000,519000000.000000,,,,,382000000.000000,888000000.000000,1.000000,641623465.000000,635000000.000000,649000000.000000,4.328000,25537000000.000000,2825000000.000000,126000000.000000,0.000000,40.216000
ARQ,2024-09-30,2024-11-07,2024-09-30,2024-Q3,6983000000.000000,93428400587.000000,2025-05-01,-47000000.000000,22172000000.000000,,18319000000.000000,3853000000.000000,,13.452000,0.000000,7670000000.000000,7670000000.000000,465000000.000000,1368000000.000000,1.616000,1.612000,1994000000.000000,0.000000,1994000000.000000,1994000000.000000,1657000000.000000,15000000.000000,0.000000,0.000000,0.000000,1735000000.000000,1750000000.000000,0.469000,1750000000.000000,1735000000.000000,1735000000.000000,2.170000,2.130000,2.170000,8488000000.000000,,8488000000.000000,87752400587.000000,37.000000,35.730000,1078000000.000000,1.708000,1.000000,3267000000.000000,0.875000,783000000.000000,0.000000,4377000000.000000,,0.000000,3583000000.000000,3583000000.000000,0.000000,13684000000.000000,11336000000.000000,2348000000.000000,-3992000000.000000,0.000000,-1085000000.000000,0.000000,0.000000,-5187000000.000000,-202000000.000000,-198000000.000000,1078000000.000000,319000000.000000,1368000000.000000,1368000000.000000,1368000000.000000,0.000000,0.000000,0.367000,1742000000.000000,1525000000.000000,6573000000.000000,0.000000,11.007000,50.832000,50.993000,0.000000,0.000000,147.370000,8.619000,8.578000,6573000000.000000,-3843000000.000000,3732000000.000000,3732000000.000000,524000000.000000,,,,,362000000.000000,849000000.000000,1.000000,633971640.000000,631000000.000000,642000000.000000,5.914000,21389000000.000000,2601000000.000000,367000000.000000,0.000000,33.897000
ARQ,2024-12-31,2025-02-13,2024-12-31,2024-Q4,7019000000.000000,88931305043.000000,2025-05-01,35000000.000000,20959000000.000000,,17180000000.000000,3779000000.000000,,13.438000,0.000000,6864000000.000000,6864000000.000000,427000000.000000,461000000.000000,1.691000,1.492000,1995000000.000000,0.000000,1995000000.000000,1995000000.000000,1616000000.000000,22000000.000000,0.000000,0.000000,0.000000,622000000.000000,644000000.000000,0.260000,644000000.000000,622000000.000000,622000000.000000,0.740000,0.730000,0.740000,8412000000.000000,,8412000000.000000,84062305043.000000,25.000000,24.753000,466000000.000000,0.744000,1.000000,2053000000.000000,0.828000,777000000.000000,0.000000,5152000000.000000,,0.000000,3747000000.000000,3747000000.000000,0.000000,12547000000.000000,10161000000.000000,2386000000.000000,-1438000000.000000,0.000000,-777000000.000000,0.000000,0.000000,-1330000000.000000,-220000000.000000,-171000000.000000,466000000.000000,-354000000.000000,461000000.000000,461000000.000000,461000000.000000,0.000000,0.000000,0.186000,1623000000.000000,430000000.000000,5931000000.000000,0.000000,10.572000,33.584000,33.661000,0.000000,0.000000,141.040000,8.010000,8.029000,5931000000.000000,-4225000000.000000,2480000000.000000,2480000000.000000,538000000.000000,,,,,368000000.000000,795000000.000000,1.000000,630539599.000000,626000000.000000,636000000.000000,3.962000,20182000000.000000,2439000000.000000,161000000.000000,0.000000,32.240000
ARQ,2025-03-31,2025-05-01,2025-03-31,2025-Q1,4565000000.000000,77681445748.000000,2025-05-01,-21000000.000000,25056000000.000000,,21295000000.000000,3761000000.000000,,12.781000,0.000000,7600000000.000000,7600000000.000000,506000000.000000,154000000.000000,1.273000,2.157000,1996000000.000000,1996000000.000000,0.000000,1996000000.000000,2723000000.000000,25000000.000000,0.000000,0.000000,0.000000,173000000.000000,198000000.000000,0.087000,198000000.000000,173000000.000000,173000000.000000,0.250000,0.240000,0.250000,7937000000.000000,,7937000000.000000,72077445748.000000,22.000000,21.928000,1789000000.000000,2.881000,1.000000,1766000000.000000,0.777000,775000000.000000,0.000000,1947000000.000000,,0.000000,3892000000.000000,3892000000.000000,0.000000,17119000000.000000,16730000000.000000,389000000.000000,3990000000.000000,0.000000,-777000000.000000,0.000000,0.000000,2145000000.000000,-151000000.000000,-143000000.000000,1789000000.000000,207000000.000000,154000000.000000,154000000.000000,154000000.000000,0.000000,0.000000,0.068000,1728000000.000000,38000000.000000,9175000000.000000,0.000000,9.787000,30.607000,30.772000,0.000000,0.000000,124.010000,6.916000,6.856000,9175000000.000000,-4883000000.000000,2272000000.000000,2272000000.000000,568000000.000000,,,,,358000000.000000,857000000.000000,1.000000,626412755.000000,621000000.000000,632000000.000000,3.659000,24281000000.000000,2459000000.000000,19000000.000000,0.000000,39.100000
ART,2020-09-30,2020-12-07,2020-09-30,2020-Q3,2828152000.000000,,2025-05-01,-2867000.000000,8728479000.000000,,7212208000.000000,1516271000.000000,,-2.304000,,2720018000.000000,2720018000.000000,,,1.645000,-4.994000,2254092000.000000,62711000.000000,2191381000.000000,2254092000.000000,459772000.000000,,0.000000,,0.000000,,,,,,,,,,-1376284000.000000,,-1376284000.000000,,,,,,1.000000,,,728333000.000000,,3150164000.000000,,0.000000,1830821000.000000,1830821000.000000,0.000000,6873261000.000000,4384056000.000000,2489205000.000000,,,,,,,,,,,,,,,,,,,2400422000.000000,,,,,615693000.000000,,,,,2354450000.000000,-2117856000.000000,,,,,,,,,,1.000000,597448251.000000,597448251.000000,,,8000146000.000000,0.000000,,0.000000,13.391000
ART,2020-12-31,2021-02-26,2020-12-31,2020-Q4,3776607000.000000,125550509837.000000,2025-05-01,2639000.000000,10491499000.000000,,8916386000.000000,1575113000.000000,,10.205000,-37371000.000000,5514403000.000000,5514403000.000000,876042000.000000,-4584716000.000000,1.735000,2.616000,2303053000.000000,56586000.000000,2246467000.000000,2303053000.000000,407895000.000000,125876000.000000,0.000000,0.000000,0.000000,-4510250000.000000,-4384374000.000000,-1.298000,-4384374000.000000,-4510250000.000000,-4681938000.000000,-16.120000,-16.120000,-16.120000,2901783000.000000,,2901783000.000000,122339159837.000000,-27.000000,-27.903000,-667103000.000000,-2.346000,1.000000,2502157000.000000,0.741000,731687000.000000,171688000.000000,1408683000.000000,,0.000000,910700000.000000,910700000.000000,0.000000,7589716000.000000,5139779000.000000,2449937000.000000,2524809000.000000,0.000000,3665944000.000000,1923880000.000000,0.000000,2940814000.000000,79590000.000000,125561000.000000,-629732000.000000,134137000.000000,-4584716000.000000,-4584716000.000000,-4584716000.000000,0.000000,0.000000,-1.357000,6092304000.000000,-3590147000.000000,2261227000.000000,0.000000,43.267000,-27.385000,-12.801000,654262000.000000,0.000000,206.350000,37.165000,17.370000,2181329000.000000,-6005707000.000000,3378199000.000000,3378199000.000000,2752872000.000000,,,,-1.335000,3001948000.000000,2310176000.000000,1.000000,608434746.000000,284363000.000000,284363000.000000,11.880000,9759812000.000000,0.000000,-97222000.000000,0.000000,34.322000
ART,2021-03-31,2021-05-14,2021-03-31,2021-Q1,4353449000.000000,87194184907.000000,2025-05-01,-2200000.000000,12339077000.000000,,10926641000.000000,1412436000.000000,,5.257000,,4502555000.000000,4502555000.000000,,,1.662000,2.905000,2457024000.000000,54867000.000000,2402157000.000000,2457024000.000000,946204000.000000,,0.000000,0.000000,0.000000,,,,,,,,,,3159423000.000000,,3159423000.000000,85148653907.000000,,,,,1.000000,,,723342000.000000,,2997012000.000000,,0.000000,2086666000.000000,2086666000.000000,0.000000,9179654000.000000,6573192000.000000,2606462000.000000,,,,,,,,,,,,,,,,,,,4131564000.000000,,27.598000,,,511973000.000000,,141.200000,,,4014876000.000000,-7177918000.000000,,,,,,,,,,1.000000,617522556.000000,600960000.000000,,,11615735000.000000,0.000000,,0.000000,19.329000
ART,2021-06-30,2021-08-13,2021-06-30,2021-Q2,4599632000.000000,96031474586.000000,2025-05-01,7000.000000,15484810000.000000,11760966250.000000,14095982000.000000,1388828000.000000,,5.547000,,5687446000.000000,5687446000.000000,,,1.484000,3.563000,2443749000.000000,51112000.000000,2392637000.000000,2443749000.000000,1483909000.000000,,0.000000,0.000000,0.000000,,,,,,,,,,3393201000.000000,2019530750.000000,3393201000.000000,92787777586.000000,,,,,1.000000,,,718207000.000000,,2026556000.000000,2395603750.000000,0.000000,1755257000.000000,1755257000.000000,0.000000,12091609000.000000,9496350000.000000,2595259000.000000,,,,,,,,,,,,,,,,,,,6399364000.000000,,28.301000,,,482322000.000000,,152.760000,,,6301695000.000000,-7246135000.000000,,,,,,,,,,1.000000,628642803.000000,611739000.000000,,,14766603000.000000,0.000000,,0.000000,24.139000
ART,2021-09-30,2021-11-05,2021-09-30,2021-Q3,5661603000.000000,128107115462.000000,2025-05-01,-3152000.000000,13582003000.000000,12974347250.000000,12220917000.000000,1361086000.000000,0.410000,7.164000,-28746000.000000,6009462000.000000,6009462000.000000,1070269000.000000,-4294386000.000000,1.863000,2.053000,2430998000.000000,65578000.000000,2365420000.000000,2430998000.000000,892415000.000000,139913000.000000,0.000000,0.000000,0.000000,-3865710000.000000,-3725797000.000000,-0.700000,-3725797000.000000,-3865710000.000000,-4364930000.000000,-14.200000,-14.320000,-14.200000,4448934000.000000,3475835250.000000,4448934000.000000,124528651462.000000,-32.000000,-33.423000,1640989000.000000,2.642000,1.000000,4248559000.000000,0.799000,711620000.000000,499220000.000000,2732605000.000000,2291214000.000000,0.000000,1926005000.000000,1926005000.000000,0.000000,9133069000.000000,6559314000.000000,2573755000.000000,4827084000.000000,0.000000,3790585000.000000,-331417000.000000,0.000000,3344253000.000000,-126825000.000000,-88979000.000000,1669735000.000000,-60079000.000000,-4294386000.000000,-4294386000.000000,-4294386000.000000,0.000000,0.000000,-0.807000,6994989000.000000,-2746430000.000000,4037587000.000000,0.000000,28.795000,-29.831000,-14.199000,453934000.000000,0.000000,201.620000,24.086000,23.541000,3940494000.000000,-6412242000.000000,5318828000.000000,5318828000.000000,3119400000.000000,-0.331000,-1.235000,-1.687000,-0.727000,3566298000.000000,2797701000.000000,1.000000,635388927.000000,621012000.000000,681916000.000000,8.565000,12870383000.000000,0.000000,-70544000.000000,0.000000,20.725000
ART,2021-12-31,2022-02-25,2021-12-31,2021-Q4,6027098000.000000,99703164265.000000,2025-05-01,-6893000.000000,13708474000.000000,13778591000.000000,12386380000.000000,1322094000.000000,0.435000,7.754000,-25322000.000000,6082202000.000000,6082202000.000000,1155833000.000000,-352034000.000000,1.948000,1.870000,2418499000.000000,63479000.000000,2355020000.000000,2418499000.000000,903728000.000000,138319000.000000,0.000000,0.000000,0.000000,137392000.000000,275711000.000000,0.046000,275711000.000000,137392000.000000,-300207000.000000,-0.570000,-0.570000,-0.570000,4775713000.000000,3944317750.000000,4775713000.000000,96039461265.000000,699.000000,348.334000,2164372000.000000,3.514000,1.000000,4835927000.000000,0.807000,704910000.000000,437599000.000000,2980579000.000000,2684188000.000000,0.000000,2255038000.000000,2255038000.000000,0.000000,8932761000.000000,6359282000.000000,2573479000.000000,2059037000.000000,0.000000,188193000.000000,-328917000.000000,0.000000,1431159000.000000,-1351955000.000000,-1327133000.000000,2189694000.000000,-209861000.000000,-352034000.000000,-352034000.000000,-352034000.000000,0.000000,0.000000,-0.059000,4406610000.000000,429317000.000000,3833832000.000000,0.000000,20.877000,-283.220000,-272.088000,428621000.000000,0.000000,155.090000,16.640000,15.942000,3715471000.000000,-6357741000.000000,5991760000.000000,5991760000.000000,1425048000.000000,-0.026000,-0.089000,0.051000,0.023000,898830000.000000,2021656000.000000,1.000000,642872940.000000,615891000.000000,615891000.000000,9.729000,13003564000.000000,0.000000,51827000.000000,0.000000,21.113000
ART,2022-03-31,2022-05-09,2022-03-31,2022-Q1,5987665000.000000,77072814990.000000,2025-05-01,-12415000.000000,17068442000.000000,14960932250.000000,15761447000.000000,1306995000.000000,0.442000,7.457000,-23575000.000000,6901395000.000000,6901395000.000000,1263941000.000000,801385000.000000,1.613000,2.603000,2406010000.000000,63524000.000000,2342486000.000000,2406010000.000000,1747746000.000000,129299000.000000,0.000000,0.000000,0.000000,879061000.000000,1008360000.000000,0.152000,1008360000.000000,879061000.000000,857609000.000000,1.300000,1.180000,1.300000,4737416000.000000,4338816000.000000,4737416000.000000,72577429990.000000,83.000000,71.976000,2873743000.000000,4.523000,1.000000,5349820000.000000,0.809000,698537000.000000,21452000.000000,2100738000.000000,2460119500.000000,0.000000,2435661000.000000,2435661000.000000,0.000000,12331026000.000000,9773782000.000000,2557244000.000000,4453647000.000000,0.000000,152052000.000000,0.000000,0.000000,2067144000.000000,-376639000.000000,-350717000.000000,2897318000.000000,-134176000.000000,801385000.000000,801385000.000000,801385000.000000,0.000000,0.000000,0.121000,4478689000.000000,871131000.000000,6232840000.000000,0.000000,16.269000,96.175000,91.823000,405839000.000000,0.000000,119.370000,11.653000,11.467000,6104653000.000000,-6376533000.000000,6613761000.000000,6613761000.000000,1424914000.000000,0.054000,0.185000,0.357000,0.133000,864279000.000000,2157958000.000000,1.000000,645663190.000000,635314000.000000,635314000.000000,10.410000,16369905000.000000,0.000000,56224000.000000,0.000000,25.767000
ART,2022-06-30,2022-08-03,2022-06-30,2022-Q2,6538484000.000000,74613312742.000000,2025-05-01,-24030000.000000,19059126000.000000,15854511250.000000,17825649000.000000,1233477000.000000,0.466000,8.216000,-20971000.000000,7852760000.000000,7852760000.000000,1359621000.000000,1248443000.000000,1.579000,2.634000,2381309000.000000,61702000.000000,2319607000.000000,2381309000.000000,1980863000.000000,119768000.000000,0.000000,0.000000,0.000000,1320119000.000000,1439887000.000000,0.195000,1439887000.000000,1320119000.000000,1297704000.000000,2.000000,1.850000,2.000000,5245025000.000000,4801772000.000000,5245025000.000000,69141861742.000000,52.000000,48.019000,2884795000.000000,4.519000,1.000000,6023051000.000000,0.816000,691844000.000000,22415000.000000,1608666000.000000,2355647000.000000,0.000000,2057487000.000000,2057487000.000000,0.000000,13814101000.000000,11287165000.000000,2526936000.000000,3289193000.000000,0.000000,115677000.000000,0.000000,0.000000,1179573000.000000,-334154000.000000,-310836000.000000,2905766000.000000,-461992000.000000,1248443000.000000,1248443000.000000,1248443000.000000,0.000000,0.000000,0.169000,4731819000.000000,1291232000.000000,7604758000.000000,0.000000,14.226000,59.765000,57.510000,282689000.000000,0.000000,115.020000,10.107000,9.946000,7465510000.000000,-5997692000.000000,7382672000.000000,7382672000.000000,1450230000.000000,0.079000,0.260000,0.560000,0.179000,878521000.000000,2247461000.000000,1.000000,648698598.000000,638407000.000000,683536000.000000,11.564000,18367282000.000000,0.000000,49261000.000000,0.000000,28.770000
ART,2022-09-30,2022-11-03,2022-09-30,2022-Q3,6851197000.000000,59111548380.000000,2025-05-01,-41871000.000000,16076590000.000000,16478158000.000000,14866524000.000000,1210066000.000000,0.487000,8.674000,-21064000.000000,7525208000.000000,7525208000.000000,1449190000.000000,1628838000.000000,1.855000,1.902000,2361184000.000000,52324000.000000,2308860000.000000,2361184000.000000,1220256000.000000,98896000.000000,0.000000,0.000000,0.000000,1738593000.000000,1837489000.000000,0.229000,1837489000.000000,1738593000.000000,1717145000.000000,2.560000,2.420000,2.560000,5540136000.000000,5074572500.000000,5540136000.000000,53947524380.000000,31.000000,29.359000,3327087000.000000,5.209000,1.000000,6580460000.000000,0.820000,684681000.000000,21448000.000000,2212558000.000000,2225635250.000000,0.000000,2103898000.000000,2103898000.000000,0.000000,10536454000.000000,8015327000.000000,2521127000.000000,2386164000.000000,0.000000,-902407000.000000,0.000000,0.000000,-71057000.000000,-214165000.000000,-191374000.000000,3348151000.000000,-676765000.000000,1628838000.000000,1628838000.000000,1628838000.000000,0.000000,0.000000,0.203000,4937720000.000000,1642740000.000000,4958043000.000000,0.000000,10.670000,36.291000,35.945000,272676000.000000,0.000000,92.020000,7.362000,7.319000,4805382000.000000,-5783403000.000000,8029650000.000000,8029650000.000000,1472002000.000000,0.099000,0.321000,0.781000,0.217000,902096000.000000,2369457000.000000,1.000000,642377183.000000,638696000.000000,680059000.000000,12.572000,15391909000.000000,0.000000,88307000.000000,0.000000,24.099000
ART,2022-12-31,2023-02-17,2022-12-31,2022-Q4,6883000000.000000,84293549810.000000,2025-05-01,-32000000.000000,16038000000.000000,17060539500.000000,14861000000.000000,1177000000.000000,0.492000,8.728000,-25000000.000000,7378000000.000000,7378000000.000000,1499000000.000000,1893000000.000000,1.863000,1.885000,2341000000.000000,59000000.000000,2282000000.000000,2341000000.000000,1182000000.000000,81000000.000000,0.000000,0.000000,0.000000,2013000000.000000,2094000000.000000,0.249000,2094000000.000000,2013000000.000000,1989000000.000000,2.970000,2.790000,2.970000,5560000000.000000,5270644250.000000,5560000000.000000,79256549810.000000,39.000000,37.849000,3405000000.000000,5.345000,1.000000,6900000000.000000,0.822000,684000000.000000,24000000.000000,2339000000.000000,2065240500.000000,0.000000,2244000000.000000,2244000000.000000,0.000000,10478000000.000000,7978000000.000000,2500000000.000000,2376000000.000000,0.000000,-1412000000.000000,0.000000,0.000000,-689000000.000000,-28000000.000000,-1000000.000000,3430000000.000000,-337000000.000000,1893000000.000000,1893000000.000000,1893000000.000000,0.000000,0.000000,0.225000,5098000000.000000,1802000000.000000,4920000000.000000,0.000000,15.161000,44.529000,44.310000,259000000.000000,0.000000,131.600000,10.036000,9.981000,4783000000.000000,-5965000000.000000,8399000000.000000,8399000000.000000,1502000000.000000,0.111000,0.359000,0.975000,0.240000,930000000.000000,2466000000.000000,1.000000,640528494.000000,637000000.000000,680000000.000000,13.185000,15354000000.000000,0.000000,96000000.000000,0.000000,24.104000
ART,2023-03-31,2023-05-09,2023-03-31,2023-Q1,6657000000.000000,81255516607.000000,2025-05-01,-30000000.000000,20018000000.000000,17797929000.000000,18869000000.000000,1149000000.000000,0.489000,8.345000,-25041000.000000,8166000000.000000,8166000000.000000,1564377000.000000,2028792000.000000,1.545000,2.783000,2288000000.000000,0.000000,2288000000.000000,2288000000.000000,2172000000.000000,62768000.000000,0.000000,0.000000,0.000000,2149322000.000000,2212090000.000000,0.254000,2212090000.000000,2149322000.000000,2127086000.000000,3.170000,3.010000,3.170000,5291000000.000000,5409040250.000000,5291000000.000000,75377516607.000000,35.000000,34.075000,3789967000.000000,5.978000,1.000000,7143686000.000000,0.820000,682000000.000000,22236000.000000,1246000000.000000,1851556000.000000,0.000000,2428000000.000000,2428000000.000000,0.000000,14727000000.000000,12212000000.000000,2515000000.000000,2933061000.000000,0.000000,-1899652000.000000,0.000000,0.000000,-606519000.000000,-14030000.000000,10164000.000000,3815008000.000000,-261398000.000000,2028792000.000000,2028792000.000000,2028792000.000000,0.000000,0.000000,0.233000,5341555000.000000,1802131000.000000,7921000000.000000,0.000000,15.357000,40.051000,40.085000,260000000.000000,0.000000,127.070000,9.331000,9.251000,7760000000.000000,-6341000000.000000,8708063000.000000,8708063000.000000,1559073000.000000,0.114000,0.375000,1.161000,0.247000,975077000.000000,2603811000.000000,1.000000,639454762.000000,634000000.000000,670000000.000000,13.735000,19336000000.000000,0.000000,98294000.000000,0.000000,30.498000
ART,2023-06-30,2023-08-03,2023-06-30,2023-Q2,6428000000.000000,91189318076.000000,2025-05-01,-33000000.000000,21188000000.000000,18330147500.000000,20052000000.000000,1136000000.000000,0.496000,7.967000,-28993000.000000,7905000000.000000,7905000000.000000,1606270000.000000,2299951000.000000,1.472000,3.188000,2274000000.000000,0.000000,2274000000.000000,2274000000.000000,2347000000.000000,45763000.000000,0.000000,0.000000,0.000000,2436728000.000000,2482491000.000000,0.273000,2482491000.000000,2436728000.000000,2419975000.000000,3.600000,3.430000,3.600000,5059000000.000000,5362534000.000000,5059000000.000000,85558318076.000000,35.000000,34.465000,3895268000.000000,6.134000,1.000000,7481686000.000000,0.823000,679000000.000000,16753000.000000,1254000000.000000,1762889500.000000,0.000000,2435000000.000000,2435000000.000000,0.000000,16129000000.000000,13624000000.000000,2505000000.000000,1739629000.000000,0.000000,-2394803000.000000,0.000000,0.000000,-1885486000.000000,-402031000.000000,-373885000.000000,3924261000.000000,102885000.000000,2299951000.000000,2299951000.000000,2299951000.000000,0.000000,0.000000,0.253000,5525378000.000000,1956308000.000000,9244000000.000000,0.000000,18.025000,39.648000,39.133000,263000000.000000,0.000000,140.880000,10.034000,9.844000,9144000000.000000,-6198000000.000000,9087956000.000000,9087956000.000000,1635023000.000000,0.125000,0.429000,1.382000,0.268000,1031972000.000000,2741682000.000000,1.000000,647283632.000000,635000000.000000,665000000.000000,14.312000,20509000000.000000,0.000000,120024000.000000,0.000000,32.298000
ART,2023-09-30,2023-11-01,2023-09-30,2023-Q3,7702000000.000000,77468894909.000000,2025-05-01,-5000000.000000,21439000000.000000,19670750000.000000,17523000000.000000,3916000000.000000,0.488000,14.255000,-38394000.000000,8175000000.000000,8175000000.000000,1664121000.000000,5459663000.000000,1.784000,1.350000,2255000000.000000,0.000000,2255000000.000000,2255000000.000000,1467000000.000000,40948000.000000,0.000000,0.000000,0.000000,2846147000.000000,2887095000.000000,0.301000,2887095000.000000,2846147000.000000,2829076000.000000,8.530000,8.270000,8.530000,9123000000.000000,6258250000.000000,9123000000.000000,71548894909.000000,25.000000,24.782000,4245304000.000000,6.633000,1.000000,7936425000.000000,0.827000,676000000.000000,17071000.000000,5022000000.000000,2465250000.000000,0.000000,2787000000.000000,2787000000.000000,0.000000,12316000000.000000,9821000000.000000,2495000000.000000,1828907000.000000,0.000000,-1883452000.000000,0.000000,0.000000,-2023430000.000000,-710271000.000000,-672104000.000000,4283698000.000000,278910000.000000,5459663000.000000,5459663000.000000,5459663000.000000,0.000000,0.000000,0.569000,5687598000.000000,2248827000.000000,6149000000.000000,0.000000,8.492000,14.189000,14.006000,270000000.000000,0.000000,119.470000,8.069000,7.964000,5986000000.000000,-2324000000.000000,9600546000.000000,9600546000.000000,1687841000.000000,0.278000,0.872000,1.155000,0.296000,1083608000.000000,2825082000.000000,1.000000,648438059.000000,640000000.000000,660000000.000000,15.001000,20763000000.000000,2775000000.000000,-2630587000.000000,0.000000,32.442000
ART,2023-12-31,2024-02-16,2023-12-31,2023-Q4,6559000000.000000,98683832669.000000,2025-05-01,-49000000.000000,20645000000.000000,20822500000.000000,16509000000.000000,4136000000.000000,0.476000,12.818000,0.000000,6874000000.000000,6874000000.000000,1703000000.000000,4792000000.000000,1.659000,1.528000,2243000000.000000,0.000000,2243000000.000000,2243000000.000000,1427000000.000000,44000000.000000,0.000000,0.000000,0.000000,2185000000.000000,2229000000.000000,0.225000,2229000000.000000,2185000000.000000,2102000000.000000,7.520000,7.240000,7.520000,8165000000.000000,6909500000.000000,8165000000.000000,94052832669.000000,43.000000,42.195000,3884000000.000000,6.097000,1.000000,8214000000.000000,0.828000,792000000.000000,83000000.000000,5272000000.000000,3198500000.000000,0.000000,3197000000.000000,3197000000.000000,0.000000,12480000000.000000,9950000000.000000,2530000000.000000,564000000.000000,0.000000,-2142000000.000000,0.000000,0.000000,-2430000000.000000,-1042000000.000000,-928000000.000000,3884000000.000000,152000000.000000,4792000000.000000,4792000000.000000,4792000000.000000,0.000000,0.000000,0.483000,6696000000.000000,1518000000.000000,5869000000.000000,0.000000,12.086000,20.593000,20.281000,0.000000,0.000000,152.510000,9.951000,9.796000,5869000000.000000,-3425000000.000000,9917000000.000000,9917000000.000000,1722000000.000000,0.230000,0.694000,0.683000,0.220000,1120000000.000000,3788000000.000000,1.000000,647064669.000000,637000000.000000,662000000.000000,15.568000,19853000000.000000,2881000000.000000,-2690000000.000000,0.000000,31.166000
ART,2024-03-31,2024-05-08,2024-03-31,2024-Q1,6254000000.000000,101694518388.000000,2025-05-01,-9000000.000000,24537000000.000000,21952250000.000000,20393000000.000000,4144000000.000000,0.467000,12.376000,6000000.000000,7829000000.000000,7829000000.000000,1755000000.000000,4939000000.000000,1.442000,2.108000,1992000000.000000,0.000000,1992000000.000000,1992000000.000000,2434000000.000000,47000000.000000,0.000000,0.000000,0.000000,2344000000.000000,2391000000.000000,0.233000,2391000000.000000,2344000000.000000,2265000000.000000,7.700000,7.520000,7.700000,7896000000.000000,7560750000.000000,7896000000.000000,95857518388.000000,41.000000,40.091000,4226000000.000000,6.624000,1.000000,8486000000.000000,0.829000,786000000.000000,79000000.000000,3775000000.000000,3830750000.000000,0.000000,3264000000.000000,3264000000.000000,0.000000,16641000000.000000,14139000000.000000,2502000000.000000,657000000.000000,0.000000,-2370000000.000000,0.000000,0.000000,-2582000000.000000,-943000000.000000,-821000000.000000,4220000000.000000,-38000000.000000,4939000000.000000,4939000000.000000,4939000000.000000,0.000000,0.000000,0.482000,6862000000.000000,1624000000.000000,8737000000.000000,0.000000,12.879000,20.590000,20.506000,0.000000,0.000000,157.900000,9.930000,9.837000,8737000000.000000,-3914000000.000000,10241000000.000000,10241000000.000000,1777000000.000000,0.225000,0.653000,0.612000,0.229000,1175000000.000000,3896000000.000000,1.000000,644043815.000000,638000000.000000,654000000.000000,16.052000,23751000000.000000,2886000000.000000,-2674000000.000000,0.000000,37.227000
ART,2024-06-30,2024-08-06,2024-06-30,2024-Q2,6424000000.000000,83712613479.000000,2025-05-01,-5000000.000000,26320000000.000000,23235250000.000000,22252000000.000000,4068000000.000000,0.452000,12.602000,15000000.000000,7882000000.000000,7882000000.000000,1829000000.000000,4844000000.000000,1.406000,2.289000,1993000000.000000,0.000000,1993000000.000000,1993000000.000000,2621000000.000000,52000000.000000,0.000000,0.000000,0.000000,2347000000.000000,2399000000.000000,0.228000,2399000000.000000,2347000000.000000,2270000000.000000,7.550000,7.400000,7.550000,8002000000.000000,8296500000.000000,8002000000.000000,77823613479.000000,33.000000,32.440000,4377000000.000000,6.893000,1.000000,8676000000.000000,0.826000,783000000.000000,77000000.000000,3820000000.000000,4472250000.000000,0.000000,3369000000.000000,3369000000.000000,0.000000,18318000000.000000,15828000000.000000,2490000000.000000,1209000000.000000,0.000000,-2596000000.000000,0.000000,0.000000,-1938000000.000000,-1033000000.000000,-912000000.000000,4362000000.000000,-182000000.000000,4844000000.000000,4844000000.000000,4844000000.000000,0.000000,0.000000,0.461000,7078000000.000000,1598000000.000000,10342000000.000000,0.000000,10.461000,17.282000,17.281000,0.000000,0.000000,130.470000,7.969000,7.887000,10342000000.000000,-4109000000.000000,10505000000.000000,10505000000.000000,1845000000.000000,0.208000,0.584000,0.525000,0.223000,1253000000.000000,4023000000.000000,1.000000,641623465.000000,635000000.000000,649000000.000000,16.543000,25537000000.000000,2825000000.000000,-2574000000.000000,0.000000,40.216000
ART,2024-09-30,2024-11-07,2024-09-30,2024-Q3,6983000000.000000,93428400587.000000,2025-05-01,-47000000.000000,22172000000.000000,23418500000.000000,18319000000.000000,3853000000.000000,0.463000,13.452000,30000000.000000,7670000000.000000,7670000000.000000,1835000000.000000,1838000000.000000,1.616000,1.612000,1994000000.000000,0.000000,1994000000.000000,1994000000.000000,1657000000.000000,59000000.000000,0.000000,0.000000,0.000000,2397000000.000000,2456000000.000000,0.227000,2456000000.000000,2397000000.000000,2326000000.000000,2.890000,2.900000,2.890000,8488000000.000000,8137750000.000000,8488000000.000000,87752400587.000000,37.000000,35.730000,4145000000.000000,6.569000,1.000000,9005000000.000000,0.831000,783000000.000000,71000000.000000,4377000000.000000,4311000000.000000,0.000000,3583000000.000000,3583000000.000000,0.000000,13684000000.000000,11336000000.000000,2348000000.000000,110000000.000000,0.000000,-3195000000.000000,0.000000,0.000000,-3413000000.000000,-871000000.000000,-761000000.000000,4115000000.000000,279000000.000000,1838000000.000000,1838000000.000000,1838000000.000000,0.000000,0.000000,0.170000,7378000000.000000,1627000000.000000,6573000000.000000,0.000000,11.007000,50.832000,50.993000,0.000000,0.000000,147.370000,8.619000,8.578000,6573000000.000000,-3843000000.000000,10840000000.000000,10840000000.000000,1950000000.000000,0.078000,0.226000,0.556000,0.221000,1329000000.000000,4165000000.000000,1.000000,633971640.000000,631000000.000000,642000000.000000,17.179000,21389000000.000000,2601000000.000000,488000000.000000,0.000000,33.897000
ART,2024-12-31,2025-02-13,2024-12-31,2024-Q4,7019000000.000000,88931305043.000000,2025-05-01,35000000.000000,20959000000.000000,23497000000.000000,17180000000.000000,3779000000.000000,0.472000,13.310000,0.000000,6864000000.000000,6864000000.000000,1878000000.000000,2648000000.000000,1.691000,1.492000,1995000000.000000,0.000000,1995000000.000000,1995000000.000000,1616000000.000000,65000000.000000,0.000000,0.000000,0.000000,3331000000.000000,3396000000.000000,0.306000,3396000000.000000,3331000000.000000,3331000000.000000,4.190000,4.110000,4.190000,8412000000.000000,8199500000.000000,8412000000.000000,84062305043.000000,25.000000,24.753000,4518000000.000000,7.149000,1.000000,9224000000.000000,0.831000,777000000.000000,0.000000,5152000000.000000,4281000000.000000,0.000000,3747000000.000000,3747000000.000000,0.000000,12547000000.000000,10161000000.000000,2386000000.000000,93000000.000000,0.000000,-3262000000.000000,0.000000,0.000000,-3572000000.000000,-616000000.000000,-541000000.000000,4518000000.000000,-237000000.000000,2648000000.000000,2648000000.000000,2648000000.000000,0.000000,0.000000,0.239000,6671000000.000000,2553000000.000000,5931000000.000000,0.000000,10.572000,33.584000,33.661000,0.000000,0.000000,141.040000,8.010000,8.029000,5931000000.000000,-4225000000.000000,11102000000.000000,11102000000.000000,2056000000.000000,0.113000,0.323000,0.778000,0.300000,1407000000.000000,3333000000.000000,1.000000,630539599.000000,632000000.000000,645000000.000000,17.566000,20182000000.000000,2439000000.000000,683000000.000000,0.000000,31.934000
ART,2025-03-31,2025-05-01,2025-03-31,2025-Q1,4565000000.000000,77681445748.000000,2025-05-01,-21000000.000000,25056000000.000000,23626750000.000000,21295000000.000000,3761000000.000000,0.475000,12.781000,0.000000,7600000000.000000,7600000000.000000,1904000000.000000,2538000000.000000,1.273000,2.157000,1996000000.000000,1996000000.000000,0.000000,1996000000.000000,2723000000.000000,76000000.000000,0.000000,0.000000,0.000000,3211000000.000000,3287000000.000000,0.293000,3287000000.000000,3211000000.000000,3211000000.000000,4.030000,3.960000,4.030000,7937000000.000000,8209750000.000000,7937000000.000000,72077445748.000000,22.000000,21.928000,4384000000.000000,7.060000,1.000000,9328000000.000000,0.830000,775000000.000000,0.000000,1947000000.000000,3824000000.000000,0.000000,3892000000.000000,3892000000.000000,0.000000,17119000000.000000,16730000000.000000,389000000.000000,221000000.000000,0.000000,-3335000000.000000,0.000000,0.000000,-3561000000.000000,-683000000.000000,-614000000.000000,4384000000.000000,81000000.000000,2538000000.000000,2538000000.000000,2538000000.000000,0.000000,0.000000,0.226000,6838000000.000000,2490000000.000000,9175000000.000000,0.000000,9.787000,30.607000,30.772000,0.000000,0.000000,124.010000,6.916000,6.856000,9175000000.000000,-4883000000.000000,11232000000.000000,11232000000.000000,2149000000.000000,0.107000,0.309000,0.840000,0.286000,1470000000.000000,3389000000.000000,1.000000,626412755.000000,621000000.000000,632000000.000000,18.087000,24281000000.000000,2459000000.000000,673000000.000000,0.000000,39.100000
ARY,2020-12-31,2021-02-26,2020-12-31,2020-FY,3776607000.000000,125550509837.000000,2025-05-01,2639000.000000,10491499000.000000,,8916386000.000000,1575113000.000000,,10.205000,-37371000.000000,5514403000.000000,5514403000.000000,876042000.000000,-4584716000.000000,1.735000,2.616000,2303053000.000000,56586000.000000,2246467000.000000,2303053000.000000,407895000.000000,125876000.000000,0.000000,0.000000,0.000000,-4510250000.000000,-4384374000.000000,-1.298000,-4384374000.000000,-4510250000.000000,-4681938000.000000,-16.120000,-16.120000,-16.120000,2901783000.000000,,2901783000.000000,122339159837.000000,-27.000000,-27.903000,-667103000.000000,-2.346000,1.000000,2502157000.000000,0.741000,731687000.000000,171688000.000000,1408683000.000000,,0.000000,910700000.000000,910700000.000000,0.000000,7589716000.000000,5139779000.000000,2449937000.000000,2524809000.000000,0.000000,3665944000.000000,1923880000.000000,0.000000,2940814000.000000,79590000.000000,125561000.000000,-629732000.000000,134137000.000000,-4584716000.000000,-4584716000.000000,-4584716000.000000,0.000000,0.000000,-1.357000,6092304000.000000,-3590147000.000000,2261227000.000000,0.000000,43.267000,-27.385000,-12.801000,654262000.000000,0.000000,206.350000,37.165000,17.370000,2181329000.000000,-6005707000.000000,3378199000.000000,3378199000.000000,2752872000.000000,,,,-1.335000,3001948000.000000,2310176000.000000,1.000000,608434746.000000,284363000.000000,284363000.000000,11.880000,9759812000.000000,0.000000,-97222000.000000,0.000000,34.322000
ARY,2021-12-31,2022-02-25,2021-12-31,2021-FY,6027098000.000000,99703164265.000000,2025-05-01,-6893000.000000,13708474000.000000,13778591000.000000,12386380000.000000,1322094000.000000,0.435000,7.754000,-25322000.000000,6082202000.000000,6082202000.000000,1155833000.000000,-352034000.000000,1.948000,1.870000,2418499000.000000,63479000.000000,2355020000.000000,2418499000.000000,903728000.000000,138319000.000000,0.000000,0.000000,0.000000,137392000.000000,275711000.000000,0.046000,275711000.000000,137392000.000000,-300207000.000000,-0.570000,-0.570000,-0.570000,4775713000.000000,3944317750.000000,4775713000.000000,96039461265.000000,699.000000,348.334000,2164372000.000000,3.514000,1.000000,4835927000.000000,0.807000,704910000.000000,437599000.000000,2980579000.000000,2684188000.000000,0.000000,2255038000.000000,2255038000.000000,0.000000,8932761000.000000,6359282000.000000,2573479000.000000,2059037000.000000,0.000000,188193000.000000,-328917000.000000,0.000000,1431159000.000000,-1351955000.000000,-1327133000.000000,2189694000.000000,-209861000.000000,-352034000.000000,-352034000.000000,-352034000.000000,0.000000,0.000000,-0.059000,4406610000.000000,429317000.000000,3833832000.000000,0.000000,20.877000,-283.220000,-272.088000,428621000.000000,0.000000,155.090000,16.640000,15.942000,3715471000.000000,-6357741000.000000,5991760000.000000,5991760000.000000,1425048000.000000,-0.026000,-0.089000,0.051000,0.023000,898830000.000000,2021656000.000000,1.000000,642872940.000000,615891000.000000,615891000.000000,9.729000,13003564000.000000,0.000000,51827000.000000,0.000000,21.113000
ARY,2022-12-31,2023-02-17,2022-12-31,2022-FY,6883000000.000000,84293549810.000000,2025-05-01,-32000000.000000,16038000000.000000,17060539500.000000,14861000000.000000,1177000000.000000,0.492000,8.728000,-25000000.000000,7378000000.000000,7378000000.000000,1499000000.000000,1893000000.000000,1.863000,1.885000,2341000000.000000,59000000.000000,2282000000.000000,2341000000.000000,1182000000.000000,81000000.000000,0.000000,0.000000,0.000000,2013000000.000000,2094000000.000000,0.249000,2094000000.000000,2013000000.000000,1989000000.000000,2.970000,2.790000,2.970000,5560000000.000000,5270644250.000000,5560000000.000000,79256549810.000000,39.000000,37.849000,3405000000.000000,5.345000,1.000000,6900000000.000000,0.822000,684000000.000000,24000000.000000,2339000000.000000,2065240500.000000,0.000000,2244000000.000000,2244000000.000000,0.000000,10478000000.000000,7978000000.000000,2500000000.000000,2376000000.000000,0.000000,-1412000000.000000,0.000000,0.000000,-689000000.000000,-28000000.000000,-1000000.000000,3430000000.000000,-337000000.000000,1893000000.000000,1893000000.000000,1893000000.000000,0.000000,0.000000,0.225000,5098000000.000000,1802000000.000000,4920000000.000000,0.000000,15.161000,44.529000,44.310000,259000000.000000,0.000000,131.600000,10.036000,9.981000,4783000000.000000,-5965000000.000000,8399000000.000000,8399000000.000000,1502000000.000000,0.111000,0.359000,0.975000,0.240000,930000000.000000,2466000000.000000,1.000000,640528494.000000,637000000.000000,680000000.000000,13.185000,15354000000.000000,0.000000,96000000.000000,0.000000,24.104000
ARY,2023-12-31,2024-02-16,2023-12-31,2023-FY,6559000000.000000,98683832669.000000,2025-05-01,-49000000.000000,20645000000.000000,20822500000.000000,16509000000.000000,4136000000.000000,0.476000,12.818000,0.000000,6874000000.000000,6874000000.000000,1703000000.000000,4792000000.000000,1.659000,1.528000,2243000000.000000,0.000000,2243000000.000000,2243000000.000000,1427000000.000000,44000000.000000,0.000000,0.000000,0.000000,2185000000.000000,2229000000.000000,0.225000,2229000000.000000,2185000000.000000,2102000000.000000,7.520000,7.240000,7.520000,8165000000.000000,6909500000.000000,8165000000.000000,94052832669.000000,43.000000,42.195000,3884000000.000000,6.097000,1.000000,8214000000.000000,0.828000,792000000.000000,83000000.000000,5272000000.000000,3198500000.000000,0.000000,3197000000.000000,3197000000.000000,0.000000,12480000000.000000,9950000000.000000,2530000000.000000,564000000.000000,0.000000,-2142000000.000000,0.000000,0.000000,-2430000000.000000,-1042000000.000000,-928000000.000000,3884000000.000000,152000000.000000,4792000000.000000,4792000000.000000,4792000000.000000,0.000000,0.000000,0.483000,6696000000.000000,1518000000.000000,5869000000.000000,0.000000,12.086000,20.593000,20.281000,0.000000,0.000000,152.510000,9.951000,9.796000,5869000000.000000,-3425000000.000000,9917000000.000000,9917000000.000000,1722000000.000000,0.230000,0.694000,0.683000,0.220000,1120000000.000000,3788000000.000000,1.000000,647064669.000000,637000000.000000,662000000.000000,15.568000,19853000000.000000,2881000000.000000,-2690000000.000000,0.000000,31.166000
ARY,2024-12-31,2025-02-13,2024-12-31,2024-FY,7019000000.000000,88931305043.000000,2025-05-01,35000000.000000,20959000000.000000,23497000000.000000,17180000000.000000,3779000000.000000,0.472000,13.310000,0.000000,6864000000.000000,6864000000.000000,1878000000.000000,2648000000.000000,1.691000,1.492000,1995000000.000000,0.000000,1995000000.000000,1995000000.000000,1616000000.000000,65000000.000000,0.000000,0.000000,0.000000,3331000000.000000,3396000000.000000,0.306000,3396000000.000000,3331000000.000000,3331000000.000000,4.190000,4.110000,4.190000,8412000000.000000,8199500000.000000,8412000000.000000,84062305043.000000,25.000000,24.753000,4518000000.000000,7.149000,1.000000,9224000000.000000,0.831000,777000000.000000,0.000000,5152000000.000000,4281000000.000000,0.000000,3747000000.000000,3747000000.000000,0.000000,12547000000.000000,10161000000.000000,2386000000.000000,93000000.000000,0.000000,-3262000000.000000,0.000000,0.000000,-3572000000.000000,-616000000.000000,-541000000.000000,4518000000.000000,-237000000.000000,2648000000.000000,2648000000.000000,2648000000.000000,0.000000,0.000000,0.239000,6671000000.000000,2553000000.000000,5931000000.000000,0.000000,10.572000,33.584000,33.661000,0.000000,0.000000,141.040000,8.010000,8.029000,5931000000.000000,-4225000000.000000,11102000000.000000,11102000000.000000,2056000000.000000,0.113000,0.323000,0.778000,0.300000,1407000000.000000,3333000000.000000,1.000000,630539599.000000,632000000.000000,645000000.000000,17.566000,20182000000.000000,2439000000.000000,683000000.000000,0.000000,31.934000
MRQ,2018-12-31,2018-12-31,2018-12-31,2018-Q4,2138522000.000000,,2025-05-01,-7912000.000000,6613089000.000000,,5874532000.000000,738557000.000000,,-2.018000,,2140877000.000000,2140877000.000000,,,1.572000,-7.537000,0.000000,0.000000,0.000000,0.000000,496239000.000000,,0.000000,,0.000000,,,,,,,,,,-517308000.000000,,-517308000.000000,,,,,,1.000000,,,318617000.000000,,417585000.000000,,0.000000,1188431000.000000,1188431000.000000,0.000000,3898895000.000000,3736010000.000000,162885000.000000,,,,,,,,,,,,,,,,,,,2375641000.000000,,,,,309408000.000000,,,,,2305011000.000000,-768888000.000000,,,,,,,,,,1.000000,,256326000.000000,,,6294472000.000000,0.000000,,0.000000,24.557000
MRQ,2019-12-31,2019-12-31,2019-12-31,2019-Q4,1327679000.000000,,2025-05-01,-4410000.000000,8310119000.000000,,6561443000.000000,1748676000.000000,,-3.078000,-26174000.000000,2013662000.000000,2013662000.000000,293618000.000000,-351538000.000000,1.254000,-7.288000,419396000.000000,38022000.000000,381374000.000000,419396000.000000,674788000.000000,37830000.000000,0.000000,,0.000000,-338922000.000000,-301092000.000000,-0.272000,-301092000.000000,-338922000.000000,-342089000.000000,-1.350000,-1.350000,-1.350000,-807685000.000000,,-807685000.000000,,,,-222548000.000000,-0.848000,1.000000,813178000.000000,0.735000,755000000.000000,3167000.000000,727089000.000000,,0.000000,1060726000.000000,1060726000.000000,0.000000,5886302000.000000,5233764000.000000,652538000.000000,-271322000.000000,0.000000,183000.000000,0.000000,0.000000,170381000.000000,-297066000.000000,-270892000.000000,-196374000.000000,51737000.000000,-351538000.000000,-351538000.000000,-351538000.000000,0.000000,0.000000,-0.318000,1141117000.000000,-327939000.000000,3296874000.000000,0.000000,,,,686867000.000000,0.000000,,,,3145457000.000000,-1420991000.000000,1106796000.000000,1106796000.000000,282899000.000000,,,,,25237000.000000,643932000.000000,1.000000,,262386000.000000,262386000.000000,4.218000,7555119000.000000,0.000000,9449000.000000,0.000000,28.794000
MRQ,2020-03-31,2020-03-31,2020-03-31,2020-Q1,3776607000.000000,,2025-05-01,2639000.000000,10491499000.000000,,8916386000.000000,1575113000.000000,,11.054000,-15667000.000000,5514403000.000000,5514403000.000000,277772000.000000,-340605000.000000,1.735000,2.616000,2303053000.000000,56586000.000000,2246467000.000000,2303053000.000000,407895000.000000,33872000.000000,0.000000,,0.000000,-358600000.000000,-324728000.000000,-0.386000,-324728000.000000,-358600000.000000,-357090000.000000,-1.300000,-1.300000,-1.300000,2901783000.000000,,2901783000.000000,,,,-585497000.000000,-2.230000,1.000000,564058000.000000,0.670000,731687000.000000,-1510000.000000,1408683000.000000,,0.000000,910700000.000000,910700000.000000,0.000000,7589716000.000000,5139779000.000000,2449937000.000000,-1003890000.000000,0.000000,241000.000000,0.000000,0.000000,-339202000.000000,2259000.000000,17426000.000000,-569830000.000000,-97117000.000000,-340605000.000000,-340605000.000000,-340605000.000000,0.000000,0.000000,-0.405000,889547000.000000,-325489000.000000,2261227000.000000,0.000000,,,,654262000.000000,0.000000,,,,2181329000.000000,-6005707000.000000,841830000.000000,841830000.000000,258819000.000000,,,,,41626000.000000,408941000.000000,1.000000,,262509000.000000,262509000.000000,3.207000,9759812000.000000,0.000000,-16485000.000000,0.000000,37.179000
MRQ,2020-06-30,2020-06-30,2020-06-30,2020-Q2,3776607000.000000,,2025-05-01,2639000.000000,10491499000.000000,,8916386000.000000,1575113000.000000,,11.012000,-6186000.000000,5514403000.000000,5514403000.000000,161198000.000000,-575588000.000000,1.735000,2.616000,2303053000.000000,56586000.000000,2246467000.000000,2303053000.000000,407895000.000000,29928000.000000,0.000000,,0.000000,-590207000.000000,-560279000.000000,-1.674000,-560279000.000000,-590207000.000000,-639398000.000000,-2.180000,-2.180000,-2.180000,2901783000.000000,,2901783000.000000,,,,-262648000.000000,-0.997000,1.000000,173576000.000000,0.518000,731687000.000000,49191000.000000,1408683000.000000,,0.000000,910700000.000000,910700000.000000,0.000000,7589716000.000000,5139779000.000000,2449937000.000000,1733412000.000000,0.000000,2427000.000000,1928880000.000000,0.000000,2543390000.000000,-581070000.000000,-574884000.000000,-256462000.000000,27554000.000000,-575588000.000000,-575588000.000000,-575588000.000000,0.000000,0.000000,-1.719000,756791000.000000,-583215000.000000,2261227000.000000,0.000000,,,,654262000.000000,0.000000,,,,2181329000.000000,-6005707000.000000,334774000.000000,334774000.000000,217938000.000000,,,,,37790000.000000,264136000.000000,1.000000,,263517000.000000,263517000.000000,1.270000,9759812000.000000,0.000000,-63810000.000000,0.000000,37.037000
MRQ,2020-09-30,2020-09-30,2020-09-30,2020-Q3,3776607000.000000,,2025-05-01,2639000.000000,10491499000.000000,,8916386000.000000,1575113000.000000,,10.944000,-7636000.000000,5514403000.000000,5514403000.000000,227325000.000000,219328000.000000,1.735000,2.616000,2303053000.000000,56586000.000000,2246467000.000000,2303053000.000000,407895000.000000,29638000.000000,0.000000,,0.000000,366919000.000000,396557000.000000,0.295000,396557000.000000,366919000.000000,307052000.000000,0.000000,0.000000,0.000000,2901783000.000000,,2901783000.000000,,,,328034000.000000,1.237000,1.000000,1115006000.000000,0.831000,731687000.000000,59867000.000000,1408683000.000000,,0.000000,910700000.000000,910700000.000000,0.000000,7589716000.000000,5139779000.000000,2449937000.000000,-826831000.000000,0.000000,2743000.000000,-2500000.000000,0.000000,-1029981000.000000,-237293000.000000,-229657000.000000,335670000.000000,104773000.000000,219328000.000000,219328000.000000,219328000.000000,0.000000,0.000000,0.163000,696269000.000000,418737000.000000,2261227000.000000,,,,,654262000.000000,0.000000,,,,2181329000.000000,-6005707000.000000,1342331000.000000,1342331000.000000,213920000.000000,,,,,29360000.000000,293515000.000000,1.000000,597448251.000000,265137000.000000,299206000.000000,5.063000,9759812000.000000,0.000000,87724000.000000,0.000000,36.810000
MRQ,2020-12-31,2020-12-31,2020-12-31,2020-Q4,3776607000.000000,87705403247.000000,2025-05-01,2639000.000000,10491499000.000000,,8916386000.000000,1575113000.000000,,10.218000,-7511000.000000,5514403000.000000,5514403000.000000,209705000.000000,-3888135000.000000,1.735000,2.616000,2303053000.000000,56586000.000000,2246467000.000000,2303053000.000000,407895000.000000,32562000.000000,0.000000,0.000000,0.000000,-3928112000.000000,-3895550000.000000,-4.535000,-3895550000.000000,-3928112000.000000,-3992564000.000000,-13.480000,-13.480000,-13.480000,2901783000.000000,,2901783000.000000,87239477247.000000,-19.000000,-19.900000,-256889000.000000,-0.905000,1.000000,649360000.000000,0.756000,731687000.000000,64452000.000000,1408683000.000000,,0.000000,910700000.000000,910700000.000000,0.000000,7589716000.000000,5139779000.000000,2449937000.000000,2622309000.000000,0.000000,3660589000.000000,-2380000.000000,0.000000,1876793000.000000,896104000.000000,912115000.000000,-249378000.000000,98790000.000000,-3888135000.000000,-3888135000.000000,-3888135000.000000,0.000000,0.000000,-4.526000,3749393000.000000,-3100033000.000000,2261227000.000000,0.000000,30.225000,-19.129000,-9.107000,654262000.000000,0.000000,146.800000,25.964000,12.342000,2181329000.000000,-6005707000.000000,859065000.000000,859065000.000000,2062323000.000000,,,,,2894224000.000000,1343408000.000000,1.000000,597448251.000000,284000000.000000,284000000.000000,3.025000,9759812000.000000,0.000000,-104429000.000000,0.000000,34.366000
MRQ,2021-03-31,2021-03-31,2021-03-31,2021-Q1,6027098000.000000,114349226163.000000,2025-05-01,-6893000.000000,13708474000.000000,,12386380000.000000,1322094000.000000,,7.947000,-7706000.000000,6082202000.000000,6082202000.000000,254515000.000000,-1172211000.000000,1.948000,1.870000,2418499000.000000,63479000.000000,2355020000.000000,2418499000.000000,903728000.000000,38252000.000000,0.000000,0.000000,0.000000,-743991000.000000,-705739000.000000,-0.796000,-705739000.000000,-743991000.000000,-1165902000.000000,-1.950000,-1.950000,-1.950000,4775713000.000000,,4775713000.000000,111137876163.000000,-23.000000,-23.324000,598670000.000000,0.996000,1.000000,632421000.000000,0.713000,704910000.000000,421911000.000000,2980579000.000000,,0.000000,2255038000.000000,2255038000.000000,0.000000,8932761000.000000,6359282000.000000,2573479000.000000,817329000.000000,0.000000,47793000.000000,-328917000.000000,0.000000,1455526000.000000,-1172286000.000000,-1164580000.000000,606376000.000000,-72287000.000000,-1172211000.000000,-1172211000.000000,-1172211000.000000,0.000000,0.000000,-1.322000,1079366000.000000,-446945000.000000,3833832000.000000,0.000000,23.944000,-21.111000,-10.672000,428621000.000000,0.000000,187.940000,33.405000,32.995000,3715471000.000000,-6357741000.000000,886936000.000000,886936000.000000,363061000.000000,,,,,229474000.000000,418887000.000000,1.000000,608434746.000000,600960000.000000,600960000.000000,1.476000,13003564000.000000,0.000000,6309000.000000,0.000000,21.638000
MRQ,2021-06-30,2021-06-30,2021-06-30,2021-Q2,4599632000.000000,94567404226.000000,2025-05-01,7000.000000,15484810000.000000,,14095982000.000000,1388828000.000000,,5.547000,-7652000.000000,5687446000.000000,5687446000.000000,294427000.000000,-68217000.000000,1.484000,3.563000,2443749000.000000,51112000.000000,2392637000.000000,2443749000.000000,1483909000.000000,35536000.000000,0.000000,0.000000,0.000000,-50464000.000000,-14928000.000000,-0.011000,-14928000.000000,-50464000.000000,-56984000.000000,-0.110000,-0.110000,-0.110000,3393201000.000000,,3393201000.000000,92521873226.000000,-21.000000,-21.926000,782002000.000000,1.278000,1.000000,1040769000.000000,0.779000,718207000.000000,6520000.000000,2026556000.000000,,0.000000,1755257000.000000,1755257000.000000,0.000000,12091609000.000000,9496350000.000000,2595259000.000000,3459409000.000000,0.000000,61526000.000000,0.000000,0.000000,2327706000.000000,325516000.000000,333168000.000000,789654000.000000,16533000.000000,-68217000.000000,-68217000.000000,-68217000.000000,0.000000,0.000000,-0.051000,1092047000.000000,-51278000.000000,6399364000.000000,0.000000,27.870000,-19.263000,-9.855000,482322000.000000,0.000000,153.140000,21.378000,21.178000,6301695000.000000,-7246135000.000000,1335196000.000000,1335196000.000000,349734000.000000,,,,,232863000.000000,533626000.000000,1.000000,617522556.000000,611739000.000000,611739000.000000,2.183000,14766603000.000000,0.000000,11233000.000000,0.000000,24.139000
MRQ,2021-09-30,2021-09-30,2021-09-30,2021-Q3,5661603000.000000,105454830203.000000,2025-05-01,-3152000.000000,13582003000.000000,,12220917000.000000,1361086000.000000,,7.164000,-5506000.000000,6009462000.000000,6009462000.000000,311580000.000000,833893000.000000,1.863000,2.053000,2430998000.000000,65578000.000000,2365420000.000000,2430998000.000000,892415000.000000,33687000.000000,0.000000,0.000000,0.000000,857107000.000000,890794000.000000,0.398000,890794000.000000,857107000.000000,850458000.000000,1.340000,1.220000,1.340000,4448934000.000000,,4448934000.000000,102211133203.000000,-26.000000,-27.436000,529228000.000000,0.852000,1.000000,1925852000.000000,0.861000,711620000.000000,6649000.000000,2732605000.000000,,0.000000,1926005000.000000,1926005000.000000,0.000000,9133069000.000000,6559314000.000000,2573755000.000000,-2071772000.000000,0.000000,20733000.000000,0.000000,0.000000,-2327505000.000000,-175749000.000000,-170243000.000000,534734000.000000,-103252000.000000,833893000.000000,833893000.000000,833893000.000000,0.000000,0.000000,0.373000,1073879000.000000,851973000.000000,4037587000.000000,0.000000,23.703000,-24.555000,-11.813000,453934000.000000,0.000000,167.750000,19.827000,19.587000,3940494000.000000,-6412242000.000000,2237432000.000000,2237432000.000000,344410000.000000,,,,,210789000.000000,501604000.000000,1.000000,628642803.000000,621012000.000000,681916000.000000,3.603000,12870383000.000000,0.000000,16565000.000000,0.000000,20.725000
MRQ,2021-12-31,2021-12-31,2021-12-31,2021-Q4,6027000000.000000,105785902456.000000,2025-05-01,-7000000.000000,13708000000.000000,,12386000000.000000,1322000000.000000,,7.579000,20864000.000000,6067000000.000000,6067000000.000000,295478000.000000,54535000.000000,1.948000,1.871000,2418000000.000000,63000000.000000,2355000000.000000,2418000000.000000,904000000.000000,30525000.000000,0.000000,0.000000,0.000000,75348000.000000,105873000.000000,0.069000,105873000.000000,75348000.000000,72428000.000000,0.100000,0.100000,0.100000,4775000000.000000,,4775000000.000000,102207438456.000000,741.000000,370.317000,403100000.000000,0.640000,1.000000,1236958000.000000,0.807000,705000000.000000,2920000.000000,2995000000.000000,,0.000000,2255000000.000000,2255000000.000000,0.000000,8933000000.000000,6359000000.000000,2574000000.000000,-145966000.000000,0.000000,58948000.000000,-83000.000000,0.000000,-147727000.000000,-329481000.000000,-325345000.000000,382236000.000000,-50994000.000000,54535000.000000,54535000.000000,54535000.000000,0.000000,0.000000,0.036000,1161708000.000000,75250000.000000,3833000000.000000,0.000000,22.154000,-300.528000,-292.088000,429000000.000000,0.000000,166.490000,17.655000,17.116000,3715000000.000000,-6358000000.000000,1532436000.000000,1532436000.000000,367795000.000000,,,,,225874000.000000,567883000.000000,1.000000,635388927.000000,630067000.000000,630067000.000000,2.432000,13003000000.000000,0.000000,17893000.000000,0.000000,20.637000
MRQ,2022-03-31,2022-03-31,2022-03-31,2022-Q1,5987665000.000000,110419856174.000000,2025-05-01,-12415000.000000,17068442000.000000,,15761447000.000000,1306995000.000000,,7.460000,-6000000.000000,6901395000.000000,6901395000.000000,363000000.000000,-19000000.000000,1.613000,2.603000,2406010000.000000,63524000.000000,2342486000.000000,2406010000.000000,1747746000.000000,29000000.000000,0.000000,0.000000,0.000000,-2000000.000000,27000000.000000,0.018000,27000000.000000,-2000000.000000,-8000000.000000,-0.030000,-0.030000,-0.030000,4737416000.000000,,4737416000.000000,106756153174.000000,121.000000,105.831000,1196000000.000000,1.883000,1.000000,1146000000.000000,0.759000,698537000.000000,6000000.000000,2100738000.000000,,0.000000,2435661000.000000,2435661000.000000,0.000000,12331026000.000000,9773782000.000000,2557244000.000000,3212000000.000000,0.000000,12000000.000000,0.000000,0.000000,2204000000.000000,-197000000.000000,-188000000.000000,1202000000.000000,3000000.000000,-19000000.000000,-19000000.000000,-19000000.000000,0.000000,0.000000,-0.013000,1151000000.000000,-5000000.000000,6232840000.000000,0.000000,23.308000,137.816000,132.123000,405839000.000000,0.000000,171.760000,16.695000,16.490000,6104653000.000000,-6376533000.000000,1509000000.000000,1509000000.000000,363000000.000000,,,,,195000000.000000,555000000.000000,1.000000,642872940.000000,635000000.000000,635000000.000000,2.376000,16369905000.000000,0.000000,11000000.000000,0.000000,25.779000
MRQ,2022-06-30,2022-06-30,2022-06-30,2022-Q2,6538484000.000000,57515676965.000000,2025-05-01,-24030000.000000,19059126000.000000,,17825649000.000000,1233477000.000000,,8.221000,-5000000.000000,7852760000.000000,7852760000.000000,390000000.000000,379000000.000000,1.579000,2.634000,2381309000.000000,61702000.000000,2319607000.000000,2381309000.000000,1980863000.000000,26000000.000000,0.000000,0.000000,0.000000,391000000.000000,417000000.000000,0.198000,417000000.000000,391000000.000000,383000000.000000,0.590000,0.560000,0.590000,5245025000.000000,,5245025000.000000,53020291965.000000,40.000000,36.803000,796000000.000000,1.248000,1.000000,1714000000.000000,0.815000,691844000.000000,8000000.000000,1608666000.000000,,0.000000,2057487000.000000,2057487000.000000,0.000000,13814101000.000000,11287165000.000000,2526936000.000000,2303000000.000000,0.000000,24000000.000000,0.000000,0.000000,1445000000.000000,368000000.000000,373000000.000000,801000000.000000,-311000000.000000,379000000.000000,379000000.000000,379000000.000000,0.000000,0.000000,0.180000,1345000000.000000,369000000.000000,7604758000.000000,0.000000,10.966000,46.070000,44.540000,282689000.000000,0.000000,89.080000,7.790000,7.698000,7465510000.000000,-5997692000.000000,2104000000.000000,2104000000.000000,375000000.000000,,,,,247000000.000000,623000000.000000,1.000000,645663190.000000,638000000.000000,684000000.000000,3.298000,18367282000.000000,0.000000,4000000.000000,0.000000,28.789000
MRQ,2022-09-30,2022-09-30,2022-09-30,2022-Q3,6851197000.000000,68139300734.000000,2025-05-01,-41871000.000000,16076590000.000000,,14866524000.000000,1210066000.000000,,8.670000,-6000000.000000,7525208000.000000,7525208000.000000,401000000.000000,1214000000.000000,1.855000,1.902000,2361184000.000000,52324000.000000,2308860000.000000,2361184000.000000,1220256000.000000,13000000.000000,0.000000,0.000000,0.000000,1275000000.000000,1288000000.000000,0.447000,1288000000.000000,1275000000.000000,1270000000.000000,1.900000,1.790000,1.900000,5540136000.000000,,5540136000.000000,62667849734.000000,36.000000,34.098000,958000000.000000,1.499000,1.000000,2483000000.000000,0.861000,684681000.000000,5000000.000000,2212558000.000000,,0.000000,2103898000.000000,2103898000.000000,0.000000,10536454000.000000,8015327000.000000,2521127000.000000,-2983000000.000000,0.000000,-997000000.000000,0.000000,0.000000,-3574000000.000000,-56000000.000000,-51000000.000000,964000000.000000,-317000000.000000,1214000000.000000,1214000000.000000,1214000000.000000,0.000000,0.000000,0.421000,1280000000.000000,1203000000.000000,4958043000.000000,0.000000,12.299000,41.841000,41.031000,272676000.000000,0.000000,105.040000,8.486000,8.359000,4805382000.000000,-5783403000.000000,2884000000.000000,2884000000.000000,366000000.000000,,,,,234000000.000000,624000000.000000,1.000000,648698598.000000,639000000.000000,680000000.000000,4.513000,15391909000.000000,0.000000,56000000.000000,0.000000,24.087000
MRQ,2022-12-31,2022-12-31,2022-12-31,2022-Q4,6883000000.000000,54923249146.000000,2025-05-01,-32000000.000000,16038000000.000000,,14861000000.000000,1177000000.000000,,8.728000,17000000.000000,7378000000.000000,7378000000.000000,345000000.000000,319000000.000000,1.863000,1.885000,2282000000.000000,0.000000,2282000000.000000,2282000000.000000,1182000000.000000,13000000.000000,0.000000,0.000000,0.000000,325000000.000000,338000000.000000,0.178000,338000000.000000,325000000.000000,344000000.000000,0.500000,0.480000,0.500000,5560000000.000000,,5560000000.000000,49759225146.000000,25.000000,24.038000,480000000.000000,0.754000,1.000000,1557000000.000000,0.819000,684000000.000000,-19000000.000000,2280000000.000000,,0.000000,2244000000.000000,2244000000.000000,0.000000,10478000000.000000,7978000000.000000,2500000000.000000,-156000000.000000,0.000000,-451000000.000000,0.000000,0.000000,-764000000.000000,-143000000.000000,-135000000.000000,463000000.000000,288000000.000000,319000000.000000,319000000.000000,319000000.000000,0.000000,0.000000,0.168000,1322000000.000000,235000000.000000,4783000000.000000,0.000000,9.878000,29.014000,28.788000,0.000000,0.000000,85.500000,6.539000,6.485000,4783000000.000000,-5965000000.000000,1902000000.000000,1902000000.000000,398000000.000000,,,,,254000000.000000,664000000.000000,1.000000,642377183.000000,637000000.000000,671000000.000000,2.986000,15354000000.000000,16000000.000000,25000000.000000,0.000000,24.104000
MRQ,2023-03-31,2023-03-31,2023-03-31,2023-Q1,6657000000.000000,79681744654.000000,2025-05-01,-30000000.000000,20018000000.000000,,18869000000.000000,1149000000.000000,,8.345000,0.000000,8166000000.000000,8166000000.000000,428000000.000000,117000000.000000,1.545000,2.783000,2288000000.000000,0.000000,2288000000.000000,2288000000.000000,2172000000.000000,11000000.000000,0.000000,0.000000,0.000000,130000000.000000,141000000.000000,0.078000,141000000.000000,130000000.000000,130000000.000000,0.180000,0.180000,0.180000,5291000000.000000,,5291000000.000000,74644744654.000000,35.000000,34.178000,1587000000.000000,2.503000,1.000000,1390000000.000000,0.765000,682000000.000000,0.000000,1246000000.000000,,0.000000,2428000000.000000,2428000000.000000,0.000000,14727000000.000000,12212000000.000000,2515000000.000000,3769000000.000000,0.000000,-476000000.000000,0.000000,0.000000,2286000000.000000,-183000000.000000,-177000000.000000,1587000000.000000,79000000.000000,117000000.000000,117000000.000000,117000000.000000,0.000000,0.000000,0.064000,1395000000.000000,-5000000.000000,7921000000.000000,0.000000,15.060000,39.271000,39.243000,260000000.000000,0.000000,124.400000,9.150000,9.057000,7760000000.000000,-6341000000.000000,1818000000.000000,1818000000.000000,420000000.000000,,,,,240000000.000000,693000000.000000,1.000000,640528494.000000,634000000.000000,670000000.000000,2.868000,19336000000.000000,0.000000,13000000.000000,0.000000,30.498000
MRQ,2023-06-30,2023-06-30,2023-06-30,2023-Q2,6428000000.000000,81952522298.000000,2025-05-01,-33000000.000000,21188000000.000000,,20052000000.000000,1136000000.000000,,7.967000,0.000000,7905000000.000000,7905000000.000000,432000000.000000,650000000.000000,1.472000,3.188000,2274000000.000000,0.000000,2274000000.000000,2274000000.000000,2347000000.000000,9000000.000000,0.000000,0.000000,0.000000,676000000.000000,685000000.000000,0.276000,685000000.000000,676000000.000000,676000000.000000,1.020000,0.980000,1.020000,5059000000.000000,,5059000000.000000,76074522298.000000,32.000000,31.025000,909000000.000000,1.431000,1.000000,2052000000.000000,0.826000,679000000.000000,0.000000,1254000000.000000,,0.000000,2435000000.000000,2435000000.000000,0.000000,16129000000.000000,13624000000.000000,2505000000.000000,1109000000.000000,0.000000,-470000000.000000,0.000000,0.000000,167000000.000000,-20000000.000000,-11000000.000000,909000000.000000,53000000.000000,650000000.000000,650000000.000000,650000000.000000,0.000000,0.000000,0.262000,1529000000.000000,523000000.000000,9244000000.000000,0.000000,16.199000,35.632000,35.600000,263000000.000000,0.000000,128.160000,9.018000,8.955000,9144000000.000000,-6198000000.000000,2484000000.000000,2484000000.000000,451000000.000000,,,,,304000000.000000,761000000.000000,1.000000,639454762.000000,635000000.000000,665000000.000000,3.912000,20509000000.000000,0.000000,26000000.000000,0.000000,32.298000
MRQ,2023-09-30,2023-09-30,2023-09-30,2023-Q3,7702000000.000000,88813787147.000000,2025-05-01,-5000000.000000,21439000000.000000,,17523000000.000000,3916000000.000000,,14.255000,0.000000,8175000000.000000,8175000000.000000,459000000.000000,4374000000.000000,1.784000,1.350000,2255000000.000000,0.000000,2255000000.000000,2255000000.000000,1467000000.000000,8000000.000000,0.000000,0.000000,0.000000,1679000000.000000,1687000000.000000,0.497000,1687000000.000000,1679000000.000000,1679000000.000000,6.830000,6.630000,6.830000,9123000000.000000,,9123000000.000000,83182787147.000000,30.000000,29.177000,1325000000.000000,2.070000,1.000000,2938000000.000000,0.865000,676000000.000000,0.000000,5022000000.000000,,0.000000,2787000000.000000,2787000000.000000,0.000000,12316000000.000000,9821000000.000000,2495000000.000000,-2893000000.000000,0.000000,-486000000.000000,0.000000,0.000000,-3712000000.000000,-364000000.000000,-349000000.000000,1325000000.000000,-142000000.000000,4374000000.000000,4374000000.000000,4374000000.000000,0.000000,0.000000,1.288000,1442000000.000000,1496000000.000000,6149000000.000000,0.000000,9.735000,16.266000,16.086000,270000000.000000,0.000000,137.210000,9.250000,9.146000,5986000000.000000,-2324000000.000000,3397000000.000000,3397000000.000000,419000000.000000,,,,,286000000.000000,707000000.000000,1.000000,647283632.000000,640000000.000000,660000000.000000,5.308000,20763000000.000000,2775000000.000000,-2695000000.000000,0.000000,32.442000
MRQ,2023-12-31,2023-12-31,2023-12-31,2023-Q4,6559000000.000000,88278357352.000000,2025-05-01,-49000000.000000,20645000000.000000,,16509000000.000000,4136000000.000000,,12.758000,0.000000,6874000000.000000,6874000000.000000,384000000.000000,-349000000.000000,1.659000,1.528000,1991000000.000000,0.000000,1991000000.000000,1991000000.000000,1427000000.000000,16000000.000000,0.000000,0.000000,0.000000,-383000000.000000,-367000000.000000,-0.165000,-367000000.000000,-383000000.000000,-383000000.000000,-0.560000,-0.500000,-0.560000,8165000000.000000,,8165000000.000000,82358357352.000000,39.000000,38.378000,63000000.000000,0.098000,1.000000,1834000000.000000,0.827000,792000000.000000,0.000000,5020000000.000000,,0.000000,3197000000.000000,3197000000.000000,0.000000,12480000000.000000,9950000000.000000,2530000000.000000,-1421000000.000000,0.000000,-710000000.000000,0.000000,0.000000,-1171000000.000000,-475000000.000000,-391000000.000000,63000000.000000,162000000.000000,-349000000.000000,-349000000.000000,-349000000.000000,0.000000,0.000000,-0.157000,2330000000.000000,-496000000.000000,5869000000.000000,0.000000,10.812000,18.422000,18.104000,0.000000,0.000000,136.140000,8.902000,8.745000,5869000000.000000,-3425000000.000000,2218000000.000000,2218000000.000000,432000000.000000,,,,,290000000.000000,1627000000.000000,1.000000,648438059.000000,640000000.000000,653000000.000000,3.466000,19853000000.000000,2881000000.000000,-34000000.000000,0.000000,31.020000
MRQ,2024-03-31,2024-03-31,2024-03-31,2024-Q1,6254000000.000000,106739787798.000000,2025-05-01,-9000000.000000,24537000000.000000,,20393000000.000000,4144000000.000000,,12.376000,0.000000,7829000000.000000,7829000000.000000,480000000.000000,264000000.000000,1.442000,2.108000,1992000000.000000,0.000000,1992000000.000000,1992000000.000000,2434000000.000000,14000000.000000,0.000000,0.000000,0.000000,293000000.000000,307000000.000000,0.143000,307000000.000000,293000000.000000,293000000.000000,0.410000,0.410000,0.410000,7896000000.000000,,7896000000.000000,102108787798.000000,45.000000,44.165000,1923000000.000000,3.014000,1.000000,1662000000.000000,0.776000,786000000.000000,0.000000,3775000000.000000,,0.000000,3264000000.000000,3264000000.000000,0.000000,16641000000.000000,14139000000.000000,2502000000.000000,3862000000.000000,0.000000,-704000000.000000,0.000000,0.000000,2134000000.000000,-84000000.000000,-70000000.000000,1923000000.000000,-111000000.000000,264000000.000000,264000000.000000,264000000.000000,0.000000,0.000000,0.123000,1561000000.000000,101000000.000000,8737000000.000000,0.000000,13.518000,21.612000,21.423000,0.000000,0.000000,164.960000,10.423000,10.277000,8737000000.000000,-3914000000.000000,2142000000.000000,2142000000.000000,475000000.000000,,,,,295000000.000000,801000000.000000,1.000000,647064669.000000,638000000.000000,654000000.000000,3.357000,23751000000.000000,2886000000.000000,29000000.000000,0.000000,37.227000
MRQ,2024-06-30,2024-06-30,2024-06-30,2024-Q2,6424000000.000000,97656363668.000000,2025-05-01,-5000000.000000,26320000000.000000,,22252000000.000000,4068000000.000000,,12.602000,0.000000,7882000000.000000,7882000000.000000,506000000.000000,555000000.000000,1.406000,2.289000,1993000000.000000,0.000000,1993000000.000000,1993000000.000000,2621000000.000000,14000000.000000,0.000000,0.000000,0.000000,681000000.000000,695000000.000000,0.253000,695000000.000000,681000000.000000,681000000.000000,0.870000,0.860000,0.870000,8002000000.000000,,8002000000.000000,91819363668.000000,40.000000,39.543000,1051000000.000000,1.655000,1.000000,2242000000.000000,0.816000,783000000.000000,0.000000,3820000000.000000,,0.000000,3369000000.000000,3369000000.000000,0.000000,18318000000.000000,15828000000.000000,2490000000.000000,1661000000.000000,0.000000,-696000000.000000,0.000000,0.000000,811000000.000000,-110000000.000000,-102000000.000000,1051000000.000000,-91000000.000000,555000000.000000,555000000.000000,555000000.000000,0.000000,0.000000,0.202000,1745000000.000000,497000000.000000,10342000000.000000,0.000000,12.204000,20.160000,20.083000,0.000000,0.000000,151.630000,9.296000,9.166000,10342000000.000000,-4109000000.000000,2748000000.000000,2748000000.000000,519000000.000000,,,,,382000000.000000,888000000.000000,1.000000,644043815.000000,635000000.000000,649000000.000000,4.328000,25537000000.000000,2825000000.000000,126000000.000000,0.000000,40.216000
MRQ,2024-09-30,2024-09-30,2024-09-30,2024-Q3,6983000000.000000,81364271597.000000,2025-05-01,-47000000.000000,22172000000.000000,,18319000000.000000,3853000000.000000,,13.452000,0.000000,7670000000.000000,7670000000.000000,465000000.000000,1368000000.000000,1.616000,1.612000,1994000000.000000,0.000000,1994000000.000000,1994000000.000000,1657000000.000000,15000000.000000,0.000000,0.000000,0.000000,1735000000.000000,1750000000.000000,0.469000,1750000000.000000,1735000000.000000,1735000000.000000,2.170000,2.130000,2.170000,8488000000.000000,,8488000000.000000,75475271597.000000,32.000000,31.646000,1078000000.000000,1.708000,1.000000,3267000000.000000,0.875000,783000000.000000,0.000000,4377000000.000000,,0.000000,3583000000.000000,3583000000.000000,0.000000,13684000000.000000,11336000000.000000,2348000000.000000,-3992000000.000000,0.000000,-1085000000.000000,0.000000,0.000000,-5187000000.000000,-202000000.000000,-198000000.000000,1078000000.000000,319000000.000000,1368000000.000000,1368000000.000000,1368000000.000000,0.000000,0.000000,0.367000,1742000000.000000,1525000000.000000,6573000000.000000,0.000000,9.586000,44.268000,43.879000,0.000000,0.000000,126.810000,7.506000,7.382000,6573000000.000000,-3843000000.000000,3732000000.000000,3732000000.000000,524000000.000000,,,,,362000000.000000,849000000.000000,1.000000,641623465.000000,631000000.000000,642000000.000000,5.914000,21389000000.000000,2601000000.000000,367000000.000000,0.000000,33.897000
MRQ,2024-12-31,2024-12-31,2024-12-31,2024-Q4,7019000000.000000,83310213212.000000,2025-05-01,35000000.000000,20959000000.000000,,17180000000.000000,3779000000.000000,,13.438000,0.000000,6864000000.000000,6864000000.000000,427000000.000000,461000000.000000,1.691000,1.492000,1995000000.000000,0.000000,1995000000.000000,1995000000.000000,1616000000.000000,22000000.000000,0.000000,0.000000,0.000000,622000000.000000,644000000.000000,0.260000,644000000.000000,622000000.000000,622000000.000000,0.740000,0.730000,0.740000,8412000000.000000,,8412000000.000000,77634213212.000000,23.000000,22.860000,466000000.000000,0.744000,1.000000,2053000000.000000,0.828000,777000000.000000,0.000000,5152000000.000000,,0.000000,3747000000.000000,3747000000.000000,0.000000,12547000000.000000,10161000000.000000,2386000000.000000,-1438000000.000000,0.000000,-777000000.000000,0.000000,0.000000,-1330000000.000000,-220000000.000000,-171000000.000000,466000000.000000,-354000000.000000,461000000.000000,461000000.000000,461000000.000000,0.000000,0.000000,0.186000,1623000000.000000,430000000.000000,5931000000.000000,0.000000,9.904000,31.462000,31.363000,0.000000,0.000000,131.410000,7.504000,7.481000,5931000000.000000,-4225000000.000000,2480000000.000000,2480000000.000000,538000000.000000,,,,,368000000.000000,795000000.000000,1.000000,633971640.000000,626000000.000000,636000000.000000,3.962000,20182000000.000000,2439000000.000000,161000000.000000,0.000000,32.240000
MRQ,2025-03-31,2025-03-31,2025-03-31,2025-Q1,4565000000.000000,75324260497.000000,2025-05-01,-21000000.000000,25056000000.000000,,21295000000.000000,3761000000.000000,,12.781000,0.000000,7600000000.000000,7600000000.000000,506000000.000000,154000000.000000,1.273000,2.157000,1996000000.000000,1996000000.000000,0.000000,1996000000.000000,2723000000.000000,25000000.000000,0.000000,0.000000,0.000000,173000000.000000,198000000.000000,0.087000,198000000.000000,173000000.000000,173000000.000000,0.250000,0.240000,0.250000,7937000000.000000,,7937000000.000000,70455260497.000000,22.000000,21.435000,1789000000.000000,2.881000,1.000000,1766000000.000000,0.777000,775000000.000000,0.000000,1947000000.000000,,0.000000,3892000000.000000,3892000000.000000,0.000000,17119000000.000000,16730000000.000000,389000000.000000,3990000000.000000,0.000000,-777000000.000000,0.000000,0.000000,2145000000.000000,-151000000.000000,-143000000.000000,1789000000.000000,207000000.000000,154000000.000000,154000000.000000,154000000.000000,0.000000,0.000000,0.068000,1728000000.000000,38000000.000000,9175000000.000000,0.000000,9.490000,29.679000,29.643000,0.000000,0.000000,119.460000,6.706000,6.605000,9175000000.000000,-4883000000.000000,2272000000.000000,2272000000.000000,568000000.000000,,,,,358000000.000000,857000000.000000,1.000000,630539599.000000,621000000.000000,632000000.000000,3.659000,24281000000.000000,2459000000.000000,19000000.000000,0.000000,39.100000
MRT,2017-12-31,2017-12-31,2017-12-31,2017-Q4,,,2025-05-01,,,,,,,,-100204000.000000,,,647690000.000000,-70046000.000000,,,,,,,,79342000.000000,,,0.000000,-42696000.000000,36646000.000000,0.014000,36646000.000000,-42696000.000000,-59099000.000000,-0.270000,-0.270000,-0.270000,,,,,,,151021000.000000,0.592000,1.000000,1914031000.000000,0.747000,,16403000.000000,,,,,,,,,,362407000.000000,-172649000.000000,1007000.000000,0.000000,0.000000,672954000.000000,-788944000.000000,-516091000.000000,251225000.000000,227172000.000000,-70046000.000000,-70046000.000000,-70046000.000000,0.000000,0.000000,-0.027000,1995393000.000000,-81362000.000000,,0.000000,,,,,0.000000,,,,,,2561721000.000000,2561721000.000000,400749000.000000,,,,-0.017000,38357000.000000,1198905000.000000,1.000000,,255006000.000000,255006000.000000,10.046000,,,10947000.000000,,
MRT,2018-12-31,2018-12-31,2018-12-31,2018-Q4,2138522000.000000,,2025-05-01,-7912000.000000,6613089000.000000,,5874532000.000000,738557000.000000,,-2.018000,-90624000.000000,2140877000.000000,2140877000.000000,864032000.000000,-16860000.000000,1.572000,-7.537000,0.000000,0.000000,0.000000,0.000000,496239000.000000,82401000.000000,0.000000,,0.000000,73176000.000000,155577000.000000,0.043000,155577000.000000,73176000.000000,47033000.000000,-0.070000,-0.070000,-0.070000,-517308000.000000,,-517308000.000000,,,,504933000.000000,1.970000,1.000000,2787953000.000000,0.763000,318617000.000000,26143000.000000,417585000.000000,,0.000000,1188431000.000000,1188431000.000000,0.000000,3898895000.000000,3736010000.000000,162885000.000000,-91017000.000000,-31300000.000000,16043000.000000,0.000000,0.000000,140516000.000000,-668171000.000000,-542957000.000000,595557000.000000,-158919000.000000,-16860000.000000,-16860000.000000,-16860000.000000,0.000000,0.000000,-0.005000,2769209000.000000,18744000.000000,2375641000.000000,0.000000,,,,309408000.000000,0.000000,,,,2305011000.000000,-768888000.000000,3651985000.000000,3651985000.000000,579193000.000000,,,,0.020000,53893000.000000,1580814000.000000,1.000000,,256326000.000000,256326000.000000,14.247000,6294472000.000000,0.000000,63893000.000000,0.000000,24.557000
MRT,2019-12-31,2019-12-31,2019-12-31,2019-Q4,1327679000.000000,,2025-05-01,-4410000.000000,8310119000.000000,7461604000.000000,6561443000.000000,1748676000.000000,0.644000,-3.100000,-125452000.000000,2013662000.000000,2013662000.000000,1196313000.000000,-674339000.000000,1.254000,-7.288000,419396000.000000,38022000.000000,381374000.000000,419396000.000000,674788000.000000,114162000.000000,0.000000,,0.000000,-401735000.000000,-287573000.000000,-0.060000,-287573000.000000,-401735000.000000,-411703000.000000,-2.590000,-2.590000,-2.590000,-807685000.000000,-662496500.000000,-807685000.000000,,,,97275000.000000,0.373000,1.000000,3608926000.000000,0.751000,755000000.000000,9968000.000000,727089000.000000,572337000.000000,0.000000,1060726000.000000,1060726000.000000,0.000000,5886302000.000000,5233764000.000000,652538000.000000,704867000.000000,-192116000.000000,5873000.000000,0.000000,0.000000,854579000.000000,-347155000.000000,-63252000.000000,222727000.000000,-25284000.000000,-674339000.000000,-674339000.000000,-674339000.000000,0.000000,0.000000,-0.140000,4110469000.000000,-501543000.000000,3296874000.000000,0.000000,,,,686867000.000000,0.000000,,,,3145457000.000000,-1420991000.000000,4805239000.000000,4805239000.000000,976695000.000000,-0.090000,1.018000,-0.702000,-0.084000,97547000.000000,2318700000.000000,1.000000,,260556000.000000,260556000.000000,18.442000,7555119000.000000,0.000000,262636000.000000,0.000000,28.996000
MRT,2020-03-31,2020-03-31,2020-03-31,2020-Q1,3776607000.000000,,2025-05-01,2639000.000000,10491499000.000000,,8916386000.000000,1575113000.000000,,11.054000,,5514403000.000000,5514403000.000000,,,1.735000,2.616000,2303053000.000000,56586000.000000,2246467000.000000,2303053000.000000,407895000.000000,,0.000000,,0.000000,,,,,,,,,,2901783000.000000,,2901783000.000000,,,,,,1.000000,,,731687000.000000,,1408683000.000000,,0.000000,910700000.000000,910700000.000000,0.000000,7589716000.000000,5139779000.000000,2449937000.000000,,,,,,,,,,,,,,,,,,,2261227000.000000,,,,,654262000.000000,,,,,2181329000.000000,-6005707000.000000,,,,,,,,,,1.000000,,262509000.000000,,,9759812000.000000,0.000000,,0.000000,37.179000
MRT,2020-06-30,2020-06-30,2020-06-30,2020-Q2,3776607000.000000,,2025-05-01,2639000.000000,10491499000.000000,,8916386000.000000,1575113000.000000,,11.012000,,5514403000.000000,5514403000.000000,,,1.735000,2.616000,2303053000.000000,56586000.000000,2246467000.000000,2303053000.000000,407895000.000000,,0.000000,,0.000000,,,,,,,,,,2901783000.000000,,2901783000.000000,,,,,,1.000000,,,731687000.000000,,1408683000.000000,,0.000000,910700000.000000,910700000.000000,0.000000,7589716000.000000,5139779000.000000,2449937000.000000,,,,,,,,,,,,,,,,,,,2261227000.000000,,,,,654262000.000000,,,,,2181329000.000000,-6005707000.000000,,,,,,,,,,1.000000,,263517000.000000,,,9759812000.000000,0.000000,,0.000000,37.037000
MRT,2020-09-30,2020-09-30,2020-09-30,2020-Q3,3776607000.000000,,2025-05-01,2639000.000000,10491499000.000000,9946154000.000000,8916386000.000000,1575113000.000000,0.365000,10.944000,-55663000.000000,5514403000.000000,5514403000.000000,959913000.000000,-1048403000.000000,1.735000,2.616000,2303053000.000000,56586000.000000,2246467000.000000,2303053000.000000,407895000.000000,131268000.000000,0.000000,,0.000000,-920810000.000000,-789542000.000000,-0.218000,-789542000.000000,-920810000.000000,-1031525000.000000,-4.830000,-4.830000,-4.830000,2901783000.000000,1974416000.000000,2901783000.000000,,,,-742659000.000000,-2.801000,1.000000,2665818000.000000,0.735000,731687000.000000,110715000.000000,1408683000.000000,1238284500.000000,0.000000,910700000.000000,910700000.000000,0.000000,7589716000.000000,5139779000.000000,2449937000.000000,-368631000.000000,0.000000,5594000.000000,1926380000.000000,0.000000,1344588000.000000,-1113170000.000000,-1058007000.000000,-686996000.000000,86947000.000000,-1048403000.000000,-1048403000.000000,-1048403000.000000,0.000000,0.000000,-0.289000,3483724000.000000,-817906000.000000,2261227000.000000,0.000000,,,,654262000.000000,0.000000,,,,2181329000.000000,-6005707000.000000,3625731000.000000,3625731000.000000,973576000.000000,-0.105000,-0.531000,-0.744000,-0.254000,134013000.000000,1610524000.000000,1.000000,597448251.000000,265137000.000000,299206000.000000,13.675000,9759812000.000000,0.000000,16878000.000000,0.000000,36.810000
MRT,2020-12-31,2020-12-31,2020-12-31,2020-Q4,3776607000.000000,87705403247.000000,2025-05-01,2639000.000000,10491499000.000000,10491499000.000000,8916386000.000000,1575113000.000000,0.322000,10.218000,-37000000.000000,5514403000.000000,5514403000.000000,876000000.000000,-4585000000.000000,1.735000,2.616000,2303053000.000000,56586000.000000,2246467000.000000,2303053000.000000,407895000.000000,126000000.000000,0.000000,0.000000,0.000000,-4510000000.000000,-4384000000.000000,-1.298000,-4384000000.000000,-4510000000.000000,-4682000000.000000,-16.120000,-16.120000,-16.120000,2901783000.000000,2901783000.000000,2901783000.000000,87239477247.000000,-19.000000,-19.900000,-777000000.000000,-2.736000,1.000000,2502000000.000000,0.741000,731687000.000000,172000000.000000,1408683000.000000,1408683000.000000,0.000000,910700000.000000,910700000.000000,0.000000,7589716000.000000,5139779000.000000,2449937000.000000,2525000000.000000,0.000000,3666000000.000000,1924000000.000000,0.000000,3051000000.000000,80000000.000000,125000000.000000,-740000000.000000,134000000.000000,-4585000000.000000,-4585000000.000000,-4585000000.000000,0.000000,0.000000,-1.357000,6092000000.000000,-3590000000.000000,2261227000.000000,0.000000,30.225000,-19.129000,-9.107000,654262000.000000,0.000000,146.800000,25.964000,12.342000,2181329000.000000,-6005707000.000000,3378000000.000000,3378000000.000000,2753000000.000000,-0.437000,-1.580000,-3.202000,-1.335000,3003000000.000000,2310000000.000000,1.000000,597448251.000000,284000000.000000,284000000.000000,11.894000,9759812000.000000,0.000000,-97000000.000000,0.000000,34.366000
MRT,2021-03-31,2021-03-31,2021-03-31,2021-Q1,6027098000.000000,114349226163.000000,2025-05-01,-6893000.000000,13708474000.000000,11295742750.000000,12386380000.000000,1322094000.000000,0.303000,7.947000,-29039000.000000,6082202000.000000,6082202000.000000,852743000.000000,-5416606000.000000,1.948000,1.870000,2418499000.000000,63479000.000000,2355020000.000000,2418499000.000000,903728000.000000,130380000.000000,0.000000,0.000000,0.000000,-4895391000.000000,-4765011000.000000,-1.392000,-4765011000.000000,-4895391000.000000,-5490812000.000000,-17.610000,-17.610000,-17.610000,4775713000.000000,3370265500.000000,4775713000.000000,111137876163.000000,-23.000000,-23.324000,407167000.000000,0.678000,1.000000,2570363000.000000,0.751000,704910000.000000,595421000.000000,2980579000.000000,1801657000.000000,0.000000,2255038000.000000,2255038000.000000,0.000000,8932761000.000000,6359282000.000000,2573479000.000000,4346219000.000000,0.000000,3713552000.000000,1595083000.000000,0.000000,4845728000.000000,-1094545000.000000,-1057006000.000000,436206000.000000,158830000.000000,-5416606000.000000,-5416606000.000000,-5416606000.000000,0.000000,0.000000,-1.582000,6281819000.000000,-3711456000.000000,3833832000.000000,0.000000,23.944000,-21.111000,-10.672000,428621000.000000,0.000000,187.940000,33.405000,32.995000,3715471000.000000,-6357741000.000000,3423106000.000000,3423106000.000000,2857242000.000000,-0.480000,-1.607000,-2.717000,-1.430000,3190848000.000000,2319946000.000000,1.000000,608434746.000000,600960000.000000,600960000.000000,5.696000,13003564000.000000,0.000000,-74206000.000000,0.000000,21.638000
MRT,2021-06-30,2021-06-30,2021-06-30,2021-Q2,4599632000.000000,94567404226.000000,2025-05-01,7000.000000,15484810000.000000,12544070500.000000,14095982000.000000,1388828000.000000,0.353000,5.547000,-30505000.000000,5687446000.000000,5687446000.000000,985972000.000000,-4909235000.000000,1.484000,3.563000,2443749000.000000,51112000.000000,2392637000.000000,2443749000.000000,1483909000.000000,135988000.000000,0.000000,0.000000,0.000000,-4355648000.000000,-4219660000.000000,-0.954000,-4219660000.000000,-4355648000.000000,-4908398000.000000,-15.540000,-15.540000,-15.540000,3393201000.000000,3493120000.000000,3393201000.000000,92521873226.000000,-21.000000,-21.926000,1451817000.000000,2.373000,1.000000,3437556000.000000,0.777000,718207000.000000,552750000.000000,2026556000.000000,1956125250.000000,0.000000,1755257000.000000,1755257000.000000,0.000000,12091609000.000000,9496350000.000000,2595259000.000000,6072216000.000000,0.000000,3772651000.000000,-333797000.000000,0.000000,4630044000.000000,-187959000.000000,-148954000.000000,1482322000.000000,147809000.000000,-4909235000.000000,-4909235000.000000,-4909235000.000000,0.000000,0.000000,-1.110000,6617075000.000000,-3179519000.000000,6399364000.000000,0.000000,27.870000,-19.263000,-9.855000,482322000.000000,0.000000,153.140000,21.378000,21.178000,6301695000.000000,-7246135000.000000,4423528000.000000,4423528000.000000,2989038000.000000,-0.391000,-1.405000,-2.227000,-0.985000,3385921000.000000,2589436000.000000,1.000000,617522556.000000,611739000.000000,611739000.000000,7.231000,14766603000.000000,0.000000,837000.000000,0.000000,24.139000
MRT,2021-09-30,2021-09-30,2021-09-30,2021-Q3,5661603000.000000,105454830203.000000,2025-05-01,-3152000.000000,13582003000.000000,13316696500.000000,12220917000.000000,1361086000.000000,0.399000,7.164000,-28375000.000000,6009462000.000000,6009462000.000000,1070227000.000000,-4294670000.000000,1.863000,2.053000,2430998000.000000,65578000.000000,2365420000.000000,2430998000.000000,892415000.000000,140037000.000000,0.000000,0.000000,0.000000,-3865460000.000000,-3725423000.000000,-0.700000,-3725423000.000000,-3865460000.000000,-4364992000.000000,-14.200000,-14.320000,-14.200000,4448934000.000000,3879907750.000000,4448934000.000000,102211133203.000000,-26.000000,-27.436000,1653011000.000000,2.662000,1.000000,4248402000.000000,0.799000,711620000.000000,499532000.000000,2732605000.000000,2287105750.000000,0.000000,1926005000.000000,1926005000.000000,0.000000,9133069000.000000,6559314000.000000,2573755000.000000,4827275000.000000,0.000000,3790641000.000000,-331297000.000000,0.000000,3332520000.000000,-126415000.000000,-89540000.000000,1681386000.000000,-60216000.000000,-4294670000.000000,-4294670000.000000,-4294670000.000000,0.000000,0.000000,-0.807000,6994685000.000000,-2746283000.000000,4037587000.000000,0.000000,23.703000,-24.555000,-11.813000,453934000.000000,0.000000,167.750000,19.827000,19.587000,3940494000.000000,-6412242000.000000,5318629000.000000,5318629000.000000,3119528000.000000,-0.323000,-1.107000,-1.690000,-0.727000,3567350000.000000,2797525000.000000,1.000000,628642803.000000,621012000.000000,681916000.000000,8.564000,12870383000.000000,0.000000,-70322000.000000,0.000000,20.725000
MRT,2021-12-31,2021-12-31,2021-12-31,2021-Q4,6027000000.000000,105785902456.000000,2025-05-01,-7000000.000000,13708000000.000000,14120821750.000000,12386000000.000000,1322000000.000000,0.424000,7.752000,0.000000,6067000000.000000,6067000000.000000,1156000000.000000,-352000000.000000,1.948000,1.871000,2418000000.000000,63000000.000000,2355000000.000000,2418000000.000000,904000000.000000,138000000.000000,0.000000,0.000000,0.000000,138000000.000000,276000000.000000,0.046000,276000000.000000,138000000.000000,-300000000.000000,-0.570000,-0.570000,-0.570000,4775000000.000000,4348212000.000000,4775000000.000000,102207438456.000000,741.000000,370.317000,2313000000.000000,3.755000,1.000000,4836000000.000000,0.807000,705000000.000000,438000000.000000,2995000000.000000,2683685000.000000,0.000000,2255000000.000000,2255000000.000000,0.000000,8933000000.000000,6359000000.000000,2574000000.000000,2059000000.000000,0.000000,189000000.000000,-329000000.000000,0.000000,1308000000.000000,-1352000000.000000,-1327000000.000000,2313000000.000000,-210000000.000000,-352000000.000000,-352000000.000000,-352000000.000000,0.000000,0.000000,-0.059000,4407000000.000000,429000000.000000,3833000000.000000,0.000000,22.154000,-300.528000,-292.088000,429000000.000000,0.000000,166.490000,17.655000,17.116000,3715000000.000000,-6358000000.000000,5992000000.000000,5992000000.000000,1425000000.000000,-0.025000,-0.081000,0.051000,0.023000,899000000.000000,2022000000.000000,1.000000,635388927.000000,616000000.000000,616000000.000000,9.727000,13003000000.000000,0.000000,52000000.000000,0.000000,21.109000
MRT,2022-03-31,2022-03-31,2022-03-31,2022-Q1,5987665000.000000,110419856174.000000,2025-05-01,-12415000.000000,17068442000.000000,14960813750.000000,15761447000.000000,1306995000.000000,0.442000,7.460000,1706000.000000,6901395000.000000,6901395000.000000,1264485000.000000,801211000.000000,1.613000,2.603000,2406010000.000000,63524000.000000,2342486000.000000,2406010000.000000,1747746000.000000,128748000.000000,0.000000,0.000000,0.000000,879991000.000000,1008739000.000000,0.153000,1008739000.000000,879991000.000000,857902000.000000,1.300000,1.180000,1.300000,4737416000.000000,4338637750.000000,4737416000.000000,106756153174.000000,121.000000,105.831000,2910330000.000000,4.583000,1.000000,5349579000.000000,0.809000,698537000.000000,22089000.000000,2100738000.000000,2463724750.000000,0.000000,2435661000.000000,2435661000.000000,0.000000,12331026000.000000,9773782000.000000,2557244000.000000,4453671000.000000,0.000000,153207000.000000,-83000.000000,0.000000,2056474000.000000,-376714000.000000,-350420000.000000,2908624000.000000,-134713000.000000,801211000.000000,801211000.000000,801211000.000000,0.000000,0.000000,0.121000,4478634000.000000,870945000.000000,6232840000.000000,0.000000,23.308000,137.816000,132.123000,405839000.000000,0.000000,171.760000,16.695000,16.490000,6104653000.000000,-6376533000.000000,6614064000.000000,6614064000.000000,1424939000.000000,0.054000,0.185000,0.357000,0.133000,864526000.000000,2158113000.000000,1.000000,642872940.000000,635000000.000000,635000000.000000,10.416000,16369905000.000000,0.000000,56691000.000000,0.000000,25.779000
MRT,2022-06-30,2022-06-30,2022-06-30,2022-Q2,6538484000.000000,57515676965.000000,2025-05-01,-24030000.000000,19059126000.000000,15854392750.000000,17825649000.000000,1233477000.000000,0.466000,8.221000,4358000.000000,7852760000.000000,7852760000.000000,1360058000.000000,1248428000.000000,1.579000,2.634000,2381309000.000000,61702000.000000,2319607000.000000,2381309000.000000,1980863000.000000,119212000.000000,0.000000,0.000000,0.000000,1321455000.000000,1440667000.000000,0.195000,1440667000.000000,1321455000.000000,1297886000.000000,2.000000,1.850000,2.000000,5245025000.000000,4801593750.000000,5245025000.000000,53020291965.000000,40.000000,36.803000,2924328000.000000,4.584000,1.000000,6022810000.000000,0.816000,691844000.000000,23569000.000000,1608666000.000000,2359252250.000000,0.000000,2057487000.000000,2057487000.000000,0.000000,13814101000.000000,11287165000.000000,2526936000.000000,3297262000.000000,0.000000,115681000.000000,-83000.000000,0.000000,1173768000.000000,-334230000.000000,-310588000.000000,2919970000.000000,-462246000.000000,1248428000.000000,1248428000.000000,1248428000.000000,0.000000,0.000000,0.169000,4731587000.000000,1291223000.000000,7604758000.000000,0.000000,10.966000,46.070000,44.540000,282689000.000000,0.000000,89.080000,7.790000,7.698000,7465510000.000000,-5997692000.000000,7382868000.000000,7382868000.000000,1450205000.000000,0.079000,0.260000,0.560000,0.179000,878663000.000000,2247487000.000000,1.000000,645663190.000000,638000000.000000,684000000.000000,11.572000,18367282000.000000,0.000000,49458000.000000,0.000000,28.789000
MRT,2022-09-30,2022-09-30,2022-09-30,2022-Q3,6851197000.000000,68139300734.000000,2025-05-01,-41871000.000000,16076590000.000000,16478039500.000000,14866524000.000000,1210066000.000000,0.487000,8.670000,3864000.000000,7525208000.000000,7525208000.000000,1449478000.000000,1628535000.000000,1.855000,1.902000,2361184000.000000,52324000.000000,2308860000.000000,2361184000.000000,1220256000.000000,98525000.000000,0.000000,0.000000,0.000000,1739348000.000000,1837873000.000000,0.229000,1837873000.000000,1739348000.000000,1717428000.000000,2.560000,2.420000,2.560000,5540136000.000000,5074394250.000000,5540136000.000000,62667849734.000000,36.000000,34.098000,3353100000.000000,5.247000,1.000000,6579958000.000000,0.819000,684681000.000000,21920000.000000,2212558000.000000,2229240500.000000,0.000000,2103898000.000000,2103898000.000000,0.000000,10536454000.000000,8015327000.000000,2521127000.000000,2386034000.000000,0.000000,-902052000.000000,-83000.000000,0.000000,-72727000.000000,-214481000.000000,-191345000.000000,3349236000.000000,-675994000.000000,1628535000.000000,1628535000.000000,1628535000.000000,0.000000,0.000000,0.203000,4937708000.000000,1642250000.000000,4958043000.000000,0.000000,12.299000,41.841000,41.031000,272676000.000000,0.000000,105.040000,8.486000,8.359000,4805382000.000000,-5783403000.000000,8029436000.000000,8029436000.000000,1471795000.000000,0.099000,0.321000,0.780000,0.217000,901874000.000000,2369883000.000000,1.000000,648698598.000000,639000000.000000,680000000.000000,12.566000,15391909000.000000,0.000000,88893000.000000,0.000000,24.087000
MRT,2022-12-31,2022-12-31,2022-12-31,2022-Q4,6883000000.000000,54923249146.000000,2025-05-01,-32000000.000000,16038000000.000000,17060539500.000000,14861000000.000000,1177000000.000000,0.492000,8.728000,0.000000,7378000000.000000,7378000000.000000,1499000000.000000,1893000000.000000,1.863000,1.885000,2282000000.000000,0.000000,2282000000.000000,2282000000.000000,1182000000.000000,81000000.000000,0.000000,0.000000,0.000000,1989000000.000000,2070000000.000000,0.246000,2070000000.000000,1989000000.000000,1989000000.000000,2.970000,2.790000,2.970000,5560000000.000000,5270644250.000000,5560000000.000000,49759225146.000000,25.000000,24.038000,3430000000.000000,5.385000,1.000000,6900000000.000000,0.822000,684000000.000000,0.000000,2280000000.000000,2050490500.000000,0.000000,2244000000.000000,2244000000.000000,0.000000,10478000000.000000,7978000000.000000,2500000000.000000,2376000000.000000,0.000000,-1412000000.000000,0.000000,0.000000,-689000000.000000,-28000000.000000,-1000000.000000,3430000000.000000,-337000000.000000,1893000000.000000,1893000000.000000,1893000000.000000,0.000000,0.000000,0.225000,5098000000.000000,1802000000.000000,4783000000.000000,0.000000,9.878000,29.014000,28.788000,0.000000,0.000000,85.500000,6.539000,6.485000,4783000000.000000,-5965000000.000000,8399000000.000000,8399000000.000000,1502000000.000000,0.111000,0.359000,0.970000,0.237000,930000000.000000,2466000000.000000,1.000000,642377183.000000,637000000.000000,680000000.000000,13.185000,15354000000.000000,16000000.000000,96000000.000000,0.000000,24.104000
MRT,2023-03-31,2023-03-31,2023-03-31,2023-Q1,6657000000.000000,79681744654.000000,2025-05-01,-30000000.000000,20018000000.000000,17797929000.000000,18869000000.000000,1149000000.000000,0.489000,8.345000,6000000.000000,8166000000.000000,8166000000.000000,1564000000.000000,2029000000.000000,1.545000,2.783000,2288000000.000000,0.000000,2288000000.000000,2288000000.000000,2172000000.000000,63000000.000000,0.000000,0.000000,0.000000,2121000000.000000,2184000000.000000,0.251000,2184000000.000000,2121000000.000000,2127000000.000000,3.170000,3.010000,3.170000,5291000000.000000,5409040250.000000,5291000000.000000,74644744654.000000,35.000000,34.178000,3821000000.000000,6.027000,1.000000,7144000000.000000,0.820000,682000000.000000,-6000000.000000,1246000000.000000,1836806000.000000,0.000000,2428000000.000000,2428000000.000000,0.000000,14727000000.000000,12212000000.000000,2515000000.000000,2933000000.000000,0.000000,-1900000000.000000,0.000000,0.000000,-607000000.000000,-14000000.000000,10000000.000000,3815000000.000000,-261000000.000000,2029000000.000000,2029000000.000000,2029000000.000000,0.000000,0.000000,0.233000,5342000000.000000,1802000000.000000,7921000000.000000,0.000000,15.060000,39.271000,39.243000,260000000.000000,0.000000,124.400000,9.150000,9.057000,7760000000.000000,-6341000000.000000,8708000000.000000,8708000000.000000,1559000000.000000,0.114000,0.375000,1.155000,0.244000,975000000.000000,2604000000.000000,1.000000,640528494.000000,634000000.000000,670000000.000000,13.735000,19336000000.000000,0.000000,98000000.000000,0.000000,30.498000
MRT,2023-06-30,2023-06-30,2023-06-30,2023-Q2,6428000000.000000,81952522298.000000,2025-05-01,-33000000.000000,21188000000.000000,18330147500.000000,20052000000.000000,1136000000.000000,0.496000,7.967000,11000000.000000,7905000000.000000,7905000000.000000,1606000000.000000,2300000000.000000,1.472000,3.188000,2274000000.000000,0.000000,2274000000.000000,2274000000.000000,2347000000.000000,46000000.000000,0.000000,0.000000,0.000000,2406000000.000000,2452000000.000000,0.270000,2452000000.000000,2406000000.000000,2420000000.000000,3.600000,3.430000,3.600000,5059000000.000000,5362534000.000000,5059000000.000000,76074522298.000000,32.000000,31.025000,3934000000.000000,6.195000,1.000000,7482000000.000000,0.823000,679000000.000000,-14000000.000000,1254000000.000000,1748139500.000000,0.000000,2435000000.000000,2435000000.000000,0.000000,16129000000.000000,13624000000.000000,2505000000.000000,1739000000.000000,0.000000,-2394000000.000000,0.000000,0.000000,-1885000000.000000,-402000000.000000,-374000000.000000,3923000000.000000,103000000.000000,2300000000.000000,2300000000.000000,2300000000.000000,0.000000,0.000000,0.253000,5526000000.000000,1956000000.000000,9244000000.000000,0.000000,16.199000,35.632000,35.600000,263000000.000000,0.000000,128.160000,9.018000,8.955000,9144000000.000000,-6198000000.000000,9088000000.000000,9088000000.000000,1635000000.000000,0.125000,0.429000,1.376000,0.265000,1032000000.000000,2742000000.000000,1.000000,639454762.000000,635000000.000000,665000000.000000,14.312000,20509000000.000000,0.000000,120000000.000000,0.000000,32.298000
MRT,2023-09-30,2023-09-30,2023-09-30,2023-Q3,7702000000.000000,88813787147.000000,2025-05-01,-5000000.000000,21439000000.000000,19670750000.000000,17523000000.000000,3916000000.000000,0.488000,14.255000,17000000.000000,8175000000.000000,8175000000.000000,1664000000.000000,5460000000.000000,1.784000,1.350000,2255000000.000000,0.000000,2255000000.000000,2255000000.000000,1467000000.000000,41000000.000000,0.000000,0.000000,0.000000,2810000000.000000,2851000000.000000,0.297000,2851000000.000000,2810000000.000000,2829000000.000000,8.530000,8.270000,8.530000,9123000000.000000,6258250000.000000,9123000000.000000,83182787147.000000,30.000000,29.177000,4301000000.000000,6.720000,1.000000,7937000000.000000,0.827000,676000000.000000,-19000000.000000,5022000000.000000,2450500000.000000,0.000000,2787000000.000000,2787000000.000000,0.000000,12316000000.000000,9821000000.000000,2495000000.000000,1829000000.000000,0.000000,-1883000000.000000,0.000000,0.000000,-2023000000.000000,-710000000.000000,-672000000.000000,4284000000.000000,278000000.000000,5460000000.000000,5460000000.000000,5460000000.000000,0.000000,0.000000,0.569000,5688000000.000000,2249000000.000000,6149000000.000000,0.000000,9.735000,16.266000,16.086000,270000000.000000,0.000000,137.210000,9.250000,9.146000,5986000000.000000,-2324000000.000000,9601000000.000000,9601000000.000000,1688000000.000000,0.278000,0.872000,1.147000,0.293000,1084000000.000000,2825000000.000000,1.000000,647283632.000000,640000000.000000,660000000.000000,15.002000,20763000000.000000,2775000000.000000,-2631000000.000000,0.000000,32.442000
MRT,2023-12-31,2023-12-31,2023-12-31,2023-Q4,6559000000.000000,88278357352.000000,2025-05-01,-49000000.000000,20645000000.000000,20822500000.000000,16509000000.000000,4136000000.000000,0.476000,12.818000,0.000000,6874000000.000000,6874000000.000000,1703000000.000000,4792000000.000000,1.659000,1.528000,1991000000.000000,0.000000,1991000000.000000,1991000000.000000,1427000000.000000,44000000.000000,0.000000,0.000000,0.000000,2102000000.000000,2146000000.000000,0.216000,2146000000.000000,2102000000.000000,2102000000.000000,7.520000,7.240000,7.520000,8165000000.000000,6909500000.000000,8165000000.000000,82358357352.000000,39.000000,38.378000,3884000000.000000,6.097000,1.000000,8214000000.000000,0.828000,792000000.000000,0.000000,5020000000.000000,3135500000.000000,0.000000,3197000000.000000,3197000000.000000,0.000000,12480000000.000000,9950000000.000000,2530000000.000000,564000000.000000,0.000000,-2142000000.000000,0.000000,0.000000,-2430000000.000000,-1042000000.000000,-928000000.000000,3884000000.000000,152000000.000000,4792000000.000000,4792000000.000000,4792000000.000000,0.000000,0.000000,0.483000,6696000000.000000,1518000000.000000,5869000000.000000,0.000000,10.812000,18.422000,18.104000,0.000000,0.000000,136.140000,8.902000,8.745000,5869000000.000000,-3425000000.000000,9917000000.000000,9917000000.000000,1722000000.000000,0.230000,0.694000,0.670000,0.212000,1120000000.000000,3788000000.000000,1.000000,648438059.000000,637000000.000000,662000000.000000,15.568000,19853000000.000000,2881000000.000000,-2690000000.000000,0.000000,31.166000
MRT,2024-03-31,2024-03-31,2024-03-31,2024-Q1,6254000000.000000,106739787798.000000,2025-05-01,-9000000.000000,24537000000.000000,21952250000.000000,20393000000.000000,4144000000.000000,0.467000,12.376000,0.000000,7829000000.000000,7829000000.000000,1755000000.000000,4939000000.000000,1.442000,2.108000,1992000000.000000,0.000000,1992000000.000000,1992000000.000000,2434000000.000000,47000000.000000,0.000000,0.000000,0.000000,2265000000.000000,2312000000.000000,0.226000,2312000000.000000,2265000000.000000,2265000000.000000,7.700000,7.520000,7.700000,7896000000.000000,7560750000.000000,7896000000.000000,102108787798.000000,45.000000,44.165000,4220000000.000000,6.614000,1.000000,8486000000.000000,0.829000,786000000.000000,0.000000,3775000000.000000,3767750000.000000,0.000000,3264000000.000000,3264000000.000000,0.000000,16641000000.000000,14139000000.000000,2502000000.000000,657000000.000000,0.000000,-2370000000.000000,0.000000,0.000000,-2582000000.000000,-943000000.000000,-821000000.000000,4220000000.000000,-38000000.000000,4939000000.000000,4939000000.000000,4939000000.000000,0.000000,0.000000,0.482000,6862000000.000000,1624000000.000000,8737000000.000000,0.000000,13.518000,21.612000,21.423000,0.000000,0.000000,164.960000,10.423000,10.277000,8737000000.000000,-3914000000.000000,10241000000.000000,10241000000.000000,1777000000.000000,0.225000,0.653000,0.601000,0.221000,1175000000.000000,3896000000.000000,1.000000,647064669.000000,638000000.000000,654000000.000000,16.052000,23751000000.000000,2886000000.000000,-2674000000.000000,0.000000,37.227000
MRT,2024-06-30,2024-06-30,2024-06-30,2024-Q2,6424000000.000000,97656363668.000000,2025-05-01,-5000000.000000,26320000000.000000,23235250000.000000,22252000000.000000,4068000000.000000,0.452000,12.602000,0.000000,7882000000.000000,7882000000.000000,1829000000.000000,4844000000.000000,1.406000,2.289000,1993000000.000000,0.000000,1993000000.000000,1993000000.000000,2621000000.000000,52000000.000000,0.000000,0.000000,0.000000,2270000000.000000,2322000000.000000,0.221000,2322000000.000000,2270000000.000000,2270000000.000000,7.550000,7.400000,7.550000,8002000000.000000,8296500000.000000,8002000000.000000,91819363668.000000,40.000000,39.543000,4362000000.000000,6.869000,1.000000,8676000000.000000,0.826000,783000000.000000,0.000000,3820000000.000000,4409250000.000000,0.000000,3369000000.000000,3369000000.000000,0.000000,18318000000.000000,15828000000.000000,2490000000.000000,1209000000.000000,0.000000,-2596000000.000000,0.000000,0.000000,-1938000000.000000,-1033000000.000000,-912000000.000000,4362000000.000000,-182000000.000000,4844000000.000000,4844000000.000000,4844000000.000000,0.000000,0.000000,0.461000,7078000000.000000,1598000000.000000,10342000000.000000,0.000000,12.204000,20.160000,20.083000,0.000000,0.000000,151.630000,9.296000,9.166000,10342000000.000000,-4109000000.000000,10505000000.000000,10505000000.000000,1845000000.000000,0.208000,0.584000,0.515000,0.216000,1253000000.000000,4023000000.000000,1.000000,644043815.000000,635000000.000000,649000000.000000,16.543000,25537000000.000000,2825000000.000000,-2574000000.000000,0.000000,40.216000
MRT,2024-09-30,2024-09-30,2024-09-30,2024-Q3,6983000000.000000,81364271597.000000,2025-05-01,-47000000.000000,22172000000.000000,23418500000.000000,18319000000.000000,3853000000.000000,0.463000,13.452000,0.000000,7670000000.000000,7670000000.000000,1835000000.000000,1838000000.000000,1.616000,1.612000,1994000000.000000,0.000000,1994000000.000000,1994000000.000000,1657000000.000000,59000000.000000,0.000000,0.000000,0.000000,2326000000.000000,2385000000.000000,0.220000,2385000000.000000,2326000000.000000,2326000000.000000,2.890000,2.900000,2.890000,8488000000.000000,8137750000.000000,8488000000.000000,75475271597.000000,32.000000,31.646000,4115000000.000000,6.521000,1.000000,9005000000.000000,0.831000,783000000.000000,0.000000,4377000000.000000,4248000000.000000,0.000000,3583000000.000000,3583000000.000000,0.000000,13684000000.000000,11336000000.000000,2348000000.000000,110000000.000000,0.000000,-3195000000.000000,0.000000,0.000000,-3413000000.000000,-871000000.000000,-761000000.000000,4115000000.000000,279000000.000000,1838000000.000000,1838000000.000000,1838000000.000000,0.000000,0.000000,0.170000,7378000000.000000,1627000000.000000,6573000000.000000,0.000000,9.586000,44.268000,43.879000,0.000000,0.000000,126.810000,7.506000,7.382000,6573000000.000000,-3843000000.000000,10840000000.000000,10840000000.000000,1950000000.000000,0.078000,0.226000,0.548000,0.215000,1329000000.000000,4165000000.000000,1.000000,641623465.000000,631000000.000000,642000000.000000,17.179000,21389000000.000000,2601000000.000000,488000000.000000,0.000000,33.897000
MRT,2024-12-31,2024-12-31,2024-12-31,2024-Q4,7019000000.000000,83310213212.000000,2025-05-01,35000000.000000,20959000000.000000,23497000000.000000,17180000000.000000,3779000000.000000,0.472000,13.310000,0.000000,6864000000.000000,6864000000.000000,1878000000.000000,2648000000.000000,1.691000,1.492000,1995000000.000000,0.000000,1995000000.000000,1995000000.000000,1616000000.000000,65000000.000000,0.000000,0.000000,0.000000,3331000000.000000,3396000000.000000,0.306000,3396000000.000000,3331000000.000000,3331000000.000000,4.190000,4.110000,4.190000,8412000000.000000,8199500000.000000,8412000000.000000,77634213212.000000,23.000000,22.860000,4518000000.000000,7.149000,1.000000,9224000000.000000,0.831000,777000000.000000,0.000000,5152000000.000000,4281000000.000000,0.000000,3747000000.000000,3747000000.000000,0.000000,12547000000.000000,10161000000.000000,2386000000.000000,93000000.000000,0.000000,-3262000000.000000,0.000000,0.000000,-3572000000.000000,-616000000.000000,-541000000.000000,4518000000.000000,-237000000.000000,2648000000.000000,2648000000.000000,2648000000.000000,0.000000,0.000000,0.239000,6671000000.000000,2553000000.000000,5931000000.000000,0.000000,9.904000,31.462000,31.363000,0.000000,0.000000,131.410000,7.504000,7.481000,5931000000.000000,-4225000000.000000,11102000000.000000,11102000000.000000,2056000000.000000,0.113000,0.323000,0.778000,0.300000,1407000000.000000,3333000000.000000,1.000000,633971640.000000,632000000.000000,645000000.000000,17.566000,20182000000.000000,2439000000.000000,683000000.000000,0.000000,31.934000
MRT,2025-03-31,2025-03-31,2025-03-31,2025-Q1,4565000000.000000,75324260497.000000,2025-05-01,-21000000.000000,25056000000.000000,23626750000.000000,21295000000.000000,3761000000.000000,0.475000,12.781000,0.000000,7600000000.000000,7600000000.000000,1904000000.000000,2538000000.000000,1.273000,2.157000,1996000000.000000,1996000000.000000,0.000000,1996000000.000000,2723000000.000000,76000000.000000,0.000000,0.000000,0.000000,3211000000.000000,3287000000.000000,0.293000,3287000000.000000,3211000000.000000,3211000000.000000,4.030000,3.960000,4.030000,7937000000.000000,8209750000.000000,7937000000.000000,70455260497.000000,22.000000,21.435000,4384000000.000000,7.060000,1.000000,9328000000.000000,0.830000,775000000.000000,0.000000,1947000000.000000,3824000000.000000,0.000000,3892000000.000000,3892000000.000000,0.000000,17119000000.000000,16730000000.000000,389000000.000000,221000000.000000,0.000000,-3335000000.000000,0.000000,0.000000,-3561000000.000000,-683000000.000000,-614000000.000000,4384000000.000000,81000000.000000,2538000000.000000,2538000000.000000,2538000000.000000,0.000000,0.000000,0.226000,6838000000.000000,2490000000.000000,9175000000.000000,0.000000,9.490000,29.679000,29.643000,0.000000,0.000000,119.460000,6.706000,6.605000,9175000000.000000,-4883000000.000000,11232000000.000000,11232000000.000000,2149000000.000000,0.107000,0.309000,0.840000,0.286000,1470000000.000000,3389000000.000000,1.000000,630539599.000000,621000000.000000,632000000.000000,18.087000,24281000000.000000,2459000000.000000,673000000.000000,0.000000,39.100000
MRY,2017-12-31,2017-12-31,2017-12-31,2017-FY,,,2025-05-01,,,,,,,,-100204000.000000,,,647690000.000000,-70046000.000000,,,,,,,,79342000.000000,,,0.000000,-42696000.000000,36646000.000000,0.014000,36646000.000000,-42696000.000000,-59099000.000000,-0.270000,-0.270000,-0.270000,,,,,,,151021000.000000,0.592000,1.000000,1914031000.000000,0.747000,,16403000.000000,,,,,,,,,,362407000.000000,-172649000.000000,1007000.000000,0.000000,0.000000,672954000.000000,-788944000.000000,-516091000.000000,251225000.000000,227172000.000000,-70046000.000000,-70046000.000000,-70046000.000000,0.000000,0.000000,-0.027000,1995393000.000000,-81362000.000000,,0.000000,,,,,0.000000,,,,,,2561721000.000000,2561721000.000000,400749000.000000,,,,-0.017000,38357000.000000,1198905000.000000,1.000000,,255006000.000000,255006000.000000,10.046000,,,10947000.000000,,
MRY,2018-12-31,2018-12-31,2018-12-31,2018-FY,2138522000.000000,,2025-05-01,-7912000.000000,6613089000.000000,,5874532000.000000,738557000.000000,,-2.018000,-90624000.000000,2140877000.000000,2140877000.000000,864032000.000000,-16860000.000000,1.572000,-7.537000,0.000000,0.000000,0.000000,0.000000,496239000.000000,82401000.000000,0.000000,,0.000000,73176000.000000,155577000.000000,0.043000,155577000.000000,73176000.000000,47033000.000000,-0.070000,-0.070000,-0.070000,-517308000.000000,,-517308000.000000,,,,504933000.000000,1.970000,1.000000,2787953000.000000,0.763000,318617000.000000,26143000.000000,417585000.000000,,0.000000,1188431000.000000,1188431000.000000,0.000000,3898895000.000000,3736010000.000000,162885000.000000,-91017000.000000,-31300000.000000,16043000.000000,0.000000,0.000000,140516000.000000,-668171000.000000,-542957000.000000,595557000.000000,-158919000.000000,-16860000.000000,-16860000.000000,-16860000.000000,0.000000,0.000000,-0.005000,2769209000.000000,18744000.000000,2375641000.000000,0.000000,,,,309408000.000000,0.000000,,,,2305011000.000000,-768888000.000000,3651985000.000000,3651985000.000000,579193000.000000,,,,0.020000,53893000.000000,1580814000.000000,1.000000,,256326000.000000,256326000.000000,14.247000,6294472000.000000,0.000000,63893000.000000,0.000000,24.557000
MRY,2019-12-31,2019-12-31,2019-12-31,2019-FY,1327679000.000000,,2025-05-01,-4410000.000000,8310119000.000000,7461604000.000000,6561443000.000000,1748676000.000000,0.644000,-3.100000,-125452000.000000,2013662000.000000,2013662000.000000,1196313000.000000,-674339000.000000,1.254000,-7.288000,419396000.000000,38022000.000000,381374000.000000,419396000.000000,674788000.000000,114162000.000000,0.000000,,0.000000,-401735000.000000,-287573000.000000,-0.060000,-287573000.000000,-401735000.000000,-411703000.000000,-2.590000,-2.590000,-2.590000,-807685000.000000,-662496500.000000,-807685000.000000,,,,97275000.000000,0.373000,1.000000,3608926000.000000,0.751000,755000000.000000,9968000.000000,727089000.000000,572337000.000000,0.000000,1060726000.000000,1060726000.000000,0.000000,5886302000.000000,5233764000.000000,652538000.000000,704867000.000000,-192116000.000000,5873000.000000,0.000000,0.000000,854579000.000000,-347155000.000000,-63252000.000000,222727000.000000,-25284000.000000,-674339000.000000,-674339000.000000,-674339000.000000,0.000000,0.000000,-0.140000,4110469000.000000,-501543000.000000,3296874000.000000,0.000000,,,,686867000.000000,0.000000,,,,3145457000.000000,-1420991000.000000,4805239000.000000,4805239000.000000,976695000.000000,-0.090000,1.018000,-0.702000,-0.084000,97547000.000000,2318700000.000000,1.000000,,260556000.000000,260556000.000000,18.442000,7555119000.000000,0.000000,262636000.000000,0.000000,28.996000
MRY,2020-12-31,2020-12-31,2020-12-31,2020-FY,3776607000.000000,87705403247.000000,2025-05-01,2639000.000000,10491499000.000000,10491499000.000000,8916386000.000000,1575113000.000000,0.322000,10.218000,-37000000.000000,5514403000.000000,5514403000.000000,876000000.000000,-4585000000.000000,1.735000,2.616000,2303053000.000000,56586000.000000,2246467000.000000,2303053000.000000,407895000.000000,126000000.000000,0.000000,0.000000,0.000000,-4510000000.000000,-4384000000.000000,-1.298000,-4384000000.000000,-4510000000.000000,-4682000000.000000,-16.120000,-16.120000,-16.120000,2901783000.000000,2901783000.000000,2901783000.000000,87239477247.000000,-19.000000,-19.900000,-777000000.000000,-2.736000,1.000000,2502000000.000000,0.741000,731687000.000000,172000000.000000,1408683000.000000,1408683000.000000,0.000000,910700000.000000,910700000.000000,0.000000,7589716000.000000,5139779000.000000,2449937000.000000,2525000000.000000,0.000000,3666000000.000000,1924000000.000000,0.000000,3051000000.000000,80000000.000000,125000000.000000,-740000000.000000,134000000.000000,-4585000000.000000,-4585000000.000000,-4585000000.000000,0.000000,0.000000,-1.357000,6092000000.000000,-3590000000.000000,2261227000.000000,0.000000,30.225000,-19.129000,-9.107000,654262000.000000,0.000000,146.800000,25.964000,12.342000,2181329000.000000,-6005707000.000000,3378000000.000000,3378000000.000000,2753000000.000000,-0.437000,-1.580000,-3.202000,-1.335000,3003000000.000000,2310000000.000000,1.000000,597448251.000000,284000000.000000,284000000.000000,11.894000,9759812000.000000,0.000000,-97000000.000000,0.000000,34.366000
MRY,2021-12-31,2021-12-31,2021-12-31,2021-FY,6027000000.000000,105785902456.000000,2025-05-01,-7000000.000000,13708000000.000000,14120821750.000000,12386000000.000000,1322000000.000000,0.424000,7.752000,0.000000,6067000000.000000,6067000000.000000,1156000000.000000,-352000000.000000,1.948000,1.871000,2418000000.000000,63000000.000000,2355000000.000000,2418000000.000000,904000000.000000,138000000.000000,0.000000,0.000000,0.000000,138000000.000000,276000000.000000,0.046000,276000000.000000,138000000.000000,-300000000.000000,-0.570000,-0.570000,-0.570000,4775000000.000000,4348212000.000000,4775000000.000000,102207438456.000000,741.000000,370.317000,2313000000.000000,3.755000,1.000000,4836000000.000000,0.807000,705000000.000000,438000000.000000,2995000000.000000,2683685000.000000,0.000000,2255000000.000000,2255000000.000000,0.000000,8933000000.000000,6359000000.000000,2574000000.000000,2059000000.000000,0.000000,189000000.000000,-329000000.000000,0.000000,1308000000.000000,-1352000000.000000,-1327000000.000000,2313000000.000000,-210000000.000000,-352000000.000000,-352000000.000000,-352000000.000000,0.000000,0.000000,-0.059000,4407000000.000000,429000000.000000,3833000000.000000,0.000000,22.154000,-300.528000,-292.088000,429000000.000000,0.000000,166.490000,17.655000,17.116000,3715000000.000000,-6358000000.000000,5992000000.000000,5992000000.000000,1425000000.000000,-0.025000,-0.081000,0.051000,0.023000,899000000.000000,2022000000.000000,1.000000,635388927.000000,616000000.000000,616000000.000000,9.727000,13003000000.000000,0.000000,52000000.000000,0.000000,21.109000
MRY,2022-12-31,2022-12-31,2022-12-31,2022-FY,6883000000.000000,54923249146.000000,2025-05-01,-32000000.000000,16038000000.000000,17060539500.000000,14861000000.000000,1177000000.000000,0.492000,8.728000,0.000000,7378000000.000000,7378000000.000000,1499000000.000000,1893000000.000000,1.863000,1.885000,2282000000.000000,0.000000,2282000000.000000,2282000000.000000,1182000000.000000,81000000.000000,0.000000,0.000000,0.000000,1989000000.000000,2070000000.000000,0.246000,2070000000.000000,1989000000.000000,1989000000.000000,2.970000,2.790000,2.970000,5560000000.000000,5270644250.000000,5560000000.000000,49759225146.000000,25.000000,24.038000,3430000000.000000,5.385000,1.000000,6900000000.000000,0.822000,684000000.000000,0.000000,2280000000.000000,2050490500.000000,0.000000,2244000000.000000,2244000000.000000,0.000000,10478000000.000000,7978000000.000000,2500000000.000000,2376000000.000000,0.000000,-1412000000.000000,0.000000,0.000000,-689000000.000000,-28000000.000000,-1000000.000000,3430000000.000000,-337000000.000000,1893000000.000000,1893000000.000000,1893000000.000000,0.000000,0.000000,0.225000,5098000000.000000,1802000000.000000,4783000000.000000,0.000000,9.878000,29.014000,28.788000,0.000000,0.000000,85.500000,6.539000,6.485000,4783000000.000000,-5965000000.000000,8399000000.000000,8399000000.000000,1502000000.000000,0.111000,0.359000,0.970000,0.237000,930000000.000000,2466000000.000000,1.000000,642377183.000000,637000000.000000,680000000.000000,13.185000,15354000000.000000,16000000.000000,96000000.000000,0.000000,24.104000
MRY,2023-12-31,2023-12-31,2023-12-31,2023-FY,6559000000.000000,88278357352.000000,2025-05-01,-49000000.000000,20645000000.000000,20822500000.000000,16509000000.000000,4136000000.000000,0.476000,12.818000,0.000000,6874000000.000000,6874000000.000000,1703000000.000000,4792000000.000000,1.659000,1.528000,1991000000.000000,0.000000,1991000000.000000,1991000000.000000,1427000000.000000,44000000.000000,0.000000,0.000000,0.000000,2102000000.000000,2146000000.000000,0.216000,2146000000.000000,2102000000.000000,2102000000.000000,7.520000,7.240000,7.520000,8165000000.000000,6909500000.000000,8165000000.000000,82358357352.000000,39.000000,38.378000,3884000000.000000,6.097000,1.000000,8214000000.000000,0.828000,792000000.000000,0.000000,5020000000.000000,3135500000.000000,0.000000,3197000000.000000,3197000000.000000,0.000000,12480000000.000000,9950000000.000000,2530000000.000000,564000000.000000,0.000000,-2142000000.000000,0.000000,0.000000,-2430000000.000000,-1042000000.000000,-928000000.000000,3884000000.000000,152000000.000000,4792000000.000000,4792000000.000000,4792000000.000000,0.000000,0.000000,0.483000,6696000000.000000,1518000000.000000,5869000000.000000,0.000000,10.812000,18.422000,18.104000,0.000000,0.000000,136.140000,8.902000,8.745000,5869000000.000000,-3425000000.000000,9917000000.000000,9917000000.000000,1722000000.000000,0.230000,0.694000,0.670000,0.212000,1120000000.000000,3788000000.000000,1.000000,648438059.000000,637000000.000000,662000000.000000,15.568000,19853000000.000000,2881000000.000000,-2690000000.000000,0.000000,31.166000
MRY,2024-12-31,2024-12-31,2024-12-31,2024-FY,7019000000.000000,83310213212.000000,2025-05-01,35000000.000000,20959000000.000000,23497000000.000000,17180000000.000000,3779000000.000000,0.472000,13.310000,0.000000,6864000000.000000,6864000000.000000,1878000000.000000,2648000000.000000,1.691000,1.492000,1995000000.000000,0.000000,1995000000.000000,1995000000.000000,1616000000.000000,65000000.000000,0.000000,0.000000,0.000000,3331000000.000000,3396000000.000000,0.306000,3396000000.000000,3331000000.000000,3331000000.000000,4.190000,4.110000,4.190000,8412000000.000000,8199500000.000000,8412000000.000000,77634213212.000000,23.000000,22.860000,4518000000.000000,7.149000,1.000000,9224000000.000000,0.831000,777000000.000000,0.000000,5152000000.000000,4281000000.000000,0.000000,3747000000.000000,3747000000.000000,0.000000,12547000000.000000,10161000000.000000,2386000000.000000,93000000.000000,0.000000,-3262000000.000000,0.000000,0.000000,-3572000000.000000,-616000000.000000,-541000000.000000,4518000000.000000,-237000000.000000,2648000000.000000,2648000000.000000,2648000000.000000,0.000000,0.000000,0.239000,6671000000.000000,2553000000.000000,5931000000.000000,0.000000,9.904000,31.462000,31.363000,0.000000,0.000000,131.410000,7.504000,7.481000,5931000000.000000,-4225000000.000000,11102000000.000000,11102000000.000000,2056000000.000000,0.113000,0.323000,0.778000,0.300000,1407000000.000000,3333000000.000000,1.000000,633971640.000000,632000000.000000,645000000.000000,17.566000,20182000000.000000,2439000000.000000,683000000.000000,0.000000,31.934000
